{"host":"d2y4rmbezebiv8aj","time":1612426647,"event":{"mods":["AchievementEnabler","BaseMod","Bestiary","BetterRewards","Colored Map","Colored Powertips","Custom Start","Highlight Path","Minty Spire (QoL Compilation)","Quick Restart","Rare Cards Sparkle","Relic Sorter","Relic Stats","Shop Mod","Slay-I","StSLib","SuperFastMode"],"gold_per_floor":[64,64,84,359,375,406,406,424,424,439,457,486,661,680,680,781,781,800,800,811,811,257,257,276,295,295,327,101,101,133,153,153,254,254,265,265,99,99,116,116,147,147,147,178,196,215,215,45,45,45],"floor_reached":51,"language":"DEU","playtime":1905,"items_purged":["Doubt","Writhe"],"score":1576,"play_id":"57a1b7a0-6445-4a21-8d24-57159e842de8","local_time":"20210204091727","is_ascension_mode":true,"campfire_choices":[{"floor":7.0,"key":"REST"},{"floor":15.0,"key":"REST"},{"data":"Envenom","floor":23.0,"key":"SMITH"},{"data":"Footwork","floor":29.0,"key":"SMITH"},{"data":"Accuracy","floor":32.0,"key":"SMITH"},{"data":"Accuracy","floor":40.0,"key":"SMITH"},{"data":"Infinite Blades","floor":42.0,"key":"SMITH"},{"data":"Caltrops","floor":49,"key":"SMITH"}],"circlet_count":0,"master_deck":["AscendersBane","Strike_G","Strike_G","Strike_G","Strike_G","Strike_G","Defend_G","Defend_G","Defend_G","Defend_G","Defend_G","Survivor","Neutralize","Infinite Blades+1","Sucker Punch","Blade Dance+1","Terror+1","Footwork+1","Dodge and Roll+1","Dagger Spray","Flying Knee","PiercingWail+1","Backflip+1","Calculated Gamble+1","Storm of Steel+1","Prepared+1","Night Terror+1","CurseOfTheBell","PiercingWail+1","Dramatic Entrance","Sucker Punch","Envenom+1","Prepared+1","Caltrops","Accuracy+1","Die Die Die","Backflip+1","Accuracy+1","Endless Agony+1","Blade Dance+1","Caltrops+1"],"relics":["Ring of the Snake","Toxic Egg 2","ClockworkSouvenir","Ninja Scroll","Bird Faced Urn","Darkstone Periapt","Shuriken","Calling Bell","Orichalcum","Meat on the Bone","Pocketwatch","Ginger","Anchor","Eternal Feather","Bronze Scales","Potion Belt","Black Star","Snake Skull","Juzu Bracelet","Sundial","Ancient Tea Set","Happy Flower"],"acts_visited":["Exordium","TheCity","TheBeyond"],"potions_floor_usage":[46,50],"damage_taken":[{"damage":0.0,"enemies":"Jaw Worm","floor":1.0,"turns":3.0},{"damage":0.0,"enemies":"2 Louse","floor":3.0,"turns":3.0},{"damage":0.0,"enemies":"Cultist","floor":5.0,"turns":1.0},{"damage":19.0,"enemies":"Gremlin Nob","floor":6.0,"turns":5.0},{"damage":2.0,"enemies":"Large Slime","floor":8.0,"turns":5.0},{"damage":5.0,"enemies":"2 Fungi Beasts","floor":10.0,"turns":3.0},{"damage":6.0,"enemies":"Blue Slaver","floor":11.0,"turns":3.0},{"damage":29.0,"enemies":"3 Sentries","floor":12.0,"turns":7.0},{"damage":0.0,"enemies":"Large Slime","floor":14.0,"turns":5.0},{"damage":3.0,"enemies":"Slime Boss","floor":16.0,"turns":8.0},{"damage":0.0,"enemies":"Spheric Guardian","floor":18.0,"turns":2.0},{"damage":1.0,"enemies":"Chosen","floor":20.0,"turns":4.0},{"damage":18.0,"enemies":"Snake Plant","floor":24.0,"turns":5.0},{"damage":5.0,"enemies":"3 Cultists","floor":25.0,"turns":5.0},{"damage":10.0,"enemies":"Slavers","floor":27.0,"turns":7.0},{"damage":15.0,"enemies":"Book of Stabbing","floor":30.0,"turns":5.0},{"damage":0.0,"enemies":"Cultist and Chosen","floor":31.0,"turns":4.0},{"damage":34.0,"enemies":"Automaton","floor":33.0,"turns":10.0},{"damage":19.0,"enemies":"3 Shapes","floor":35.0,"turns":10.0},{"damage":18.0,"enemies":"Orb Walker","floor":39.0,"turns":5.0},{"damage":28.0,"enemies":"Giant Head","floor":41.0,"turns":6.0},{"damage":44.0,"enemies":"Reptomancer","floor":44.0,"turns":4.0},{"damage":9.0,"enemies":"4 Shapes","floor":45.0,"turns":3.0},{"damage":13,"enemies":"Maw","floor":46,"turns":7},{"damage":60,"enemies":"Donu and Deca","floor":50,"turns":7}],"seed_played":"813237887304653274","potions_obtained":[{"floor":1.0,"key":"Ancient Potion"},{"floor":12.0,"key":"DistilledChaos"},{"floor":16.0,"key":"SteroidPotion"},{"floor":30.0,"key":"SkillPotion"},{"floor":31.0,"key":"DuplicationPotion"},{"floor":35.0,"key":"DistilledChaos"},{"floor":39.0,"key":"LiquidMemories"},{"floor":45.0,"key":"DuplicationPotion"}],"is_trial":false,"path_per_floor":["M","?","M","?","M","E","R","M","T","M","M","E","?","M","R","B",null,"M","?","M","?","$","R","M","M","T","E","$","R","E","M","R","B",null,"M","?","$","?","M","R","E","R","T","E","M","M","?","$","R","B",null],"character_chosen":"THE_SILENT","items_purchased":["Infinite Blades","Sucker Punch","Toxic Egg 2","Blade Dance+1","ClockworkSouvenir","Terror+1","Footwork","Dodge and Roll+1","Ninja Scroll","Dramatic Entrance","Sucker Punch","Ginger","Envenom","Caltrops","Bronze Scales","Backflip+1","Accuracy","Caltrops"],"campfire_rested":2,"item_purchase_floors":[0,0,0,0,0,0,0,0,0,22,22,22,22,28,28,37,37,48],"current_hp_per_floor":[35,35,35,35,35,16,37,39,39,36,34,9,15,19,41,42,74,74,74,75,75,75,75,59,60,60,56,56,77,69,77,82,50,74,63,63,63,88,76,88,65,86,86,48,55,52,52,52,76,42],"gold":45,"neow_bonus":"","is_daily":false,"chose_seed":false,"campfire_upgraded":6,"win_rate":0.0,"timestamp":1612426647,"path_taken":["M","?","M","?","M","E","R","M","T","?","M","E","?","M","R","BOSS","M","?","M","?","$","R","M","M","T","E","$","R","E","M","R","BOSS","M","?","$","?","M","R","E","R","T","E","M","M","?","$","R","BOSS"],"items_purchased_type":["Card","Card","Relic","Card","Relic","Card","Card","Card","Relic","Card","Card","Relic","Card","Card","Relic","Card","Card","Card"],"build_version":"2020-12-22","purchased_purges":2,"victory":true,"max_hp_per_floor":[70,70,70,70,70,70,70,70,70,70,70,70,76,76,76,76,82,82,82,82,82,82,82,82,82,82,82,82,82,82,82,82,82,82,82,82,82,88,88,88,88,88,88,88,88,88,88,88,88,88],"relic_stats":{"Darkstone Periapt":18,"Happy Flower":[28],"counters":[102,473],"Eternal Feather":184,"Snake Skull":[36],"Juzu Bracelet":0,"Ginger":[14],"Orichalcum":[108],"Shuriken":[92],"Sundial":[0],"Bird Faced Urn":[108],"Bronze Scales":[430],"Black Star":5,"obtain_stats":[{"TwistedFunnel":12,"Gremlin Horn":17,"Nilry\u0027s Codex":20,"Vajra":43,"Ginger":22,"Boot":10,"Blood Vial":7,"DollysMirror":25,"Sundial":43,"Philosopher\u0027s Stone":17,"Kunai":25,"Toxic Egg 2":0,"Happy Flower":26,"Dead Branch":0,"Oddly Smooth Stone":17,"Eternal Feather":8,"Paper Crane":29,"Question Card":40,"SlaversCollar":34,"Shuriken":43,"Bronze Scales":11,"Bird Faced Urn":6,"Black Star":34,"Ring of the Serpent":34,"Meat on the Bone":28,"Pocketwatch":17,"Darkstone Periapt":9,"Regal Pillow":21,"Lantern":46,"Singing Bowl":13,"Snake Skull":15,"Juzu Bracelet":23,"Smiling Mask":19,"Empty Cage":17,"Ancient Tea Set":44,"ClockworkSouvenir":0,"Nunchaku":27,"Dream Catcher":26,"Shovel":0,"Mummified Hand":28,"Ninja Scroll":0,"Toolbox":14,"Tiny Chest":26,"InkBottle":6,"Ring of the Snake":0,"Potion Belt":30,"NeowsBlessing":0,"The Specimen":17,"PreservedInsect":29,"Omamori":9,"Orichalcum":9,"Calling Bell":17,"Anchor":40,"Ornamental Fan":11,"Membership Card":19},{"TwistedFunnel":47,"Gremlin Horn":28,"Nilry\u0027s Codex":63,"Vajra":39,"Ginger":89,"Boot":46,"Blood Vial":46,"DollysMirror":31,"Sundial":98,"Philosopher\u0027s Stone":9,"Kunai":65,"Toxic Egg 2":77,"Happy Flower":65,"Dead Branch":19,"Oddly Smooth Stone":28,"Eternal Feather":59,"Paper Crane":68,"Question Card":72,"SlaversCollar":17,"Shuriken":73,"Bronze Scales":59,"Bird Faced Urn":81,"Black Star":69,"Ring of the Serpent":34,"Meat on the Bone":32,"Pocketwatch":87,"Darkstone Periapt":82,"Regal Pillow":10,"Lantern":40,"Singing Bowl":60,"Snake Skull":48,"Juzu Bracelet":12,"Smiling Mask":10,"Empty Cage":49,"Ancient Tea Set":99,"ClockworkSouvenir":77,"Nunchaku":14,"Dream Catcher":31,"Shovel":43,"Mummified Hand":32,"Ninja Scroll":43,"Toolbox":60,"Tiny Chest":13,"InkBottle":25,"Ring of the Snake":0,"Potion Belt":93,"NeowsBlessing":0,"The Specimen":28,"PreservedInsect":33,"Omamori":25,"Orichalcum":7,"Calling Bell":28,"Anchor":72,"Ornamental Fan":7,"Membership Card":50},{"TwistedFunnel":194,"Gremlin Horn":127,"Nilry\u0027s Codex":265,"Vajra":171,"Ginger":395,"Boot":193,"Blood Vial":193,"DollysMirror":141,"Sundial":452,"Philosopher\u0027s Stone":26,"Kunai":276,"Toxic Egg 2":346,"Happy Flower":276,"Dead Branch":83,"Oddly Smooth Stone":127,"Eternal Feather":243,"Paper Crane":294,"Question Card":326,"SlaversCollar":67,"Shuriken":332,"Bronze Scales":243,"Bird Faced Urn":358,"Black Star":303,"Ring of the Serpent":154,"Meat on the Bone":143,"Pocketwatch":389,"Darkstone Periapt":363,"Regal Pillow":27,"Lantern":173,"Singing Bowl":247,"Snake Skull":195,"Juzu Bracelet":36,"Smiling Mask":27,"Empty Cage":204,"Ancient Tea Set":456,"ClockworkSouvenir":346,"Nunchaku":47,"Dream Catcher":141,"Shovel":188,"Mummified Hand":143,"Ninja Scroll":188,"Toolbox":247,"Tiny Chest":41,"InkBottle":109,"Ring of the Snake":0,"Potion Belt":417,"NeowsBlessing":0,"The Specimen":127,"PreservedInsect":146,"Omamori":109,"Orichalcum":15,"Calling Bell":127,"Anchor":326,"Ornamental Fan":15,"Membership Card":205}],"Ring of the Snake":[100],"Meat on the Bone":24,"Pocketwatch":[31]},"card_choices":[{"not_picked":["Deflect+1","Slice"],"picked":"Dagger Spray","floor":1.0},{"not_picked":["Dagger Spray","Dagger Throw"],"picked":"Flying Knee","floor":3.0},{"not_picked":["Eviscerate","Riddle With Holes","Heel Hook"],"picked":"SKIP","floor":5.0},{"not_picked":["Finisher","Terror+1"],"picked":"PiercingWail+1","floor":6.0},{"not_picked":["Well Laid Plans","Dagger Spray"],"picked":"Backflip+1","floor":8.0},{"not_picked":["Dagger Spray","Slice"],"picked":"Calculated Gamble+1","floor":10.0},{"not_picked":["Slice","Dodge and Roll+1"],"picked":"Storm of Steel+1","floor":11.0},{"not_picked":["Dagger Spray","Escape Plan+1"],"picked":"Prepared+1","floor":12.0},{"not_picked":["Slice","Prepared+1","Deadly Poison+1"],"picked":"SKIP","floor":14.0},{"not_picked":["A Thousand Cuts","Grand Finale"],"picked":"Night Terror+1","floor":16.0},{"not_picked":["Bouncing Flask+1","Flying Knee"],"picked":"PiercingWail+1","floor":18.0},{"not_picked":["Eviscerate","Dagger Throw","Prepared+1"],"picked":"SKIP","floor":20.0},{"not_picked":["Dagger Spray","Flying Knee+1"],"picked":"Prepared+1","floor":24.0},{"not_picked":["Leg Sweep+1","Eviscerate","Tactician+1"],"picked":"SKIP","floor":25.0},{"not_picked":["Backflip+1","Bouncing Flask+1","Reflex+1"],"picked":"SKIP","floor":27.0},{"not_picked":["PiercingWail+1","Dagger Spray"],"picked":"Accuracy","floor":30.0},{"not_picked":["Terror+1","Eviscerate+1","PiercingWail+1"],"picked":"SKIP","floor":31.0},{"not_picked":["Grand Finale","Corpse Explosion+1"],"picked":"Die Die Die","floor":33.0},{"not_picked":["Bane+1","Dodge and Roll+1","Underhanded Strike"],"picked":"SKIP","floor":35.0},{"not_picked":["Crippling Poison+1","Terror+1","Heel Hook+1"],"picked":"SKIP","floor":39.0},{"not_picked":["Bane","Bouncing Flask+1","Slice"],"picked":"SKIP","floor":41.0},{"not_picked":["Deadly Poison+1","Quick Slash"],"picked":"Endless Agony+1","floor":44.0},{"not_picked":["Well Laid Plans","Flying Knee"],"picked":"Blade Dance+1","floor":45.0},{"not_picked":["Concentrate+1","Skewer","Finisher"],"picked":"SKIP","floor":46}],"player_experience":399514,"relics_obtained":[{"floor":6.0,"key":"Bird Faced Urn"},{"floor":9.0,"key":"Darkstone Periapt"},{"floor":12.0,"key":"Shuriken"},{"floor":17.0,"key":"Orichalcum"},{"floor":17.0,"key":"Meat on the Bone"},{"floor":17.0,"key":"Pocketwatch"},{"floor":26.0,"key":"Anchor"},{"floor":27.0,"key":"Eternal Feather"},{"floor":30.0,"key":"Potion Belt"},{"floor":41.0,"key":"Snake Skull"},{"floor":41.0,"key":"Juzu Bracelet"},{"floor":43.0,"key":"Sundial"},{"floor":44.0,"key":"Ancient Tea Set"},{"floor":44.0,"key":"Happy Flower"}],"event_choices":[{"damage_healed":0.0,"max_hp_gain":0.0,"max_hp_loss":0.0,"gold_gain":0.0,"event_name":"Golden Wing","player_choice":"Ignored","floor":2.0,"gold_loss":0.0,"damage_taken":0.0},{"damage_healed":0.0,"max_hp_gain":0.0,"max_hp_loss":0.0,"gold_gain":275.0,"event_name":"Golden Shrine","player_choice":"Desecrate","floor":4.0,"gold_loss":0.0,"damage_taken":0.0,"cards_obtained":["Regret"]},{"damage_healed":0.0,"max_hp_gain":0.0,"max_hp_loss":0.0,"gold_gain":175.0,"event_name":"Liars Game","player_choice":"AGREE","floor":13.0,"gold_loss":0.0,"damage_taken":0.0,"cards_obtained":["Doubt"]},{"cards_removed":["Regret"],"damage_healed":0.0,"max_hp_gain":0.0,"max_hp_loss":0.0,"gold_gain":0.0,"event_name":"Back to Basics","player_choice":"Elegance","floor":19.0,"gold_loss":0.0,"damage_taken":0.0},{"damage_healed":0.0,"max_hp_gain":0.0,"max_hp_loss":0.0,"gold_gain":0.0,"event_name":"Ghosts","player_choice":"Ignored","floor":21.0,"gold_loss":0.0,"damage_taken":0.0},{"damage_healed":0.0,"max_hp_gain":0.0,"max_hp_loss":0.0,"gold_gain":0.0,"event_name":"Tomb of Lord Red Mask","player_choice":"Ignored","floor":36.0,"gold_loss":0.0,"damage_taken":0.0},{"damage_healed":21.0,"max_hp_gain":0.0,"max_hp_loss":0.0,"gold_gain":0.0,"event_name":"Winding Halls","player_choice":"Writhe","floor":38.0,"gold_loss":0.0,"damage_taken":0.0,"cards_obtained":["Writhe"]},{"damage_healed":0,"gold_gain":0,"player_choice":"Ignored","damage_taken":0,"max_hp_gain":0,"max_hp_loss":0,"event_name":"Transmorgrifier","floor":47,"gold_loss":0}],"is_beta":false,"boss_relics":[{"not_picked":["Cursed Key","Runic Pyramid"],"picked":"Calling Bell"},{"not_picked":["SacredBark","Runic Dome"],"picked":"Black Star"}],"items_purged_floors":[37,48],"is_endless":false,"potions_floor_spawned":[1,12,14,16,25,30,31,35,39,45],"ascension_level":12}}