{"host":"rtw1tnr74gozsrw1","time":1612408267,"event":{"mods":["BaseMod","Colored Map","Colored Powertips","Highlight Path","Minty Spire (QoL Compilation)","StSLib","The Jungle"],"gold_per_floor":[117,131,231,76,88,88,107,107,130,145,157,157,188,198,198,297,297,307,307,207,225,239,239,264,264,291,291,291,291],"floor_reached":28,"language":"ENG","playtime":712,"items_purged":["Strike_B","Defend_B"],"score":288,"play_id":"278ced38-6f20-4b7a-bf17-b5f18369c7af","local_time":"20210204041107","is_ascension_mode":true,"campfire_choices":[{"data":"Defragment","floor":6,"key":"SMITH"},{"data":"Loop","floor":8,"key":"SMITH"},{"data":"Creative AI","floor":12,"key":"SMITH"},{"floor":15,"key":"REST"},{"data":"Rainbow","floor":23,"key":"SMITH"},{"floor":25,"key":"REST"}],"circlet_count":0,"master_deck":["Strike_B","Strike_B","Defend_B","Defend_B","Defend_B","Zap","Dualcast","Ball Lightning","Loop+1","Defragment+1","Tempest","Creative AI+1","Chill","Cold Snap","Rainbow+1","Self Repair"],"relics":["Cracked Core","NeowsBlessing","Toy Ornithopter","Dream Catcher","Inserter","Ancient Tea Set"],"acts_visited":["Exordium","TheCity"],"potions_floor_usage":[10,11,24],"damage_taken":[{"damage":0,"enemies":"Jaw Worm","floor":1,"turns":1},{"damage":0,"enemies":"Cultist","floor":2,"turns":1},{"damage":0,"enemies":"2 Louse","floor":5,"turns":1},{"damage":19,"enemies":"Exordium Wildlife","floor":7,"turns":4},{"damage":12,"enemies":"3 Louse","floor":10,"turns":3},{"damage":0,"enemies":"Red Slaver","floor":11,"turns":3},{"damage":5,"enemies":"Gremlin Nob","floor":13,"turns":3},{"damage":7,"enemies":"Looter","floor":14,"turns":4},{"damage":34,"enemies":"Slime Boss","floor":16,"turns":7},{"damage":30,"enemies":"2 Thieves","floor":18,"turns":5},{"damage":0,"enemies":"Chosen","floor":21,"turns":5},{"damage":6,"enemies":"3 Cultists","floor":22,"turns":6},{"damage":50,"enemies":"Gremlin Leader","floor":24,"turns":7},{"damage":13,"enemies":"Cultist and Chosen","floor":28,"turns":4}],"seed_played":"3856155865097425595","potions_obtained":[{"floor":2,"key":"Regen Potion"},{"floor":7,"key":"PowerPotion"},{"floor":11,"key":"LiquidMemories"},{"floor":16,"key":"FocusPotion"},{"floor":18,"key":"ColorlessPotion"},{"floor":24,"key":"Energy Potion"}],"is_trial":false,"path_per_floor":["M","M","?","$","M","R","M","R","T","M","M","R","E","M","R","B",null,"M","?","$","M","M","R","E","R","T","?","M"],"character_chosen":"DEFECT","items_purchased":["Defragment"],"campfire_rested":2,"item_purchase_floors":[4],"current_hp_per_floor":[75,75,75,75,75,75,56,56,56,54,59,59,54,47,69,35,75,45,45,45,52,53,53,15,37,37,37,24,24],"gold":291,"neow_bonus":"THREE_ENEMY_KILL","is_daily":false,"chose_seed":false,"campfire_upgraded":4,"win_rate":0.0,"timestamp":1612408267,"path_taken":["M","M","?","$","M","R","M","R","T","M","?","R","E","M","R","BOSS","M","?","$","M","M","R","E","R","T","?","M"],"items_purchased_type":["Card"],"build_version":"2020-12-22","purchased_purges":2,"victory":false,"max_hp_per_floor":[75,75,75,75,75,75,75,75,75,75,75,75,75,75,75,75,75,75,75,75,75,75,75,75,75,75,75,75,75],"card_choices":[{"not_picked":["Turbo","Reprogram"],"picked":"Ball Lightning","floor":1},{"not_picked":["Barrage","Sunder"],"picked":"Loop","floor":2},{"not_picked":["Compile Driver","Turbo","Genetic Algorithm"],"picked":"SKIP","floor":5},{"not_picked":["Conserve Battery","Static Discharge"],"picked":"Tempest","floor":7},{"not_picked":["Consume","Steam","Streamline"],"picked":"SKIP","floor":10},{"not_picked":["Steam","Leap"],"picked":"Creative AI","floor":11},{"not_picked":["Undo","Sunder"],"picked":"Chill","floor":13},{"not_picked":["FTL","Gash","Leap"],"picked":"SKIP","floor":14},{"not_picked":["Stack","Reprogram"],"picked":"Cold Snap","floor":15},{"not_picked":["Machine Learning","Core Surge"],"picked":"Rainbow","floor":16},{"not_picked":["Beam Cell","Barrage"],"picked":"Self Repair","floor":18},{"not_picked":["Double Energy","Beam Cell","Melter"],"picked":"SKIP","floor":21},{"not_picked":["Coolheaded+1","Streamline","Leap"],"picked":"SKIP","floor":22},{"not_picked":["Go for the Eyes","Reinforced Body","Lockon+1"],"picked":"SKIP","floor":24}],"player_experience":104241,"relics_obtained":[{"floor":9,"key":"Toy Ornithopter"},{"floor":13,"key":"Dream Catcher"},{"floor":24,"key":"Ancient Tea Set"}],"event_choices":[{"damage_healed":0,"gold_gain":100,"player_choice":"Pray","damage_taken":0,"max_hp_gain":0,"max_hp_loss":0,"event_name":"Golden Shrine","floor":3,"gold_loss":0},{"cards_removed":["Strike_B"],"damage_healed":0,"gold_gain":0,"player_choice":"Elegance","damage_taken":0,"max_hp_gain":0,"max_hp_loss":0,"event_name":"Back to Basics","floor":19,"gold_loss":0},{"damage_healed":0,"gold_gain":0,"player_choice":"Ignored","damage_taken":0,"max_hp_gain":0,"max_hp_loss":0,"event_name":"Cursed Tome","floor":27,"gold_loss":0}],"is_beta":false,"boss_relics":[{"not_picked":["Tiny House","Runic Pyramid"],"picked":"Inserter"}],"items_purged_floors":[4,20],"is_endless":false,"potions_floor_spawned":[2,7,11,16,18,24],"killed_by":"Cultist and Chosen","ascension_level":4}}