{"host":"sbes2ysx244eovb1","time":1612453656,"event":{"mods":["AchievementEnabler","Act Like it!","Aspiration","BaseMod","BetterRewards","Colored Map","Colored Powertips","Gensokyo","Hubris","KomeijiMod","Minty Spire (QoL Compilation)","Quick Restart","Replay The Spire","StSLib","SuperFastMode","The Cursed"],"gold_per_floor":[129,163,163,163,40,80,80,117,117,152,169,195,216,349,349,456,456,471,471,471,867,882,921,962,1012,316,316,385,385,385,500,500,518,518,518,543,543,595,595,645,671,671,671,671,671,730,730,762,762,762,47,110,136],"floor_reached":56,"language":"ENG","playtime":4054,"items_purged":[],"score":2178,"play_id":"e737f129-ba9d-4907-8948-7ed5bd09febf","local_time":"20210204224736","is_ascension_mode":true,"campfire_choices":[{"data":"TheCursedMod:CursedWand","floor":7,"key":"SMITH"},{"data":"TheCursedMod:CleanUpWorkshop","floor":15,"key":"SMITH"},{"data":"TheCursedMod:Strike_TheCursed","floor":41,"key":"SMITH"},{"data":"TheCursedMod:Strike_TheCursed","floor":44,"key":"SMITH"},{"data":"TheCursedMod:Defend_TheCursed","floor":47,"key":"SMITH"},{"data":"TheCursedMod:Defend_TheCursed","floor":49,"key":"SMITH"},{"data":"TheCursedMod:Defend_TheCursed","floor":52,"key":"SMITH"}],"circlet_count":0,"master_deck":["TheCursedMod:Strike_TheCursed+1","TheCursedMod:Strike_TheCursed+1","TheCursedMod:Strike_TheCursed+1","TheCursedMod:Strike_TheCursed+1","TheCursedMod:Defend_TheCursed+1","TheCursedMod:Defend_TheCursed+1","TheCursedMod:Defend_TheCursed+1","TheCursedMod:Defend_TheCursed+1","TheCursedMod:CursedWand+1","TheCursedMod:CleanUpWorkshop+1","TheCursedMod:Dregs","TheCursedMod:HellfireBreathing+1","TheCursedMod:HellfireBreathing+1","TheCursedMod:SpitefulPlan+1","ReplayUltimateDefense+1","TheCursedMod:StingEye+1","TheCursedMod:CircleOfWindfury+1","TheCursedMod:CursedStaff+1","Clumsy","TheCursedMod:CircleOfCorruption+1","TheCursedMod:CursedRelics+1","TheCursedMod:CursedSpellbook+1","TheCursedMod:SoulCrush+1","TheCursedMod:WearCloak+1","TheCursedMod:Hemoplague+1","Gensokyo:SlitMouthedWoman+1","TheCursedMod:SpitefulStrike+1","Shame","TheCursedMod:LuckyCharm+1","TheCursedMod:VitalStrike+1","TheCursedMod:SurpriseAttack+1","TheCursedMod:Obscuration+1","TheCursedMod:CircleOfAmplification+1","TheCursedMod:Hemoplague+1","TheCursedMod:FleshFromBone+1","TheCursedMod:ReleasedKnowledge+1","TheCursedMod:ReleasedKnowledge+1","TheCursedMod:CircleOfFlame+1","TheCursedMod:HellfireBreathing+1","hubris:DuctTapeCard","TheCursedMod:BlessingInDisguise+1"],"relics":["TheCursedMod:BlackMagic101","Juzu Bracelet","Frozen Egg 2","Molten Egg 2","Mummified Hand","Toxic Egg 2","aspiration:HummingbirdHeart","KyoryuNoHagoromo","Replay:Bandana","Blood Vial","StoneCalendar","Gensokyo:NagashiBinaDoll","GoodDreamPillow","Tiny Chest","hubris:BottledRain","hubris:SphereOfDissonance","TungstenRod","NitorisBag","Sling","Strange Spoon","TheCursedMod:FourLeafCloverCharm","Gremlin Food","Ornamental Fan","HandDrill","hubris:Teleporter","aspiration:ChemicalBlood","Replay:Rubber Ducky","ReplayFunnel","Regal Pillow","Akabeko","Golden Egg","OrangePellets","Gensokyo:SongOfSouls","Matryoshka","hubris:Towel","Coffee Dripper","Anchor","Vajra","hubris:Icosahedron","Oddly Smooth Stone","Lantern","aspiration:Lifesprig","Pet Ghost","hubris:TenFootPole","Blue Doll","Replay:Ringing Soul","BargainBundle","hubris:DuctTape"],"acts_visited":["Exordium","Gensokyo:Gensokyo","Gensokyo:Gensokyoer","TheEnding"],"potions_floor_usage":[16,50,50,50,55,55,55],"damage_taken":[{"damage":0.0,"enemies":"Gensokyo:2_Kodama","floor":1.0,"turns":3.0},{"damage":0.0,"enemies":"Gensokyo:Gryphon","floor":2.0,"turns":3.0},{"damage":0.0,"enemies":"Gensokyo:Aya","floor":6.0,"turns":3.0},{"damage":13,"enemies":"Gensokyo:Mamizou","floor":8,"turns":6},{"damage":0,"enemies":"Gensokyo:Aya","floor":10,"turns":1},{"damage":0,"enemies":"Gensokyo:Python","floor":11,"turns":2},{"damage":1,"enemies":"Gensokyo:3_Kodama","floor":12,"turns":2},{"damage":0,"enemies":"Gensokyo:LivingMonolith","floor":13,"turns":1},{"damage":2,"enemies":"Gensokyo:Reimu","floor":16,"turns":4},{"damage":0,"enemies":"Gensokyo:CosmicMonolith","floor":18,"turns":2},{"damage":0,"enemies":"Gensokyo:AngelMirror","floor":22,"turns":1},{"damage":0,"enemies":"Gensokyo:Tenshi","floor":23,"turns":2},{"damage":0,"enemies":"Gensokyo:Reisen","floor":25,"turns":3},{"damage":0,"enemies":"Gensokyo:Eternal_Rivals","floor":33,"turns":6},{"damage":0,"enemies":"Gensokyo:AncientGuardian","floor":35,"turns":1},{"damage":0,"enemies":"Gensokyo:Kasen","floor":40,"turns":4},{"damage":7,"enemies":"Gensokyo:Marisa","floor":42,"turns":3},{"damage":0,"enemies":"Gensokyo:Kasen","floor":48,"turns":3},{"damage":0,"enemies":"Gensokyo:Yuyuko","floor":50,"turns":4},{"damage":0,"enemies":"Shield and Spear","floor":54,"turns":3},{"damage":0,"enemies":"The Heart","floor":55,"turns":6}],"seed_played":"-8837350873308768769","potions_obtained":[{"floor":1.0,"key":"SteroidPotion"},{"floor":6.0,"key":"Adrenaline Potion"},{"floor":16,"key":"TheCursedMod:DregsPotion"},{"floor":35,"key":"Fire Potion"},{"floor":54,"key":"Weak Potion"}],"is_trial":false,"path_per_floor":["M","M","?","?","?","E","R","E","T","E","M","M","M","COS","R","B",null,"M","?","?","$","M","E","E","T","$","?","T","?","R_BF","B",null,"M","?","?","T","?","E","R","E","T","R","?","?","R","E","R","B",null,"R","$","E","B",null],"character_chosen":"THE_CURSED","items_purchased":["aspiration:HummingbirdHeart","TheCursedMod:HellfireBreathing+1","Replay:Bandana","TheCursedMod:SpitefulPlan+1","Blood Vial","Gremlin Food","Ornamental Fan","HandDrill","TheCursedMod:LuckyCharm+1","Akabeko","Golden Egg","OrangePellets","TheCursedMod:HellsGateOpen+1","TheCursedMod:CircleOfAmplification+1","Blue Doll","Replay:Ringing Soul","Milkshake","AttackPotion","BargainBundle","TheCursedMod:HellfireBreathing+1"],"campfire_rested":0,"item_purchase_floors":[0,0,0,0,0,21,21,21,21,27,27,27,27,27,53,53,53,53,53,53],"current_hp_per_floor":[75,75,75,75,75,75,75,62,62,64,66,67,69,69,69,69,75,75,75,75,75,75,75,75,75,75,75,75,75,75,75,75,75,75,65,68,71,73,73,68,68,68,71,74,74,75,75,75,75,75,78,81,81],"gold":136,"neow_bonus":"","is_daily":false,"chose_seed":false,"campfire_upgraded":7,"win_rate":0.0,"timestamp":1612453656,"path_taken":["M","M","?","?","?","E","R","E","T","E","M","M","M","COS","R","BOSS","M","?","?","$","M","E","E","T","$","?","?","?","R_BF","BOSS","M","?","?","?","?","E","R","E","T","R","?","?","R","E","R","BOSS","R","$","E","BOSS"],"items_purchased_type":["Relic","Card","Relic","Card","Relic","Relic","Relic","Relic","Card","Relic","Relic","Relic","Card","Card","Relic","Relic","Potion","Potion","Relic","Card"],"build_version":"2020-12-22","purchased_purges":0,"victory":true,"max_hp_per_floor":[75,75,75,75,75,75,75,75,75,75,75,75,75,75,75,75,75,75,75,75,75,75,75,75,75,75,75,75,75,75,75,75,75,75,75,75,75,75,75,75,75,75,75,75,75,75,75,75,75,75,78,81,81],"card_choices":[{"not_picked":["TheCursedMod:SoulReap+1","TheCursedMod:Wield+1"],"picked":"TheCursedMod:CircleOfWindfury+1","floor":1.0},{"not_picked":["TheCursedMod:CursedAmulet+1","TheCursedMod:CursedShiv+1"],"picked":"TheCursedMod:CursedStaff+1","floor":2.0},{"not_picked":["TheCursedMod:CursedShiv+1","TheCursedMod:CursedMace+1"],"picked":"TheCursedMod:CircleOfCorruption+1","floor":6.0},{"not_picked":["TheCursedMod:SoulReap+1","TheCursedMod:SpitefulStrike+1"],"picked":"TheCursedMod:CursedRelics+1","floor":8},{"not_picked":["TheCursedMod:SurpriseAttack+1","TheCursedMod:RavingStaff+1"],"picked":"TheCursedMod:CursedSpellbook+1","floor":10},{"not_picked":["TheCursedMod:SmokeScreen+1","TheCursedMod:RavingStaff+1"],"picked":"TheCursedMod:SoulCrush+1","floor":11},{"not_picked":["TheCursedMod:CursedBlade+1","TheCursedMod:CursedAmulet+1"],"picked":"TheCursedMod:WearCloak+1","floor":12},{"not_picked":["TheCursedMod:SpitefulStrike+1","TheCursedMod:FleshFromBone+1"],"picked":"TheCursedMod:Hemoplague+1","floor":13},{"not_picked":["TheCursedMod:AntiAging+1","TheCursedMod:CircleOfAbyss+1"],"picked":"TheCursedMod:ForbiddenAlchemy+1","floor":16},{"not_picked":["TheCursedMod:Torture+1","TheCursedMod:CircleOfWindfury+1"],"picked":"TheCursedMod:SpitefulStrike+1","floor":18},{"not_picked":["TheCursedMod:SpitefulStrike+1","TheCursedMod:TacticalStrike+1"],"picked":"TheCursedMod:VitalStrike+1","floor":22},{"not_picked":["TheCursedMod:CursedShiv+1","TheCursedMod:CursedAmulet+1"],"picked":"TheCursedMod:SurpriseAttack+1","floor":23},{"not_picked":["TheCursedMod:PrepareRite+1","TheCursedMod:CircleOfCorruption+1"],"picked":"TheCursedMod:Obscuration+1","floor":25},{"not_picked":["TheCursedMod:ParallelWorld+1","TheCursedMod:ForbiddenAlchemy+1"],"picked":"TheCursedMod:DemonicPact+1","floor":33},{"not_picked":["TheCursedMod:CursedSpellbook+1","TheCursedMod:WearCloak+1"],"picked":"TheCursedMod:FleshFromBone+1","floor":35},{"not_picked":["TheCursedMod:VitalStrike+1","TheCursedMod:CursedSpellbook+1"],"picked":"TheCursedMod:ReleasedKnowledge+1","floor":40},{"not_picked":["TheCursedMod:TacticalStrike+1","TheCursedMod:StunningStrike+1"],"picked":"TheCursedMod:ReleasedKnowledge+1","floor":42},{"not_picked":["TheCursedMod:Stigma+1","TheCursedMod:CursedMace+1"],"picked":"TheCursedMod:CircleOfFlame+1","floor":48},{"not_picked":["TheCursedMod:CursedBlade+1","TheCursedMod:CircleOfBlood+1"],"picked":"TheCursedMod:BlessingInDisguise+1","floor":54}],"player_experience":220492,"relics_obtained":[{"floor":6.0,"key":"Tiny Chest"},{"floor":8,"key":"hubris:BottledRain"},{"floor":9,"key":"hubris:SphereOfDissonance"},{"floor":10,"key":"TungstenRod"},{"floor":23,"key":"aspiration:ChemicalBlood"},{"floor":25,"key":"ReplayFunnel"},{"floor":26,"key":"Regal Pillow"},{"floor":29,"key":"Matryoshka"},{"floor":38,"key":"Anchor"},{"floor":38,"key":"Vajra"},{"floor":40,"key":"Oddly Smooth Stone"},{"floor":42,"key":"Lantern"},{"floor":43,"key":"aspiration:Lifesprig"},{"floor":43,"key":"Pet Ghost"},{"floor":48,"key":"hubris:TenFootPole"},{"floor":54,"key":"hubris:DuctTape"}],"event_choices":[],"is_beta":false,"boss_relics":[{"not_picked":["hubris:CrackedHourglass","Replay:Wanted Poster"],"picked":"TheCursedMod:FourLeafCloverCharm"},{"not_picked":["Replay:Drink Me","hubris:HollowSoul"],"picked":"Coffee Dripper"}],"items_purged_floors":[],"is_endless":false,"potions_floor_spawned":[1,6,12,16,18,23,33,35,54],"ascension_level":2}}