{"host":"y087t2reloz9bi43","time":1612457715,"event":{"mods":["2.2 Compatiblity","AchievementEnabler","Aspiration","BaseMod","Beaked The Cultist","Bestiary","Better Note","Better Vampires","BetterRewards","ChefMod","Clockwork Mod","Colored Map","Colored Powertips","Conspire","Downfall","Ekko","Fireblade Mod","Friendly Minions","GifTheSpireLib","Gold Saver","Gremlin Mod","Halation","Hermit","Hubris","Infinite Spire","Jedi Mod","JesterMod","Jorbs\u0027s Wanderer Trilogy","Mad Scientist","Marisa????????","Mimic Mod","Minty Spire (QoL Compilation)","Permanent Neow","Potionbrewer","Rare Cards Sparkle","Relic Stats","Reliquary","Replay The Spire","Robot Space Explorer","Shade Mod","Shop Mod","StSLib","The Alterego","The Blackbeard","The Bug Knight","The Construct","The Cursed","The Disciple","The Elementalist","The Exalted","The Hierophant","The Jungle","The Marked","The Mystic","The Necromancer","The Runesmith","The Senshi","The Servant 0.9.4","TheBandit","TheFirefly","TheHero","TheVacant","Transform Curses","Uncapped","everything is the same but u backflip on backflip","thorton"],"gold_per_floor":[199,215,22,37,50,84,166,176,192,92,105,120,137,45,65,169,169,169,184,203,203,18,53,130,140,153,153,153,172,191,191,191,191],"floor_reached":31,"language":"ENG","playtime":4620,"items_purged":["Guardian:Strike_Guardian","Guardian:Defend_Guardian"],"score":267,"play_id":"e0f046e7-3fdb-426f-b089-16074d22d718","local_time":"20210204165515","is_ascension_mode":false,"campfire_choices":[{"data":"Guardian:CurlUp","floor":1,"key":"SMITH"},{"data":"Guardian:RollAttack","floor":10,"key":"SMITH"},{"data":"Guardian:Emergency","floor":18,"key":"SMITH"},{"data":"Guardian:TimeCapacitor","floor":28,"key":"SMITH"}],"circlet_count":0,"master_deck":["Guardian:Strike_Guardian","Guardian:Strike_Guardian","Guardian:Strike_Guardian","Guardian:Defend_Guardian","Guardian:Defend_Guardian","Guardian:Defend_Guardian","Guardian:CurlUp+1","Guardian:TwinSlam","Guardian:ChargeCore","Guardian:ShieldSpikes","Guardian:PiercingHide","Guardian:RollAttack+1","Guardian:RollAttack","Guardian:Planning","Guardian:ShieldCharger","Guardian:Emergency+1","Guardian:Recover","Guardian:ArmoredProtocol","Guardian:RollAttack","Guardian:FastForward","Guardian:BronzeArmor","Guardian:BronzeArmor","Guardian:TimeCapacitor+1","Guardian:Planning","Guardian:BodySlam","Guardian:Suspension","Backflip","Guardian:Emergency"],"relics":["Guardian:ModeShifter","Bag of Preparation","infinitespire:WardingShard","downfall:HeartBlessingGreen","aspiration:MobileForge","conspire:Boomerang","hubris:BottledRain"],"acts_visited":["Exordium","TheCity"],"potions_floor_usage":[6,16,16,21,22,30],"damage_taken":[{"damage":5,"enemies":"Small Slimes","floor":2,"turns":4},{"damage":5,"enemies":"downfall:FleeingMerchant","floor":3,"turns":4},{"damage":0,"enemies":"Cultist","floor":4,"turns":4},{"damage":0,"enemies":"Jaw Worm","floor":5,"turns":4},{"damage":7,"enemies":"3 Sentries","floor":6,"turns":13},{"damage":8,"enemies":"Exordium Thugs","floor":8,"turns":6},{"damage":3,"enemies":"2 Fungi Beasts","floor":9,"turns":4},{"damage":0,"enemies":"Exordium Wildlife","floor":11,"turns":4},{"damage":2,"enemies":"Exordium Thugs","floor":12,"turns":6},{"damage":0,"enemies":"Exordium Wildlife","floor":13,"turns":3},{"damage":0,"enemies":"downfall:FleeingMerchant","floor":14,"turns":4},{"damage":0,"enemies":"Lots of Slimes","floor":15,"turns":6},{"damage":40,"enemies":"IC_STATUS_ARCHETYPE","floor":16,"turns":11},{"damage":0,"enemies":"Spheric Guardian","floor":19,"turns":4},{"damage":0,"enemies":"Chosen","floor":20,"turns":5},{"damage":0,"enemies":"Snake Plant","floor":21,"turns":1},{"damage":0,"enemies":"downfall:FleeingMerchant","floor":22,"turns":4},{"damage":7,"enemies":"conspire:Head Lice","floor":23,"turns":8},{"damage":2,"enemies":"conspire:HollyBat","floor":25,"turns":7},{"damage":19,"enemies":"Chosen and Byrds","floor":26,"turns":6},{"damage":5,"enemies":"Centurion and Healer","floor":29,"turns":8},{"damage":7,"enemies":"Snake Plant","floor":30,"turns":4},{"damage":45,"enemies":"Gremlin Leader","floor":31,"turns":4}],"seed_played":"-3232553200347832240","potions_obtained":[{"floor":4,"key":"Fire Potion"},{"floor":9,"key":"potionbrewer:NoxiousPotion"},{"floor":11,"key":"Strength Potion"},{"floor":12,"key":"SmokeBomb"},{"floor":16,"key":"potionbrewer:AcidPotion"},{"floor":20,"key":"Elixir"},{"floor":23,"key":"PowerPotion"},{"floor":25,"key":"potionbrewer:CleansingPotion"},{"floor":30,"key":"Strength Potion"}],"is_trial":false,"path_per_floor":["R","M","$","M","M","E","T","M","M","R","M","M","M","$","M","B",null,"R_BF","M","M","M","$","E","T","M","M","?","R","M","M","E"],"character_chosen":"GUARDIAN","items_purchased":["Guardian:PiercingHide","Guardian:RollAttack","Guardian:ArmoredProtocol","Guardian:TimeCapacitor"],"campfire_rested":0,"item_purchase_floors":[3,3,14,22],"current_hp_per_floor":[80,75,70,70,70,63,63,55,52,52,52,50,50,50,50,10,80,80,80,80,80,80,73,73,71,52,52,52,47,40,0,0,0],"gold":191,"neow_bonus":"HUNDRED_GOLD","is_daily":false,"chose_seed":false,"campfire_upgraded":4,"win_rate":0.0,"timestamp":1612457715,"path_taken":["R","M","$","M","M","E","T","M","M","R","M","M","M","$","M","BOSS","R_BF","M","M","M","$","E","T","M","M","?","R","?","M","E"],"items_purchased_type":["Card","Card","Card","Card"],"build_version":"2020-12-22","purchased_purges":2,"victory":false,"max_hp_per_floor":[80,80,80,80,80,80,80,80,80,80,80,80,80,80,80,80,80,80,80,80,80,80,80,80,80,80,80,80,80,80,80,80,80],"relic_stats":{"counters":[23,124],"Bag of Preparation":[36],"obtain_stats":[{"infinitespire:WardingShard":7,"aspiration:MobileForge":17,"Guardian:ModeShifter":0,"downfall:HeartBlessingGreen":10,"Bag of Preparation":6,"conspire:Boomerang":23,"hubris:BottledRain":24},{"infinitespire:WardingShard":5,"aspiration:MobileForge":13,"Guardian:ModeShifter":0,"downfall:HeartBlessingGreen":7,"Bag of Preparation":5,"conspire:Boomerang":18,"hubris:BottledRain":18},{"infinitespire:WardingShard":29,"aspiration:MobileForge":73,"Guardian:ModeShifter":0,"downfall:HeartBlessingGreen":39,"Bag of Preparation":29,"conspire:Boomerang":95,"hubris:BottledRain":95}]},"card_choices":[{"not_picked":["Guardian:PrimingBeam","Guardian:FuturePlans"],"picked":"Guardian:ChargeCore","floor":2},{"not_picked":["Guardian:ArmoredProtocol","Guardian:ShieldCharger"],"picked":"Guardian:ShieldSpikes","floor":3},{"not_picked":["Guardian:Reroute","Guardian:TemporalShield"],"picked":"Guardian:Gem_Lightblue","floor":4},{"not_picked":["Guardian:WalkerClaw","Guardian:RefractedBeam","Guardian:Clone"],"picked":"SKIP","floor":5},{"not_picked":["Guardian:VentSteam","Guardian:GemFire"],"picked":"Guardian:RollAttack","floor":6},{"not_picked":["Guardian:Harden","Guardian:Gem_Red"],"picked":"Guardian:Planning","floor":8},{"not_picked":["Guardian:CrystalBeam","Guardian:MultiBeam"],"picked":"Guardian:ShieldCharger","floor":9},{"not_picked":["Guardian:FloatingOrbs","Guardian:Clone"],"picked":"Guardian:Emergency","floor":11},{"not_picked":["Guardian:Harden","Guardian:TemporalStrike"],"picked":"Guardian:Gem_Yellow","floor":12},{"not_picked":["Guardian:VentSteam","Guardian:Emergency"],"picked":"Guardian:Recover","floor":13},{"not_picked":["Guardian:TimeBomb","Guardian:MultiBeam","Guardian:Gem_Fragmented"],"picked":"SKIP","floor":14},{"not_picked":["Guardian:PiercingHide","Guardian:Suspension"],"picked":"Guardian:RollAttack","floor":15},{"not_picked":["Guardian:StasisStrike","Guardian:Gem_Synthetic"],"picked":"Guardian:FastForward","floor":16},{"not_picked":["Guardian:Gem_Red","Guardian:Reroute+1"],"picked":"Guardian:BronzeArmor","floor":19},{"not_picked":["Guardian:DonusPower","Guardian:Gem_Red"],"picked":"Guardian:BronzeArmor","floor":20},{"not_picked":["Guardian:Gem_Crimson","Guardian:PrimingBeam","Guardian:RefractedBeam"],"picked":"SKIP","floor":22},{"not_picked":["Guardian:Reroute","Guardian:HyperBeam_Guardian"],"picked":"Guardian:Planning","floor":23},{"not_picked":["Guardian:ShieldCharger+1","Guardian:Gem_Fragmented"],"picked":"Guardian:BodySlam","floor":25},{"not_picked":["Guardian:PrimingBeam+1","Guardian:RollAttack+1"],"picked":"Guardian:Suspension","floor":26},{"not_picked":["Guardian:TemporalShield","Guardian:StasisStrike"],"picked":"Guardian:Emergency","floor":29},{"not_picked":["Guardian:WalkerClaw","Guardian:Incinerate","Guardian:PiercingHide"],"picked":"SKIP","floor":30}],"player_experience":471118,"relics_obtained":[{"floor":6,"key":"Bag of Preparation"},{"floor":7,"key":"infinitespire:WardingShard"},{"floor":23,"key":"conspire:Boomerang"},{"floor":24,"key":"hubris:BottledRain"}],"event_choices":[{"cards_removed":["Guardian:Planning"],"damage_healed":0,"gold_gain":0,"player_choice":"Take \u0026 Give","damage_taken":0,"max_hp_gain":0,"max_hp_loss":0,"event_name":"betterNote:BetterNote","floor":27,"gold_loss":0,"cards_obtained":["Backflip"]}],"is_beta":false,"boss_relics":[{"not_picked":["halation:MonkeysPaw","halation:SmartPhone"],"picked":"aspiration:MobileForge"}],"items_purged_floors":[3,22],"is_endless":false,"potions_floor_spawned":[4,9,11,12,16,20,21,23,25,30],"killed_by":"Gremlin Leader","ascension_level":0}}