{"host":"23qk1co0p3p8qz56","time":1612425958,"event":{"mods":["AchievementEnabler","Act Like it!","Arknights","BaseMod","Better Note","Better Third Choice","BetterRewards","CapriCore","Lobotomy","LobotomyExtend","MarisaÅiñ∂âJÅ@ñÇóùçπÅj","Minty Spire (QoL Compilation)","StSLib","The Animator","The Senshi","Waifu the Spire"],"gold_per_floor":[118,67,81,97,97,125,125,141,141,141,154,169,179,193,17,17,17,17,51,82,114,126,138,115,128,145,145,145,240,240,251,70,70,70],"floor_reached":20,"language":"ENG","playtime":2888,"items_purged":[],"score":196,"play_id":"ebaa1b13-419c-4248-af2f-ac1fc6763789","local_time":"20210204010558","is_ascension_mode":false,"campfire_choices":[{"floor":7,"key":"REST"},{"data":"ats:Emotion Absorption","floor":10,"key":"SMITH"},{"floor":15,"key":"RECALL"}],"circlet_count":0,"master_deck":["ats:Strike C","ats:Strike G","ats:Strike S","ats:Strike V","ats:Armor Crushing Shot","ats:Defend","ats:Defend","ats:Defend","ats:Defend","ats:Emotion Absorption+1","ats:Curse Doll","ats:Assault Order","ats:Powerful Strike","ats:Apocalypse+1","ats:Absolute Focus","ats:Healing Drone","ats:Ignite","ats:Cat Scratch","ats:Steam Pump","ats:Spore Proliferation","ats:Nebulous Foxfire","ats:Consecutive Shot Auto+1","ats:Blood Oath","ats:True Silver Slash","ats:Closed Bolt Burst Fire","ats:Support Order","ats:Assault Order","ats:Guard Mode","ats:Calcification","ats:Guardian Obelisk+1","ats:Consecutive Shot Auto"],"relics":["ats:Sanity","ats:Originium","Gremlin Horn","Ice Cream","Matryoshka","LetterFromLob","MawBank","Nunchaku","Meat on the Bone","Runic Pyramid","ats:Snipe"],"acts_visited":["Exordium","TheBeyond"],"potions_floor_usage":[12,6,18],"damage_taken":[{"damage":2,"enemies":"Cultist","floor":1,"turns":6},{"damage":8,"enemies":"Jaw Worm","floor":3,"turns":4},{"damage":0,"enemies":"2 Louse","floor":4,"turns":2},{"damage":39,"enemies":"Gremlin Nob","floor":6,"turns":5},{"damage":9,"enemies":"Exordium Thugs","floor":8,"turns":5},{"damage":15,"enemies":"3 Louse","floor":11,"turns":3},{"damage":7,"enemies":"2 Fungi Beasts","floor":12,"turns":4},{"damage":15,"enemies":"Exordium Thugs","floor":13,"turns":6},{"damage":11,"enemies":"Jaw Worm","floor":1,"turns":3},{"damage":25,"enemies":"Gremlin Nob","floor":6,"turns":5},{"damage":0,"enemies":"Cultist","floor":7,"turns":3},{"damage":1,"enemies":"2 Louse","floor":8,"turns":2},{"damage":12,"enemies":"Large Slime","floor":12,"turns":4},{"damage":7,"enemies":"Exordium Wildlife","floor":13,"turns":3},{"damage":87,"enemies":"The Guardian","floor":16,"turns":12},{"damage":42,"enemies":"3 Shapes","floor":18,"turns":4},{"damage":68,"enemies":"2 Orb Walkers","floor":20,"turns":3}],"seed_played":"-1487608468397389939","potions_obtained":[{"floor":1,"key":"EssenceOfSteel"},{"floor":6,"key":"Energy Potion"},{"floor":12,"key":"Swift Potion"},{"floor":6,"key":"Energy Potion"},{"floor":8,"key":"ats:Emergency Sanity Potion"},{"floor":13,"key":"SteroidPotion"},{"floor":18,"key":"Strength Potion"}],"is_trial":false,"path_per_floor":["M","$","M","M","?","E","R","M","T","T","M","M","M","M","M","$","?","?","?","E","M","M","T","R","$","M","M","M","R","B",null,"M","$","?"],"character_chosen":"DOCTOR_CLASS","items_purchased":["ats:Assault Order","ats:Nebulous Foxfire","ats:Consecutive Shot Auto","ats:Support Order","ats:Consecutive Shot Auto","ats:Snipe"],"campfire_rested":1,"item_purchase_floors":[2,2,2,11,19,19],"current_hp_per_floor":[70,70,62,62,62,29,50,47,47,47,38,43,46,70,70,70,72,72,51,69,72,72,72,72,62,67,67,67,34,72,51,51,0,0],"gold":70,"neow_bonus":"","is_daily":false,"chose_seed":false,"campfire_upgraded":1,"win_rate":0.0,"timestamp":1612425958,"path_taken":["M","$","M","M","?","E","R","M","T","?","?","M","M","M","M","$","?","?","?","E","?","M","T","R","$","M","M","M","R","BOSS","M","?","?"],"items_purchased_type":["Card","Card","Card","Card","Card","Relic"],"build_version":"2020-12-22","purchased_purges":0,"victory":false,"max_hp_per_floor":[72,72,72,72,72,72,72,72,72,72,72,72,72,72,72,72,72,72,72,72,72,72,72,72,72,72,72,72,72,72,72,72,72,72],"card_choices":[{"not_picked":["ats:Literary Storm","ats:Serious Mode"],"picked":"ats:Curse Doll","floor":1},{"not_picked":["ats:Phantom","ats:Steam Pump"],"picked":"ats:Powerful Strike","floor":3},{"not_picked":["ats:Very Hot Blade","ats:Powerful Strike"],"picked":"ats:Apocalypse","floor":4},{"not_picked":["ats:Flexible Camouflage","ats:Flame Of Heaven"],"picked":"ats:Absolute Focus","floor":6},{"not_picked":["ats:Sashimi Platter","ats:Ignite"],"picked":"ats:Healing Drone","floor":8},{"not_picked":["ats:Absolute Focus","ats:Chain Hook"],"picked":"ats:Ignite","floor":11},{"not_picked":["ats:Automatic Cover","ats:Revitalization"],"picked":"ats:Cat Scratch","floor":12},{"not_picked":["ats:Demon Strength","ats:Flexible Camouflage"],"picked":"ats:Steam Pump","floor":13},{"not_picked":["ats:Powerful Strike","ats:Serious Mode"],"picked":"ats:Spore Proliferation","floor":1},{"not_picked":["ats:Apocalypse","ats:Assault Order"],"picked":"ats:Blood Oath","floor":6},{"not_picked":["ats:Sunburst","ats:Curse Doll"],"picked":"ats:True Silver Slash","floor":7},{"not_picked":["ats:Demon Strength","ats:Collapsing Strike"],"picked":"ats:Closed Bolt Burst Fire","floor":8},{"not_picked":["ats:Absolute Focus","ats:Consecutive Shot Auto"],"picked":"ats:Assault Order","floor":12},{"not_picked":["ats:Leaping Hammer","ats:Very Hot Blade"],"picked":"ats:Guard Mode","floor":13},{"not_picked":["ats:Wolf Pack","ats:True Silver Slash"],"picked":"ats:Calcification","floor":16},{"not_picked":["ats:Flexible Camouflage","ats:Guard Mode"],"picked":"ats:Guardian Obelisk+1","floor":18}],"player_experience":0,"relics_obtained":[{"floor":1,"key":"LetterFromLob"},{"floor":6,"key":"ats:Originium"},{"floor":6,"key":"Gremlin Horn"},{"floor":9,"key":"Ice Cream"},{"floor":10,"key":"Matryoshka"},{"floor":1,"key":"LetterFromLob"},{"floor":6,"key":"ats:Originium"},{"floor":6,"key":"MawBank"},{"floor":9,"key":"Nunchaku"},{"floor":9,"key":"Meat on the Bone"}],"event_choices":[{"damage_healed":0,"gold_gain":0,"player_choice":"Grow","damage_taken":0,"max_hp_gain":0,"max_hp_loss":0,"event_name":"Living Wall","floor":5,"gold_loss":0,"cards_upgraded":["ats:Apocalypse"]},{"cards_removed":["ats:Apocalypse"],"damage_healed":0,"gold_gain":0,"player_choice":"Give","damage_taken":0,"max_hp_gain":0,"max_hp_loss":0,"event_name":"betterNote:BetterNote","floor":3,"gold_loss":0,"cards_obtained":["None"]},{"damage_healed":0,"gold_gain":0,"player_choice":"Upgraded","damage_taken":0,"max_hp_gain":0,"max_hp_loss":0,"event_name":"Upgrade Shrine","floor":5,"gold_loss":0,"cards_upgraded":["ats:Consecutive Shot Auto"]},{"damage_healed":0,"gold_gain":0,"player_choice":"Fight","damage_taken":0,"max_hp_gain":0,"max_hp_loss":0,"event_name":"Mysterious Sphere","floor":20,"gold_loss":0}],"is_beta":false,"boss_relics":[{"not_picked":["Fusion Hammer","Sozu"],"picked":"Runic Pyramid"}],"items_purged_floors":[],"is_endless":false,"potions_floor_spawned":[1,6,12,6,8,13,18],"killed_by":"2 Orb Walkers","ascension_level":0}}