{"host":"o9lehcdjc4u6j9un","time":1612472445,"event":{"mods":["BaseMod","Colored Map","Hermit","Minty Spire (QoL Compilation)","StSLib"],"gold_per_floor":[115,131,144,69,39,39,53,79,147,174,186,186,204,224,224,323,323,339,357,108,123,138,138,138,138,138,138,163,3,13,42,42,42,42],"floor_reached":33,"language":"ZHS","playtime":6222,"items_purged":["hermit:Defend_Hermit","hermit:Defend_Hermit","hermit:Defend_Hermit"],"score":299,"play_id":"11041b70-88f5-4814-94b8-c311194fcc57","local_time":"20210205050045","is_ascension_mode":false,"campfire_choices":[{"data":"hermit:Feint","floor":6,"key":"SMITH"},{"data":"hermit:Manifest","floor":12,"key":"SMITH"},{"floor":15,"key":"REST"},{"data":"hermit:Defend_Hermit","floor":23,"key":"SMITH"},{"floor":25,"key":"REST"},{"floor":32,"key":"REST"}],"circlet_count":0,"master_deck":["hermit:Strike_Hermit","hermit:Strike_Hermit","hermit:Strike_Hermit","hermit:Strike_Hermit","hermit:Snapshot","hermit:Covet","hermit:Feint+1","hermit:EyeOfTheStorm","hermit:Misfire","hermit:FlashPowder","hermit:Reprieve","hermit:Manifest+1","hermit:Manifest","hermit:Vantage","hermit:Quickdraw","hermit:FinalCanter","hermit:Vantage","hermit:SprayPray","hermit:Quickdraw","hermit:Misfire","hermit:LuckOfTheDraw","hermit:Headshot+1","hermit:Horror","hermit:Headshot","hermit:BigShot"],"relics":["hermit:Momento","TungstenRod","Kunai","Nunchaku","SlaversCollar","Potion Belt","Shuriken","Ancient Tea Set","WingedGreaves"],"acts_visited":["Exordium","TheCity"],"potions_floor_usage":[8,8,10,16,22,28,28,31],"damage_taken":[{"damage":1,"enemies":"Cultist","floor":1,"turns":4},{"damage":2,"enemies":"Small Slimes","floor":2,"turns":5},{"damage":1,"enemies":"2 Louse","floor":3,"turns":4},{"damage":2,"enemies":"Blue Slaver","floor":7,"turns":3},{"damage":14,"enemies":"3 Sentries","floor":8,"turns":11},{"damage":26,"enemies":"Gremlin Nob","floor":10,"turns":4},{"damage":7,"enemies":"Gremlin Gang","floor":11,"turns":7},{"damage":0,"enemies":"Looter","floor":13,"turns":3},{"damage":11,"enemies":"Exordium Thugs","floor":14,"turns":8},{"damage":25,"enemies":"The Guardian","floor":16,"turns":19},{"damage":12,"enemies":"3 Byrds","floor":18,"turns":12},{"damage":6,"enemies":"Chosen","floor":19,"turns":7},{"damage":35,"enemies":"3 Cultists","floor":21,"turns":9},{"damage":32,"enemies":"Cultist and Chosen","floor":22,"turns":10},{"damage":23,"enemies":"Slavers","floor":28,"turns":5},{"damage":5,"enemies":"Centurion and Healer","floor":30,"turns":5},{"damage":8,"enemies":"Book of Stabbing","floor":31,"turns":5},{"damage":48,"enemies":"Automaton","floor":33,"turns":6}],"seed_played":"2384061763590005306","potions_obtained":[{"floor":2,"key":"BlessingOfTheForge"},{"floor":5,"key":"Block Potion"},{"floor":5,"key":"PowerPotion"},{"floor":11,"key":"Explosive Potion"},{"floor":19,"key":"Fire Potion"},{"floor":21,"key":"AttackPotion"},{"floor":22,"key":"Energy Potion"},{"floor":30,"key":"LiquidMemories"}],"is_trial":false,"path_per_floor":["M","M","M","$","?","R","M","E","T","E","M","R","M","M","R","B",null,"M","M","$","M","M","R","?","R","T","?","E","$","M","E","R","B"],"character_chosen":"HERMIT","items_purchased":["Potion Belt","hermit:Horror"],"campfire_rested":3,"item_purchase_floors":[20,29],"current_hp_per_floor":[81,79,78,78,78,78,76,62,62,36,29,29,29,22,46,25,82,70,68,68,37,9,9,9,33,33,33,18,18,21,21,45,0,0],"gold":42,"neow_bonus":"TEN_PERCENT_HP_BONUS","is_daily":false,"chose_seed":false,"campfire_upgraded":3,"win_rate":0.0,"timestamp":1612472445,"path_taken":["M","?","M","?","?","R","?","E","T","E","M","R","M","M","R","BOSS","M","M","$","M","M","R","?","R","T","?","E","?","M","E","R","BOSS"],"items_purchased_type":["Relic","Card"],"build_version":"2020-12-22","purchased_purges":3,"victory":false,"max_hp_per_floor":[82,82,82,82,82,82,82,82,82,82,82,82,82,82,82,82,82,82,82,82,82,82,82,82,82,82,82,82,82,82,82,82,82,82],"card_choices":[{"not_picked":["hermit:Dive","hermit:Misfire"],"picked":"hermit:Feint","floor":1},{"not_picked":["hermit:Glare","hermit:Cheat"],"picked":"hermit:EyeOfTheStorm","floor":2},{"not_picked":["hermit:Headshot","hermit:WideOpen"],"picked":"hermit:Misfire","floor":3},{"not_picked":["hermit:LowProfile","hermit:Manifest"],"picked":"hermit:FlashPowder","floor":7},{"not_picked":["hermit:Cheat","hermit:HighCaliber"],"picked":"hermit:Reprieve","floor":8},{"not_picked":["hermit:GoldenBullet","hermit:EyeOfTheStorm"],"picked":"hermit:Manifest","floor":10},{"not_picked":["hermit:Coalescence","hermit:ItchyTrigger"],"picked":"hermit:Manifest","floor":11},{"not_picked":["hermit:Roulette","hermit:Gestalt"],"picked":"hermit:Vantage","floor":13},{"not_picked":["hermit:Feint","hermit:Shortfuse"],"picked":"hermit:Quickdraw","floor":14},{"not_picked":["hermit:Adapt","hermit:DeadOrAlive"],"picked":"hermit:FinalCanter","floor":16},{"not_picked":["hermit:Dive","hermit:FullyLoaded"],"picked":"hermit:Vantage","floor":18},{"not_picked":["hermit:TrackingShot","hermit:ItchyTrigger"],"picked":"hermit:SprayPray","floor":19},{"not_picked":["hermit:EyeOfTheStorm","hermit:Maintenance"],"picked":"hermit:Quickdraw","floor":21},{"not_picked":["hermit:HighCaliber","hermit:CalledShot+1"],"picked":"hermit:Misfire","floor":22},{"not_picked":["hermit:LowProfile+1","hermit:Virtue"],"picked":"hermit:Headshot+1","floor":28},{"not_picked":["hermit:Spite","hermit:EyeOfTheStorm"],"picked":"hermit:Headshot","floor":30},{"not_picked":["hermit:Ricochet","hermit:WideOpen"],"picked":"hermit:BigShot","floor":31}],"player_experience":104307,"relics_obtained":[{"floor":8,"key":"TungstenRod"},{"floor":9,"key":"Kunai"},{"floor":10,"key":"Nunchaku"},{"floor":26,"key":"Shuriken"},{"floor":28,"key":"Ancient Tea Set"},{"floor":31,"key":"WingedGreaves"}],"event_choices":[{"damage_healed":0,"gold_gain":0,"player_choice":"Bought 2 Potions","damage_taken":0,"max_hp_gain":0,"max_hp_loss":0,"event_name":"The Woman in Blue","floor":5,"gold_loss":0},{"cards_removed":["hermit:Defend_Hermit"],"damage_healed":0,"gold_gain":0,"player_choice":"Elegance","damage_taken":0,"max_hp_gain":0,"max_hp_loss":0,"event_name":"Back to Basics","floor":24,"gold_loss":0},{"damage_healed":0,"gold_gain":0,"player_choice":"Read","damage_taken":0,"max_hp_gain":0,"max_hp_loss":0,"event_name":"The Library","floor":27,"gold_loss":0,"cards_obtained":["hermit:LuckOfTheDraw"]}],"is_beta":false,"boss_relics":[{"not_picked":["Fusion Hammer","Calling Bell"],"picked":"SlaversCollar"}],"items_purged_floors":[4,20,29],"is_endless":false,"potions_floor_spawned":[2,7,11,19,21,22,30],"killed_by":"Automaton","ascension_level":0}}