{"host":"5p9hybygolzp0efr","time":1612406420,"event":{"mods":["AchievementEnabler","BaseMod","Bestiary","Colored Map","Minty Spire (QoL Compilation)","Permanent Neow","Relic Stats","StSLib"],"gold_per_floor":[119,119,137,155,155,187,187,187,212,212,230,242,259,286,286,382,382,401,401,326,326,343,378,378,389,389,389,11,40,40,54,54,158,158,172,192,202,202,127,157,173,173,198,225,225,95,108,58,58,58],"floor_reached":51,"language":"ENG","playtime":2624,"items_purged":["Strike_P","Defend_P","Defend_P"],"score":1277,"play_id":"eb1426f7-52a1-4b51-a105-df4f9eecc086","local_time":"20210204104020","is_ascension_mode":true,"campfire_choices":[{"data":"Eruption","floor":7.0,"key":"SMITH"},{"floor":10.0,"key":"REST"},{"data":"Adaptation","floor":15.0,"key":"SMITH"},{"data":"Halt","floor":24.0,"key":"SMITH"},{"floor":27.0,"key":"REST"},{"floor":30.0,"key":"REST"},{"data":"Vigilance","floor":32.0,"key":"SMITH"},{"data":"Fasting2","floor":42.0,"key":"SMITH"},{"data":"Indignation","floor":49,"key":"SMITH"}],"circlet_count":0,"master_deck":["Defend_P","Eruption+1","Vigilance+1","Indignation+1","Adaptation+1","Consecrate+1","Tantrum+1","BowlingBash+1","CutThroughFate","EmptyBody","ClearTheMind","Halt+1","Blasphemy","EmptyMind+1","FlurryOfBlows","Vault","LikeWater+1","WheelKick+1","Omniscience","Fasting2+1","BattleHymn"],"relics":["HolyWater","Omamori","Boot","Orichalcum","Necronomicon","Kunai","Ornamental Fan","Whetstone","Sling","Bottled Tornado","Sozu","Meat on the Bone","Smiling Mask","MealTicket"],"acts_visited":["Exordium","TheCity","TheBeyond"],"potions_floor_usage":[50],"damage_taken":[{"damage":0.0,"enemies":"Jaw Worm","floor":1.0,"turns":3.0},{"damage":12.0,"enemies":"Small Slimes","floor":3.0,"turns":4.0},{"damage":2.0,"enemies":"2 Louse","floor":4.0,"turns":2.0},{"damage":0.0,"enemies":"Lagavulin","floor":6.0,"turns":3.0},{"damage":1.0,"enemies":"Looter","floor":11.0,"turns":2.0},{"damage":0.0,"enemies":"Large Slime","floor":12.0,"turns":2.0},{"damage":0.0,"enemies":"3 Louse","floor":13.0,"turns":1.0},{"damage":12.0,"enemies":"3 Sentries","floor":14.0,"turns":4.0},{"damage":0.0,"enemies":"Slime Boss","floor":16.0,"turns":5.0},{"damage":4.0,"enemies":"Chosen","floor":18.0,"turns":4.0},{"damage":11.0,"enemies":"Shell Parasite","floor":22.0,"turns":4.0},{"damage":11.0,"enemies":"Gremlin Leader","floor":23.0,"turns":5.0},{"damage":9.0,"enemies":"Sentry and Sphere","floor":25.0,"turns":4.0},{"damage":20.0,"enemies":"Slavers","floor":29.0,"turns":3.0},{"damage":0.0,"enemies":"Snecko","floor":31.0,"turns":3.0},{"damage":1.0,"enemies":"Collector","floor":33.0,"turns":6.0},{"damage":0.0,"enemies":"Orb Walker","floor":35.0,"turns":2.0},{"damage":26.0,"enemies":"3 Darklings","floor":36.0,"turns":4.0},{"damage":2.0,"enemies":"Spire Growth","floor":37.0,"turns":3.0},{"damage":21.0,"enemies":"Reptomancer","floor":40.0,"turns":3.0},{"damage":7.0,"enemies":"Transient","floor":41.0,"turns":6.0},{"damage":11.0,"enemies":"Nemesis","floor":44.0,"turns":3.0},{"damage":4,"enemies":"4 Shapes","floor":47,"turns":3},{"damage":25,"enemies":"Donu and Deca","floor":50,"turns":4}],"seed_played":"-5340247273364351145","potions_obtained":[{"floor":3.0,"key":"PowerPotion"},{"floor":4.0,"key":"BlessingOfTheForge"},{"floor":6.0,"key":"EntropicBrew"},{"floor":12.0,"key":"LiquidMemories"},{"floor":25.0,"key":"BlessingOfTheForge"}],"is_trial":false,"path_per_floor":["M","?","M","M","?","E","R","?","T","R","M","M","M","E","R","B",null,"M","?","?","?","M","E","R","M","T","R","$","E","R","M","R","B",null,"M","M","M","?","$","E","M","R","T","E","?","$","M","$","R","B",null],"character_chosen":"WATCHER","items_purchased":["WheelKick","Whetstone","Sling","BattleHymn"],"campfire_rested":3,"item_purchase_floors":[28,28,28,46],"current_hp_per_floor":[65,65,53,51,44,44,44,30,30,51,50,50,50,38,38,38,64,60,60,60,44,33,22,22,13,13,34,34,14,35,35,35,34,63,63,37,35,63,63,42,35,35,35,36,36,51,47,62,62,37],"gold":58,"neow_bonus":"TRANSFORM_CARD","is_daily":false,"chose_seed":false,"campfire_upgraded":6,"win_rate":0.0,"timestamp":1612406420,"path_taken":["M","?","M","M","?","E","R","?","T","R","M","M","M","E","R","BOSS","M","?","?","?","M","E","R","M","T","R","?","E","R","?","R","BOSS","M","?","M","?","$","E","M","R","T","E","?","$","M","?","R","BOSS"],"items_purchased_type":["Card","Relic","Relic","Card"],"build_version":"2020-12-22","purchased_purges":3,"victory":true,"max_hp_per_floor":[72,72,72,72,72,72,72,72,72,72,72,72,72,72,72,72,72,72,72,72,72,72,72,72,72,72,72,72,72,72,72,72,72,72,72,72,72,63,63,63,63,63,63,63,63,63,63,63,63,63],"relic_stats":{"Sozu":4,"counters":[24,83],"Ornamental Fan":[116],"MealTicket":30,"Necronomicon":[14],"Kunai":[32],"Whetstone":["Tantrum","WheelKick"],"Orichalcum":[78],"Boot":[83],"Smiling Mask":125,"obtain_stats":[{"Omamori":6,"Whetstone":28,"Orichalcum":14,"Bottled Tornado":29,"Boot":9,"Sling":28,"Smiling Mask":43,"Sozu":34,"Ornamental Fan":26,"HolyWater":17,"MealTicket":44,"Necronomicon":21,"Kunai":23,"PureWater":0,"Meat on the Bone":40},{"Omamori":4,"Whetstone":13,"Orichalcum":8,"Bottled Tornado":14,"Boot":4,"Sling":13,"Smiling Mask":21,"Sozu":16,"Ornamental Fan":13,"HolyWater":9,"MealTicket":22,"Necronomicon":10,"Kunai":12,"PureWater":0,"Meat on the Bone":20},{"Omamori":12,"Whetstone":43,"Orichalcum":21,"Bottled Tornado":46,"Boot":12,"Sling":43,"Smiling Mask":73,"Sozu":55,"Ornamental Fan":43,"HolyWater":26,"MealTicket":76,"Necronomicon":30,"Kunai":39,"PureWater":0,"Meat on the Bone":67}],"Meat on the Bone":12},"card_choices":[{"not_picked":["BowlingBash","Sanctity"],"picked":"Adaptation","floor":1.0},{"not_picked":["FlurryOfBlows","CutThroughFate"],"picked":"Consecrate","floor":3.0},{"not_picked":["Halt","Omniscience"],"picked":"Tantrum","floor":4.0},{"not_picked":["SignatureMove","JustLucky"],"picked":"BowlingBash","floor":6.0},{"not_picked":["Protect","Crescendo"],"picked":"CutThroughFate","floor":11.0},{"not_picked":["Indignation","SashWhip"],"picked":"EmptyBody","floor":12.0},{"not_picked":["Evaluate","Protect"],"picked":"ClearTheMind","floor":13.0},{"not_picked":["EmptyBody","WindmillStrike"],"picked":"Halt","floor":14.0},{"not_picked":["Alpha","Brilliance"],"picked":"Blasphemy","floor":16.0},{"not_picked":["FlyingSleeves","Halt"],"picked":"EmptyMind+1","floor":18.0},{"not_picked":["FollowUp","Vault","CrushJoints+1"],"picked":"SKIP","floor":22.0},{"not_picked":["FollowUp","CrushJoints+1"],"picked":"Vault","floor":22.0},{"not_picked":["PathToVictory","Crescendo","Tantrum"],"picked":"SKIP","floor":23.0},{"not_picked":["CutThroughFate","Crescendo"],"picked":"LikeWater+1","floor":25.0},{"not_picked":["CrushJoints","Swivel+1","ClearTheMind"],"picked":"SKIP","floor":29.0},{"not_picked":["Prostrate","JustLucky","FlyingSleeves"],"picked":"SKIP","floor":31.0},{"not_picked":["Judgement","Alpha"],"picked":"Omniscience","floor":33.0},{"not_picked":["Worship+1","Evaluate","BattleHymn"],"picked":"SKIP","floor":35.0},{"not_picked":["ClearTheMind","Evaluate+1","Consecrate+1"],"picked":"SKIP","floor":36.0},{"not_picked":["EmptyFist+1","SandsOfTime+1"],"picked":"Fasting2","floor":37.0},{"not_picked":["Halt+1","WreathOfFlame+1","Evaluate+1"],"picked":"SKIP","floor":40.0},{"not_picked":["FlyingSleeves+1","JustLucky+1","EmptyMind+1"],"picked":"SKIP","floor":41.0},{"not_picked":["Crescendo","Fasting2+1","Perseverance"],"picked":"SKIP","floor":44.0},{"not_picked":["ClearTheMind+1","Evaluate+1","SandsOfTime"],"picked":"SKIP","floor":47}],"player_experience":581052,"relics_obtained":[{"floor":6.0,"key":"Omamori"},{"floor":9.0,"key":"Boot"},{"floor":14.0,"key":"Orichalcum"},{"floor":21.0,"key":"Necronomicon"},{"floor":23.0,"key":"Kunai"},{"floor":26.0,"key":"Ornamental Fan"},{"floor":29.0,"key":"Bottled Tornado"},{"floor":40.0,"key":"Meat on the Bone"},{"floor":43.0,"key":"Smiling Mask"},{"floor":44.0,"key":"MealTicket"}],"event_choices":[{"cards_removed":["Defend_P"],"damage_healed":0.0,"max_hp_gain":0.0,"max_hp_loss":0.0,"gold_gain":0.0,"event_name":"Living Wall","player_choice":"Forget","floor":2.0,"gold_loss":0.0,"damage_taken":0.0},{"cards_removed":["Strike_P"],"damage_healed":0.0,"max_hp_gain":0.0,"max_hp_loss":0.0,"gold_gain":0.0,"event_name":"Golden Wing","player_choice":"Card Removal","floor":5.0,"gold_loss":0.0,"damage_taken":7.0},{"damage_healed":0.0,"max_hp_gain":0.0,"max_hp_loss":0.0,"gold_gain":0.0,"event_name":"Shining Light","player_choice":"Entered Light","floor":8.0,"gold_loss":0.0,"damage_taken":14.0,"cards_upgraded":["BowlingBash","Consecrate"]},{"damage_healed":0.0,"max_hp_gain":0.0,"max_hp_loss":0.0,"gold_gain":0.0,"event_name":"The Library","player_choice":"Read","floor":19.0,"gold_loss":0.0,"damage_taken":0.0,"cards_obtained":["FlurryOfBlows"]},{"cards_removed":["Strike_P"],"damage_healed":0.0,"max_hp_gain":0.0,"max_hp_loss":0.0,"gold_gain":0.0,"event_name":"Beggar","player_choice":"Gave Gold","floor":20.0,"gold_loss":75.0,"damage_taken":0.0},{"damage_healed":0.0,"max_hp_gain":0.0,"max_hp_loss":0.0,"gold_gain":0.0,"event_name":"Cursed Tome","player_choice":"Obtained Book","floor":21.0,"gold_loss":0.0,"damage_taken":16.0},{"damage_healed":63.0,"max_hp_gain":0.0,"max_hp_loss":9.0,"gold_gain":0.0,"event_name":"The Moai Head","player_choice":"Heal","floor":38.0,"gold_loss":0.0,"damage_taken":0.0},{"damage_healed":0.0,"max_hp_gain":0.0,"max_hp_loss":0.0,"gold_gain":0.0,"event_name":"SensoryStone","player_choice":"Memory 1","floor":45.0,"gold_loss":0.0,"damage_taken":0.0}],"is_beta":false,"boss_relics":[{"not_picked":["Velvet Choker","VioletLotus"],"picked":"HolyWater"},{"not_picked":["Philosopher\u0027s Stone","Black Star"],"picked":"Sozu"}],"items_purged_floors":[39,46,48],"is_endless":false,"potions_floor_spawned":[3,4,6,12,16,25,33,40,41,44,47],"ascension_level":8}}