{"host":"e1pm3b7xpcm97e5w","time":1612464720,"event":{"mods":["BaseMod","Better Skull","Googly Eyes","Minty Spire (QoL Compilation)","Relic Stats","Shop Mod","Spicy Shops","StSLib"],"gold_per_floor":[113,128,147,166,182,182,195,195,264,264,264,145,145,145],"floor_reached":13,"language":"ENG","playtime":436,"items_purged":[],"score":131,"play_id":"5dbcd88b-cdb6-4e3f-bdd6-4a794cb9d134","local_time":"20210204135200","is_ascension_mode":true,"campfire_choices":[{"data":"Eruption","floor":6.0,"key":"SMITH"},{"floor":11,"key":"REST"}],"circlet_count":0,"master_deck":["AscendersBane","Strike_P","Strike_P","Strike_P","Defend_P","Defend_P","Defend_P","Defend_P","Eruption+1","Vigilance","Scrawl","FollowUp","CrushJoints","JustLucky","TalkToTheHand","JustLucky","Judgement"],"relics":["PureWater","Letter Opener","Gremlin Horn"],"acts_visited":["Exordium"],"potions_floor_usage":[7],"damage_taken":[{"damage":6.0,"enemies":"Cultist","floor":1.0,"turns":5.0},{"damage":10.0,"enemies":"2 Louse","floor":2.0,"turns":3.0},{"damage":2.0,"enemies":"Jaw Worm","floor":3.0,"turns":4.0},{"damage":0.0,"enemies":"Exordium Wildlife","floor":4.0,"turns":2.0},{"damage":4.0,"enemies":"Blue Slaver","floor":5.0,"turns":5.0},{"damage":9,"enemies":"Lots of Slimes","floor":7,"turns":4},{"damage":35,"enemies":"3 Sentries","floor":13,"turns":6}],"seed_played":"619583419361387102","potions_obtained":[{"floor":1.0,"key":"Swift Potion"},{"floor":2.0,"key":"PowerPotion"},{"floor":5.0,"key":"Dexterity Potion"},{"floor":7,"key":"EssenceOfSteel"}],"is_trial":false,"path_per_floor":["M","M","M","M","M","R","M","?","T","?","R","$","E"],"character_chosen":"WATCHER","items_purchased":["Gremlin Horn"],"campfire_rested":1,"item_purchase_floors":[12],"current_hp_per_floor":[37,27,25,25,21,21,12,5,5,5,25,25,0,0],"gold":145,"neow_bonus":"THREE_RARE_CARDS","is_daily":false,"chose_seed":false,"campfire_upgraded":1,"win_rate":0.0,"timestamp":1612464720,"path_taken":["M","M","M","M","M","R","?","?","T","?","R","$","E"],"items_purchased_type":["Relic"],"build_version":"2020-12-22","purchased_purges":0,"victory":false,"max_hp_per_floor":[68,68,68,68,68,68,68,68,68,68,68,68,68,68],"relic_stats":{"Gremlin Horn":[2,2],"counters":[7,29],"Letter Opener":[10],"obtain_stats":[{"Gremlin Horn":12,"Letter Opener":9,"PureWater":0},{"Gremlin Horn":6,"Letter Opener":6,"PureWater":0},{"Gremlin Horn":23,"Letter Opener":23,"PureWater":0}]},"card_choices":[{"not_picked":["Omniscience","Establishment"],"picked":"Scrawl","floor":0.0},{"not_picked":["Fasting2","Halt"],"picked":"FollowUp","floor":1.0},{"not_picked":["WreathOfFlame","Prostrate"],"picked":"CrushJoints","floor":2.0},{"not_picked":["EmptyFist","FearNoEvil"],"picked":"JustLucky","floor":3.0},{"not_picked":["Pray","Crescendo"],"picked":"TalkToTheHand","floor":4.0},{"not_picked":["DeceiveReality","Nirvana"],"picked":"JustLucky","floor":5.0},{"not_picked":["FlyingSleeves","Swivel"],"picked":"Judgement","floor":7}],"player_experience":698756,"relics_obtained":[{"floor":9,"key":"Letter Opener"}],"event_choices":[{"damage_healed":0,"gold_gain":0,"player_choice":"Fled","damage_taken":7,"max_hp_gain":0,"max_hp_loss":0,"event_name":"Scrap Ooze","floor":8,"gold_loss":0},{"cards_removed":["Strike_P"],"damage_healed":0,"gold_gain":0,"player_choice":"Purged","damage_taken":0,"max_hp_gain":0,"max_hp_loss":0,"event_name":"Purifier","floor":10,"gold_loss":0}],"is_beta":false,"boss_relics":[],"items_purged_floors":[],"is_endless":false,"potions_floor_spawned":[1,2,4,5,7],"killed_by":"3 Sentries","ascension_level":14}}