{"host":"1v3mnj67s3trvm6y","time":1612412616,"event":{"mods":["BaseMod","Challenge The Spire","Downfall","Minty Spire (QoL Compilation)","StSLib"],"gold_per_floor":[99,112,125,125,125,154,180,180,36,36,71,71,86,118,136,239,239,39,52,67,86,104,138,138,38,49,64,75,105,105,10,22,117,117,117,137,148,163,163,189,189,189,204,214,260,260,271,271,283,283,283,283],"floor_reached":50,"language":"ENG","playtime":4435,"items_purged":["bronze:Strike","bronze:Strike"],"score":588,"play_id":"35883507-65dc-4e83-9055-e25042e6b0fb","local_time":"20210204132336","is_ascension_mode":false,"campfire_choices":[{"data":"bronze:Goto","floor":1,"key":"SMITH"},{"data":"bronze:FollowUp","floor":12,"key":"SMITH"},{"floor":18,"key":"RECALL"},{"floor":25,"key":"REST"},{"data":"bronze:Strike","floor":30,"key":"PURGE"},{"data":"bronze:Verify","floor":35,"key":"SMITH"},{"floor":42,"key":"REST"},{"data":"bronze:Verify","floor":46,"key":"SMITH"}],"circlet_count":0,"master_deck":["bronze:Defend","bronze:Defend","bronze:Defend+1","bronze:Defend","bronze:Replicate","bronze:Goto+1","bronze:Overheat","bronze:Branch","bronze:Shell","bronze:Branch","bronze:FineTuning","bronze:Frontload","bronze:FollowUp+1","bronze:DelayedSlice","bronze:DigitalCarnage","bronze:Format+1","bronze:OilSpill","bronze:Virus","bronze:BronzeArmor","bronze:ItsAFeature+1","bronze:ChosenStrike+1","bronze:Assembly","bronze:DelayedGuard","bronze:ClassDefault","bronze:BronzeOrb+1","bronze:Fortify+1","bronze:Deprecate","bronze:WhirlingStrike","bronze:Verify+1","bronze:NullPointer+1","bronze:Goto","bronze:FollowUp+1","bronze:Overheat+1","bronze:Allocate+1","bronze:Verify+1","Parasite","bronze:BuggyMess+1","expansioncontent:Chronoboost","expansioncontent:AwakenDeath","bronze:Optimize"],"relics":["bronze:PlatinumCore","MealTicket","Pantograph","bronze:SilverBullet","downfall:HeartBlessingGreen","downfall:HeartBlessingBlue","War Paint","Peace Pipe","downfall:HeartBlessingRed","The Courier","Sozu","Toy Ornithopter","Molten Egg 2","Calipers"],"acts_visited":["Exordium","TheCity","TheBeyond"],"potions_floor_usage":[6,45],"damage_taken":[{"damage":5,"enemies":"Small Slimes","floor":2,"turns":3},{"damage":1,"enemies":"Jaw Worm","floor":3,"turns":3},{"damage":12,"enemies":"3 Sentries","floor":6,"turns":8},{"damage":2,"enemies":"downfall:FleeingMerchant","floor":9,"turns":4},{"damage":0,"enemies":"Cultist","floor":10,"turns":1},{"damage":4,"enemies":"Gremlin Nob","floor":11,"turns":5},{"damage":7,"enemies":"Large Slime","floor":13,"turns":3},{"damage":20,"enemies":"Lagavulin","floor":14,"turns":7},{"damage":1,"enemies":"2 Fungi Beasts","floor":15,"turns":2},{"damage":11,"enemies":"SI_SHIV_ARCHETYPE","floor":16,"turns":7},{"damage":0,"enemies":"Chosen","floor":19,"turns":3},{"damage":0,"enemies":"Spheric Guardian","floor":20,"turns":3},{"damage":0,"enemies":"Cultist and Chosen","floor":21,"turns":5},{"damage":8,"enemies":"Shelled Parasite and Fungi","floor":22,"turns":5},{"damage":15,"enemies":"Gremlin Leader","floor":23,"turns":5},{"damage":11,"enemies":"Snake Plant","floor":26,"turns":4},{"damage":8,"enemies":"Centurion and Healer","floor":27,"turns":5},{"damage":4,"enemies":"Shelled Parasite and Fungi","floor":28,"turns":4},{"damage":2,"enemies":"Book of Stabbing","floor":29,"turns":4},{"damage":0,"enemies":"downfall:FleeingMerchant","floor":31,"turns":4},{"damage":0,"enemies":"Cultist and Chosen","floor":32,"turns":5},{"damage":2,"enemies":"WA_ARCHETYPE_CALM","floor":33,"turns":13},{"damage":0,"enemies":"Orb Walker","floor":36,"turns":3},{"damage":10,"enemies":"3 Shapes","floor":37,"turns":4},{"damage":8,"enemies":"3 Darklings","floor":38,"turns":3},{"damage":13,"enemies":"Giant Head","floor":40,"turns":8},{"damage":2,"enemies":"Jaw Worm Horde","floor":43,"turns":3},{"damage":19,"enemies":"Spire Growth","floor":44,"turns":4},{"damage":0,"enemies":"2 Orb Walkers","floor":45,"turns":3},{"damage":28,"enemies":"Writhing Mass","floor":47,"turns":6},{"damage":14,"enemies":"Transient","floor":49,"turns":5},{"damage":140,"enemies":"IC_BLOCK_ARCHETYPE","floor":50,"turns":4}],"seed_played":"-8107740474902078263","potions_obtained":[{"floor":3,"key":"Dexterity Potion"},{"floor":13,"key":"bronze:FreeFunctionsPotion"},{"floor":14,"key":"champ:CounterPotion"},{"floor":16,"key":"AttackPotion"},{"floor":19,"key":"Ancient Potion"},{"floor":21,"key":"PowerPotion"}],"is_trial":false,"path_per_floor":["R","M","M","?","?","E","T","?","$","M","E","R","M","E","M","B",null,"R","M","M","M","M","E","T","R","M","M","M","E","R","$","M","B",null,"R","M","M","M","?","E","T","R","M","M","?","R","M","?","M","B"],"character_chosen":"THE_AUTOMATON","items_purchased":["bronze:Frontload"],"campfire_rested":2,"item_purchase_floors":[9],"current_hp_per_floor":[77,72,71,71,71,59,59,64,77,77,73,73,66,46,45,59,82,92,92,92,92,84,69,69,92,81,73,69,67,67,82,82,90,92,92,92,82,74,74,61,61,88,86,67,72,72,44,39,25,0,0,0],"gold":283,"neow_bonus":"TEN_PERCENT_HP_BONUS","is_daily":false,"chose_seed":false,"campfire_upgraded":4,"win_rate":0.0,"timestamp":1612412616,"path_taken":["R","M","M","?","?","E","T","?","$","M","E","R","M","E","M","BOSS","R","M","M","M","M","E","T","R","M","M","M","E","R","$","M","BOSS","R","M","M","M","?","E","T","R","M","?","?","R","M","?","M","BOSS"],"items_purchased_type":["Card"],"build_version":"2020-12-22","purchased_purges":2,"victory":false,"max_hp_per_floor":[77,77,77,77,77,77,77,82,82,82,82,82,82,82,82,82,82,92,92,92,92,92,92,92,92,92,92,92,92,92,92,92,92,92,92,92,92,92,92,92,92,92,92,92,92,92,92,92,92,92,92,92],"card_choices":[{"not_picked":["bronze:WildBeam","bronze:Overload"],"picked":"bronze:Overheat","floor":2},{"not_picked":["bronze:Iterate","bronze:Deprecate"],"picked":"bronze:Branch","floor":3},{"not_picked":["bronze:GetLatest","bronze:ShipIt"],"picked":"bronze:Branch","floor":6},{"not_picked":["bronze:Backtrace","bronze:Deprecate"],"picked":"bronze:FineTuning","floor":9},{"not_picked":["bronze:Overheat","bronze:CutThrough"],"picked":"bronze:FollowUp","floor":10},{"not_picked":["bronze:BronzeOrb","bronze:GetLatest"],"picked":"bronze:DelayedSlice","floor":11},{"not_picked":["bronze:NullPointer","bronze:FineTuning"],"picked":"bronze:DigitalCarnage","floor":13},{"not_picked":["bronze:Overload","bronze:WildBeam"],"picked":"bronze:Format","floor":14},{"not_picked":["bronze:Allocate","bronze:BuggyMess"],"picked":"bronze:OilSpill","floor":15},{"not_picked":["bronze:RecursiveStrike","bronze:HyperBeam"],"picked":"bronze:Virus","floor":16},{"not_picked":["bronze:CutThrough","bronze:DigitalCarnage","bronze:Frontload"],"picked":"SKIP","floor":19},{"not_picked":["bronze:CutThrough","bronze:WhirlingStrike"],"picked":"bronze:BronzeArmor","floor":20},{"not_picked":["bronze:ForLoop","bronze:Iterate"],"picked":"bronze:ItsAFeature+1","floor":21},{"not_picked":["bronze:WildBeam","bronze:FineTuning"],"picked":"bronze:ChosenStrike+1","floor":22},{"not_picked":["bronze:WhirlingStrike","bronze:CutThrough"],"picked":"bronze:Assembly","floor":23},{"not_picked":["bronze:FineTuning","bronze:Invalidate"],"picked":"bronze:DelayedGuard","floor":26},{"not_picked":["bronze:Iterate","bronze:DelayedSlice"],"picked":"bronze:ClassDefault","floor":27},{"not_picked":["bronze:BronzeArmor","bronze:BitShift"],"picked":"bronze:BronzeOrb+1","floor":28},{"not_picked":["bronze:ChildClass","bronze:Iterate"],"picked":"bronze:Fortify+1","floor":29},{"not_picked":["bronze:Shell","bronze:Shield"],"picked":"bronze:Deprecate","floor":31},{"not_picked":["bronze:Fortify","bronze:Invalidate"],"picked":"bronze:WhirlingStrike","floor":32},{"not_picked":["bronze:RecursiveStrike","bronze:ShipIt"],"picked":"bronze:Verify","floor":33},{"not_picked":["bronze:WildBeam","bronze:Overheat","bronze:Overload"],"picked":"SKIP","floor":36},{"not_picked":["bronze:WildBeam","bronze:BugBarrage","bronze:Iterate"],"picked":"SKIP","floor":37},{"not_picked":["bronze:Shield","bronze:Branch+1"],"picked":"bronze:NullPointer+1","floor":38},{"not_picked":["bronze:DelayedSlice+1","bronze:Iterate"],"picked":"bronze:FollowUp+1","floor":40},{"not_picked":["bronze:WildBeam+1","bronze:MaxOutput+1"],"picked":"bronze:Overheat+1","floor":43},{"not_picked":["bronze:FineTuning+1","bronze:NullPointer+1"],"picked":"bronze:Allocate+1","floor":44},{"not_picked":["bronze:Deprecate+1","bronze:Shield+1"],"picked":"bronze:Verify","floor":45},{"not_picked":["bronze:Safeguard+1","bronze:Backtrace+1"],"picked":"bronze:BuggyMess+1","floor":47},{"not_picked":["expansioncontent:LastStand","expansioncontent:Hexaburn"],"picked":"expansioncontent:Chronoboost","floor":48},{"not_picked":["expansioncontent:Chronoboost","expansioncontent:YouAreMine"],"picked":"expansioncontent:AwakenDeath","floor":48},{"not_picked":["bronze:FollowUp+1","bronze:WildBeam+1"],"picked":"bronze:Optimize","floor":49}],"player_experience":1646237,"relics_obtained":[{"floor":6,"key":"MealTicket"},{"floor":11,"key":"Pantograph"},{"floor":14,"key":"bronze:SilverBullet"},{"floor":23,"key":"War Paint"},{"floor":24,"key":"Peace Pipe"},{"floor":29,"key":"The Courier"},{"floor":40,"key":"Toy Ornithopter"},{"floor":41,"key":"Molten Egg 2"},{"floor":45,"key":"Calipers"}],"event_choices":[{"damage_healed":0,"gold_gain":0,"player_choice":"Donut","damage_taken":0,"max_hp_gain":5,"max_hp_loss":0,"event_name":"Big Fish","floor":8,"gold_loss":0},{"damage_healed":0,"gold_gain":0,"player_choice":"Fight","damage_taken":0,"max_hp_gain":0,"max_hp_loss":0,"event_name":"Mysterious Sphere","floor":45,"gold_loss":0}],"is_beta":false,"boss_relics":[{"not_picked":["Pandora\u0027s Box","Velvet Choker"],"picked":"bronze:PlatinumCore"},{"not_picked":["Runic Dome","Calling Bell"],"picked":"Sozu"}],"items_purged_floors":[9,31],"is_endless":false,"potions_floor_spawned":[3,13,14,16,19,21,22,29,40,44,45,47],"killed_by":"IC_BLOCK_ARCHETYPE","ascension_level":0}}