{"host":"h51tltv0izczgxti","time":1612459208,"event":{"mods":["2.2 Compatiblity","AchievementEnabler","Act Like it!","Aspiration","BaseMod","Beaked The Cultist","Better Altar","Better Match","Better Note","Better Sensory Stone","Better Skull","Better Third Choice","Better Vampires","BetterRewards","Clockwork Mod","Gensokyo","Halation","Hallownest","Hermit","HololiveMod","Hubris","Infinite Spire","Koishi","Mad Scientist","Magitek Elite","Marisa????????","Melee Mod","Minty Spire (QoL Compilation)","Pale of the Ancients","Poor People Problems","Prisma Mod","Random Character Button","Relic Filter Mod","Reliquary","Remilia??????","Replay The Spire","Retaliation","Robot Space Explorer","Shade Mod","Spicy Shops","Spire Arcade","StS++","StSLib","Strawberry Spire","The Animator","The Bug Knight","The Gatherer","The Kombatant","The Poker Player","The Servant 0.9.4","The Wild Card","TheBandit","WarShipGirlsR/????R mod","Yuyuko"],"gold_per_floor":[129,129,47,47,0,31,60,60,83,124,139,139,64,78,78,178,178,197,197,197,207,223,223,239,243,243],"floor_reached":25,"language":"ENG","playtime":2137,"items_purged":["animator:Strike"],"score":249,"play_id":"c9e1be6d-d2b6-4424-8c91-5624dfe6d5d5","local_time":"20210204112008","is_ascension_mode":true,"campfire_choices":[{"floor":12,"key":"REST"},{"floor":15,"key":"REST"},{"floor":23,"key":"REST"}],"circlet_count":0,"master_deck":["animator:Strike_GoblinSlayer","animator:Defend_GoblinSlayer","animator:Strike","animator:Strike","animator:Defend","animator:Defend","animator:Defend","animator:LizardPriest","animator:Eve","animator:DolaStephanie","animator:DwarfShaman","animator:Gillette","animator:UneriGinkaku+1","animator:ElricEdward","animator:Millim+1","animator:Megumin+4","animator:Emilia","animator:Shimakaze","animator:Kuroyukihime","animator:Witch","animator:Aisha","animator:Rimuru","animator:Yuuichirou","animator:Kazuma","animator:GuildGirl","Inflame"],"relics":["animator:LivingPicture","animator:TheMissingPiece","animator:PurgingStone","Happy Flower","Onion Ring","ReplayTheSpireMod:ShopPack","Replay:Baseball","hubris:SlimyHat","aspiration:IroncladSkillbook","Gensokyo:MosesMiracle"],"acts_visited":["Gensokyo:Gensokyo","Gensokyo:Gensokyoer"],"potions_floor_usage":[16,22,24],"damage_taken":[{"damage":3,"enemies":"Gensokyo:3_Fairies","floor":1,"turns":5},{"damage":22,"enemies":"Gensokyo:Mamizou","floor":6,"turns":8},{"damage":0,"enemies":"Gensokyo:Python","floor":7,"turns":3},{"damage":5,"enemies":"Gensokyo:Aya","floor":10,"turns":3},{"damage":0,"enemies":"Gensokyo:2_Kodama","floor":11,"turns":2},{"damage":7,"enemies":"Gensokyo:Kitsune","floor":14,"turns":3},{"damage":44,"enemies":"Gensokyo:Yukari","floor":16,"turns":7},{"damage":7,"enemies":"Gensokyo:CosmicMonolith","floor":18,"turns":3},{"damage":0,"enemies":"Gensokyo:Chomper","floor":21,"turns":3},{"damage":52,"enemies":"Gensokyo:Wraith","floor":22,"turns":6},{"damage":22,"enemies":"Gensokyo:Swordslinger","floor":24,"turns":5},{"damage":19,"enemies":"Gensokyo:Mirror_and_Dog","floor":25,"turns":3}],"seed_played":"7956697959966570499","potions_obtained":[{"floor":6,"key":"ColorlessPotion"},{"floor":7,"key":"SpeedPotion"},{"floor":10,"key":"Doom Potion"},{"floor":22,"key":"Block Potion"}],"is_trial":false,"path_per_floor":["M","?","$","?","COS","E","M","$","T","E","M","R","$","M","R","B",null,"M","?","?","M","M","R","M","M"],"character_chosen":"THE_ANIMATOR","items_purchased":["animator:DwarfShaman","animator:Gillette","ReplayTheSpireMod:ShopPack"],"campfire_rested":3,"item_purchase_floors":[3,3,8],"current_hp_per_floor":[57,57,57,57,57,35,35,27,27,22,22,40,40,34,52,8,61,58,58,58,62,14,32,14,0,0],"gold":243,"neow_bonus":"THREE_RARE_CARDS","is_daily":false,"chose_seed":false,"campfire_upgraded":0,"win_rate":0.0,"timestamp":1612459208,"path_taken":["M","?","$","?","COS","E","M","?","T","E","?","R","?","M","R","BOSS","M","?","?","M","M","R","M","M"],"items_purchased_type":["Card","Card","Relic"],"build_version":"2020-12-22","purchased_purges":1,"victory":false,"max_hp_per_floor":[60,60,60,60,60,60,60,60,60,60,60,60,60,61,61,61,61,61,61,61,62,62,62,62,62,62],"card_choices":[{"not_picked":["animator:PinaCoLada","animator:Rimuru"],"picked":"animator:Eve","floor":0},{"not_picked":["animator:ChlammyZell","animator:Assassin"],"picked":"animator:DolaStephanie","floor":1},{"not_picked":["animator:Mitsurugi","animator:AcuraTooru"],"picked":"animator:ElricEdward","floor":6},{"not_picked":["animator:Biyorigo","animator:MadokaKaname"],"picked":"animator:Millim","floor":7},{"not_picked":["animator:EmiyaShirou","animator:HigakiRinne"],"picked":"animator:Megumin","floor":7},{"not_picked":["animator:Lelouch","animator:HououinKyouma"],"picked":"animator:Emilia","floor":8},{"not_picked":["animator:Kira","animator:HououinKyouma"],"picked":"animator:Shimakaze","floor":8},{"not_picked":["animator:NononJakuzure","animator:Magilou"],"picked":"animator:Kuroyukihime","floor":8},{"not_picked":["animator:DwarfShaman","animator:Spearman"],"picked":"animator:Witch","floor":10},{"not_picked":["animator:RoryMercury","animator:DolaSchwi"],"picked":"animator:Millim","floor":11},{"not_picked":["animator:SilverFang","animator:Gilgamesh"],"picked":"animator:Aisha","floor":14},{"not_picked":["animator:Albedo","animator:Father"],"picked":"animator:Rimuru","floor":16},{"not_picked":["animator:Shinoa","DDmod:BurningFumesPowerCard","Shrug It Off+1"],"picked":"animator:Yuuichirou","floor":18},{"not_picked":["animator:Priestess","animator:DwarfShaman","animator:LizardPriest"],"picked":"animator:GuildGirl","floor":21},{"not_picked":["animator:Evileye","animator:ElricEdward","Dropkick","Iron Wave"],"picked":"SKIP","floor":22},{"not_picked":["Havoc","animator:Mitsuba+1","Thunderclap"],"picked":"Inflame","floor":24}],"player_experience":925395,"relics_obtained":[{"floor":6,"key":"Onion Ring"},{"floor":9,"key":"Replay:Baseball"},{"floor":10,"key":"hubris:SlimyHat"},{"floor":24,"key":"Gensokyo:MosesMiracle"}],"event_choices":[],"is_beta":false,"boss_relics":[{"not_picked":["Calling Bell","Gem_Box"],"picked":"aspiration:IroncladSkillbook"}],"items_purged_floors":[13],"is_endless":false,"potions_floor_spawned":[6,7,10,22],"killed_by":"Gensokyo:Mirror_and_Dog","ascension_level":4}}