{"host":"0mk07bycsqo1qk03","time":1612430126,"event":{"mods":["BaseMod","Downfall","Hermit","Hubris","Minty Spire (QoL Compilation)","Replay The Spire","StSLib","The Cursed"],"gold_per_floor":[170,186,205,205,46,56,56,66,66,195,247,247,272,7,22,127,127,127,142,142,142,157,157,226,226,244,264,264,100,100,70,90,90,90,90],"floor_reached":33,"language":"ENG","playtime":1365,"items_purged":[],"score":327,"play_id":"897caf2b-1dc1-4e13-9e9e-d6b56ca078e2","local_time":"20210204101526","is_ascension_mode":true,"campfire_choices":[{"data":"expansioncontent:PolyBeam","floor":12,"key":"SMITH"},{"data":"champ:Strike","floor":18,"key":"PURGE"},{"data":"champ:EnchantShield","floor":23,"key":"SMITH"},{"floor":28,"key":"REST"},{"data":"champ:UltimateStance","floor":30,"key":"SMITH"}],"circlet_count":0,"master_deck":["champ:Strike","champ:Strike","champ:Defend","champ:Defend","champ:Defend","champ:Defend","champ:Execute","champ:Taunt","champ:SteelEdge","champ:FlashCut","champ:FanOfKnives","champ:BerserkerStyle","expansioncontent:PolyBeam+1","champ:GutPunch","champ:CrownThrow","champ:VampiricStrike","champ:FaceSlap","champ:IgnorePain","champ:ShieldWall","champ:EnchantShield+1","champ:Circumvent","champ:StanceDance","champ:UltimateStance+1","champ:Lariat+1","champ:TornadoPunch"],"relics":["champ:ChampionCrown","Shuriken","hubris:Icosahedron","hubris:OldNail","Art of War","Mercury Hourglass","hubris:RunicObelisk","Chameleon Ring","downfall:RedIOU","Toolbox"],"acts_visited":["Exordium","TheCity"],"potions_floor_usage":[26,33,33],"damage_taken":[{"damage":15,"enemies":"Small Slimes","floor":2,"turns":3},{"damage":10,"enemies":"Jaw Worm","floor":3,"turns":3},{"damage":10,"enemies":"downfall:FleeingMerchant","floor":5,"turns":4},{"damage":0,"enemies":"2 Louse","floor":6,"turns":2},{"damage":19,"enemies":"Exordium Thugs","floor":8,"turns":3},{"damage":20,"enemies":"Gremlin Nob","floor":10,"turns":4},{"damage":35,"enemies":"downfall:FleeingMerchant","floor":14,"turns":4},{"damage":0,"enemies":"Exordium Wildlife","floor":15,"turns":3},{"damage":0,"enemies":"SI_SHIV_ARCHETYPE","floor":16,"turns":6},{"damage":0,"enemies":"Spheric Guardian","floor":19,"turns":2},{"damage":40,"enemies":"Centurion and Healer","floor":22,"turns":3},{"damage":25,"enemies":"3 Cultists","floor":26,"turns":4},{"damage":17,"enemies":"Snecko","floor":27,"turns":4},{"damage":40,"enemies":"downfall:FleeingMerchant","floor":29,"turns":4},{"damage":23,"enemies":"Cultist and Chosen","floor":31,"turns":6},{"damage":29,"enemies":"Chosen and Byrds","floor":32,"turns":4},{"damage":71,"enemies":"DF_ARCHETYPE_CLAW","floor":33,"turns":6}],"seed_played":"-7200919738533995171","potions_obtained":[{"floor":2,"key":"Toxic Potion"},{"floor":3,"key":"DistilledChaos"},{"floor":16,"key":"Languid Potion"},{"floor":19,"key":"champ:CounterPotion"},{"floor":26,"key":"Flashbang"},{"floor":27,"key":"DistilledChaos"}],"is_trial":false,"path_per_floor":["R","M","M","?","$","M","T","M","?","E","T","R","T","$","M","B",null,"R","M","?","?","M","R","T","?","M","M","R","$","R","M","M","B"],"character_chosen":"THE_CHAMP","items_purchased":["expansioncontent:PolyBeam","champ:GutPunch","Mercury Hourglass","Toolbox"],"campfire_rested":1,"item_purchase_floors":[5,5,14,29],"current_hp_per_floor":[90,85,85,85,85,85,85,66,66,51,51,51,51,36,36,36,90,90,90,72,72,42,42,42,42,32,32,60,85,85,69,65,0,0,0],"gold":90,"neow_bonus":"ONE_RANDOM_RARE_CARD","is_daily":false,"chose_seed":false,"campfire_upgraded":3,"win_rate":0.0,"timestamp":1612430126,"path_taken":["R","M","M","?","$","M","T","M","?","E","?","R","?","$","M","BOSS","R","M","?","?","M","R","T","?","M","M","R","$","R","?","M","BOSS"],"items_purchased_type":["Card","Card","Relic","Relic"],"build_version":"2020-12-22","purchased_purges":0,"victory":false,"max_hp_per_floor":[90,90,90,90,90,90,90,90,90,90,90,90,90,90,90,90,90,90,90,95,95,95,95,95,95,95,95,95,95,95,95,95,95,95,95],"card_choices":[{"not_picked":["champ:AdrenalArmor","champ:Circumvent"],"picked":"champ:FlashCut","floor":2},{"not_picked":["champ:StanceDance","champ:Parry"],"picked":"champ:FanOfKnives","floor":3},{"not_picked":["champ:FanOfKnives","champ:CrownThrow"],"picked":"champ:BerserkerStyle","floor":5},{"not_picked":["champ:DefensiveShout","champ:EnGarde"],"picked":"champ:CrownThrow","floor":6},{"not_picked":["champ:AdrenalArmor","champ:HeartStrike"],"picked":"champ:VampiricStrike","floor":8},{"not_picked":["champ:HeartStrike","champ:FlashCut"],"picked":"champ:FaceSlap","floor":10},{"not_picked":["champ:FaceSlap","champ:Shatter"],"picked":"champ:IgnorePain","floor":14},{"not_picked":["champ:BerserkersShout","champ:BladeFlurry"],"picked":"champ:ShieldWall","floor":15},{"not_picked":["champ:MurderStrike","champ:DancingMaster"],"picked":"champ:EnchantShield","floor":16},{"not_picked":["champ:FocusedBerserking","champ:PerfectedStrike"],"picked":"champ:Circumvent","floor":19},{"not_picked":["champ:PreciseThrust+1","champ:CrownThrow+1"],"picked":"champ:StanceDance","floor":22},{"not_picked":["champ:StanceDance","champ:BringItOn"],"picked":"champ:UltimateStance","floor":26},{"not_picked":["champ:Haymaker+1","champ:BerserkersShout"],"picked":"champ:Lariat+1","floor":27},{"not_picked":["champ:StanceDance","champ:RapidStrikes","champ:FanOfKnives"],"picked":"SKIP","floor":29},{"not_picked":["champ:RisingSlash","champ:EndlessRage+1","champ:FalseCounter"],"picked":"SKIP","floor":31},{"not_picked":["champ:PerfectedStrike","champ:FanOfKnives"],"picked":"champ:TornadoPunch","floor":32}],"player_experience":999532,"relics_obtained":[{"floor":7,"key":"Shuriken"},{"floor":10,"key":"hubris:OldNail"},{"floor":11,"key":"Boot"},{"floor":13,"key":"Art of War"},{"floor":24,"key":"Chameleon Ring"}],"event_choices":[],"is_beta":false,"boss_relics":[{"not_picked":["hubris:TerracottaHorce","hubris:VirtuousBlindfold"],"picked":"hubris:RunicObelisk"}],"items_purged_floors":[],"is_endless":false,"potions_floor_spawned":[2,3,16,19,26,27],"killed_by":"DF_ARCHETYPE_CLAW","ascension_level":2}}