{"host":"00f1p9ihhzi7hxfk","time":1612438604,"event":{"mods":["AchievementEnabler","BaseMod","Colored Map","Colored Powertips","Minty Spire (QoL Compilation)","Rare Cards Sparkle","Relic Stats"],"gold_per_floor":[114,131,143,156,173,173,184,199,199,212,223,253,270,288,288,387,387,401,387,402,402,402],"floor_reached":21,"language":"DEU","playtime":1717,"items_purged":[],"score":218,"play_id":"227fcd8d-5ed7-4727-a76d-30a5ba6b3a60","local_time":"20210204123644","is_ascension_mode":false,"campfire_choices":[{"data":"True Grit","floor":6.0,"key":"SMITH"},{"data":"Heavy Blade","floor":15.0,"key":"SMITH"}],"circlet_count":0,"master_deck":["Strike_R","Strike_R","Strike_R","Strike_R","Strike_R","Defend_R","Defend_R","Defend_R","Defend_R","Bash","Flex","Shrug It Off","Spot Weakness","Pommel Strike","True Grit+1","Headbutt","Heavy Blade+1","Reaper","Disarm","Feed","Twin Strike","Flame Barrier"],"relics":["Burning Blood","Anchor","Bottled Lightning","Mark of Pain"],"acts_visited":["Exordium","TheCity"],"potions_floor_usage":[21],"damage_taken":[{"damage":5.0,"enemies":"Cultist","floor":1.0,"turns":4.0},{"damage":5.0,"enemies":"Small Slimes","floor":2.0,"turns":4.0},{"damage":10.0,"enemies":"2 Louse","floor":3.0,"turns":3.0},{"damage":25.0,"enemies":"Exordium Wildlife","floor":4.0,"turns":5.0},{"damage":2.0,"enemies":"2 Fungi Beasts","floor":5.0,"turns":4.0},{"damage":11.0,"enemies":"Large Slime","floor":7.0,"turns":4.0},{"damage":11.0,"enemies":"Looter","floor":8.0,"turns":3.0},{"damage":3.0,"enemies":"3 Louse","floor":10.0,"turns":2.0},{"damage":12.0,"enemies":"Red Slaver","floor":11.0,"turns":4.0},{"damage":18.0,"enemies":"3 Sentries","floor":12.0,"turns":8.0},{"damage":0.0,"enemies":"Looter","floor":13.0,"turns":2.0},{"damage":2.0,"enemies":"Blue Slaver","floor":14.0,"turns":3.0},{"damage":49,"enemies":"The Guardian","floor":16,"turns":12},{"damage":7,"enemies":"Chosen","floor":18,"turns":5},{"damage":7,"enemies":"2 Thieves","floor":19,"turns":4},{"damage":21,"enemies":"Shelled Parasite and Fungi","floor":20,"turns":5},{"damage":153,"enemies":"3 Cultists","floor":21,"turns":7}],"seed_played":"1178223029374423992","potions_obtained":[{"floor":3.0,"key":"SteroidPotion"},{"floor":4.0,"key":"ColorlessPotion"},{"floor":7.0,"key":"Block Potion"},{"floor":8.0,"key":"AttackPotion"},{"floor":10.0,"key":"BloodPotion"},{"floor":12.0,"key":"Fruit Juice"},{"floor":18,"key":"ElixirPotion"}],"is_trial":false,"path_per_floor":["M","M","M","M","M","R","M","M","T","M","M","E","M","M","R","B",null,"M","M","M","M"],"character_chosen":"IRONCLAD","items_purchased":[],"campfire_rested":0,"item_purchase_floors":[],"current_hp_per_floor":[88,88,84,65,69,69,64,59,59,62,56,69,75,79,79,46,93,92,96,94,0,0],"gold":402,"neow_bonus":"TEN_PERCENT_HP_BONUS","is_daily":false,"chose_seed":false,"campfire_upgraded":2,"win_rate":0.0,"timestamp":1612438604,"path_taken":["M","M","?","M","M","R","M","M","T","M","M","E","?","M","R","BOSS","M","M","M","M"],"items_purchased_type":[],"build_version":"2020-12-22","purchased_purges":0,"victory":false,"max_hp_per_floor":[88,88,88,88,88,88,88,88,88,88,88,93,93,93,93,93,93,93,96,99,99,99],"relic_stats":{"counters":[17,79],"obtain_stats":[{"Anchor":9,"Mark of Pain":17,"Bottled Lightning":12,"Burning Blood":0},{"Anchor":7,"Mark of Pain":13,"Bottled Lightning":10,"Burning Blood":0},{"Anchor":27,"Mark of Pain":58,"Bottled Lightning":41,"Burning Blood":0}],"Burning Blood":89},"card_choices":[{"not_picked":["Warcry","Evolve"],"picked":"Flex","floor":1.0},{"not_picked":["Evolve","Perfected Strike"],"picked":"Shrug It Off","floor":2.0},{"not_picked":["Havoc","Carnage"],"picked":"Spot Weakness","floor":3.0},{"not_picked":["Perfected Strike","Wild Strike"],"picked":"Pommel Strike","floor":4.0},{"not_picked":["Anger","Burning Pact"],"picked":"True Grit","floor":5.0},{"not_picked":["Flex","Headbutt","Clash"],"picked":"SKIP","floor":7.0},{"not_picked":["Anger","Power Through"],"picked":"Headbutt","floor":8.0},{"not_picked":["Body Slam","Dual Wield"],"picked":"Heavy Blade","floor":10.0},{"not_picked":["Infernal Blade","Reckless Charge"],"picked":"Reaper","floor":11.0},{"not_picked":["Bludgeon","True Grit","Body Slam"],"picked":"SKIP","floor":12.0},{"not_picked":["Wild Strike","Entrench","Sword Boomerang"],"picked":"SKIP","floor":13.0},{"not_picked":["Headbutt","Perfected Strike"],"picked":"Disarm","floor":14.0},{"not_picked":["Barricade","Impervious"],"picked":"Feed","floor":16},{"not_picked":["Fire Breathing+1","Disarm","Havoc+1"],"picked":"SKIP","floor":18},{"not_picked":["Battle Trance+1","Thunderclap"],"picked":"Twin Strike","floor":19},{"not_picked":["Power Through","Hemokinesis+1"],"picked":"Flame Barrier","floor":20}],"player_experience":93496,"relics_obtained":[{"floor":9.0,"key":"Anchor"},{"floor":12.0,"key":"Bottled Lightning"}],"event_choices":[],"is_beta":false,"boss_relics":[{"not_picked":["Runic Cube","Empty Cage"],"picked":"Mark of Pain"}],"items_purged_floors":[],"is_endless":false,"potions_floor_spawned":[3,4,7,8,10,12,18],"killed_by":"3 Cultists","ascension_level":0}}