{"host":"jlk2k69f9c6o7b3e","time":1612416988,"event":{"mods":["AchievementEnabler","BaseMod","Minty Spire (QoL Compilation)","StSLib"],"gold_per_floor":[114,114,189,189,204,230,241,271,271,285,285,304,339,339,339,443,443,464,490,517,562,581,581,193,230,284,284,318,318,340,265,265,377,377,404,430,489,510,530,564,614,653,653,653,653,563,904,924,924,924],"floor_reached":51,"language":"ZHS","playtime":3002,"items_purged":["Defend_G"],"score":1543,"play_id":"2919157b-019b-475e-a61a-e56e9846994c","local_time":"20210204133628","is_ascension_mode":true,"campfire_choices":[{"data":"Terror","floor":11.0,"key":"SMITH"},{"data":"Wraith Form v2","floor":15.0,"key":"SMITH"},{"data":"Prepared","floor":23.0,"key":"SMITH"},{"data":"Apotheosis","floor":29,"key":"SMITH"},{"floor":32,"key":"RECALL"},{"floor":45,"key":"DIG"},{"floor":49,"key":"DIG"}],"circlet_count":0,"master_deck":["Strike_G","Strike_G","Strike_G","Strike_G","Strike_G","Defend_G","Defend_G","Survivor","Neutralize","Slice","Backflip","Backstab","Wraith Form v2+1","Grand Finale","Terror+1","Neutralize+1","Flash of Steel+1","Die Die Die+1","Noxious Fumes","Wraith Form v2","CurseOfTheBell","Backflip","Prepared+1","Masterful Stab+1","Ghostly","Ghostly","Ghostly+1","Ghostly","Ghostly","Masterful Stab+1","Apotheosis+1","Prepared+1","Endless Agony+1","Riddle With Holes+1","Adrenaline+1","Endless Agony+1","Deflect+1","Reflex+1","Riddle With Holes+1","Skewer+1","Flying Knee+1","Outmaneuver+1","Burst+1","Slice+1"],"relics":["Ring of the Snake","NeowsBlessing","FaceOfCleric","Orichalcum","Unceasing Top","Gremlin Horn","Molten Egg 2","Calling Bell","CeramicFish","Pantograph","Tingsha","Strange Spoon","Toxic Egg 2","Omamori","Necronomicon","Frozen Egg 2","SlaversCollar","Shovel","Bag of Marbles","Boot","Bronze Scales","InkBottle","Ice Cream","Old Coin","Ornamental Fan"],"acts_visited":["Exordium","TheCity","TheBeyond"],"potions_floor_usage":[28,33,38,50,50,50],"damage_taken":[{"damage":0.0,"enemies":"Small Slimes","floor":1.0,"turns":1.0},{"damage":0.0,"enemies":"2 Louse","floor":5.0,"turns":1.0},{"damage":0.0,"enemies":"Lagavulin","floor":6.0,"turns":1.0},{"damage":0.0,"enemies":"Cultist","floor":7.0,"turns":3.0},{"damage":0.0,"enemies":"Gremlin Nob","floor":8.0,"turns":3.0},{"damage":0.0,"enemies":"2 Fungi Beasts","floor":10.0,"turns":2.0},{"damage":0.0,"enemies":"Lots of Slimes","floor":12.0,"turns":2.0},{"damage":13.0,"enemies":"Lagavulin","floor":13.0,"turns":8.0},{"damage":19.0,"enemies":"Hexaghost","floor":16.0,"turns":9.0},{"damage":0.0,"enemies":"2 Thieves","floor":18.0,"turns":5.0},{"damage":19.0,"enemies":"Spheric Guardian","floor":19.0,"turns":4.0},{"damage":0.0,"enemies":"Chosen and Byrds","floor":20.0,"turns":7.0},{"damage":6.0,"enemies":"3 Cultists","floor":22.0,"turns":7.0},{"damage":2,"enemies":"Book of Stabbing","floor":25,"turns":8},{"damage":0,"enemies":"Gremlin Leader","floor":28,"turns":7},{"damage":0,"enemies":"Snake Plant","floor":30,"turns":4},{"damage":0,"enemies":"Automaton","floor":33,"turns":8},{"damage":0,"enemies":"3 Darklings","floor":35,"turns":5},{"damage":0,"enemies":"Orb Walker","floor":36,"turns":3},{"damage":0,"enemies":"Mind Bloom Boss Battle","floor":37,"turns":7},{"damage":2,"enemies":"Writhing Mass","floor":38,"turns":7},{"damage":0,"enemies":"3 Darklings","floor":39,"turns":5},{"damage":0,"enemies":"Nemesis","floor":40,"turns":5},{"damage":0,"enemies":"Giant Head","floor":42,"turns":8},{"damage":0,"enemies":"Reptomancer","floor":47,"turns":2},{"damage":0,"enemies":"Sphere and 2 Shapes","floor":48,"turns":6},{"damage":0,"enemies":"Donu and Deca","floor":50,"turns":5}],"seed_played":"-7489176047202104259","potions_obtained":[{"floor":1.0,"key":"AttackPotion"},{"floor":7.0,"key":"GhostInAJar"},{"floor":13.0,"key":"Energy Potion"},{"floor":16.0,"key":"SneckoOil"},{"floor":19.0,"key":"ColorlessPotion"},{"floor":20.0,"key":"Poison Potion"},{"floor":25,"key":"Block Potion"},{"floor":28,"key":"DistilledChaos"},{"floor":35,"key":"GamblersBrew"},{"floor":38,"key":"Weak Potion"},{"floor":39,"key":"Strength Potion"},{"floor":48,"key":"Strength Potion"}],"is_trial":false,"path_per_floor":["M","?","?","?","M","E","M","E","T","M","R","M","E","?","R","B",null,"M","M","M","?","M","R","$","E","T","?","E","R","M","?","R","B",null,"M","M","?","M","M","E","T","E","T","?","R","?","E","M","R","B",null],"character_chosen":"THE_SILENT","items_purchased":["Strange Spoon","Apotheosis"],"campfire_rested":0,"item_purchase_floors":[24,24],"current_hp_per_floor":[63,56,45,45,46,47,48,49,49,50,50,51,39,39,39,21,64,65,47,48,40,35,35,35,34,34,18,19,19,20,20,20,45,45,46,47,48,47,48,49,49,50,50,50,50,50,51,52,52,55],"gold":924,"neow_bonus":"THREE_ENEMY_KILL","is_daily":false,"chose_seed":false,"campfire_upgraded":4,"win_rate":0.0,"timestamp":1612416988,"path_taken":["M","?","?","?","?","E","M","E","T","M","R","M","E","?","R","BOSS","M","?","M","?","M","R","$","E","T","?","E","R","M","?","R","BOSS","M","M","?","M","M","E","?","E","T","?","R","?","E","M","R","BOSS"],"items_purchased_type":["Relic","Card"],"build_version":"2020-12-22","purchased_purges":1,"victory":true,"max_hp_per_floor":[70,70,70,70,71,72,73,74,74,75,75,76,77,77,77,78,78,79,80,81,40,41,41,41,42,42,42,43,43,44,44,44,45,45,46,47,48,49,50,51,51,52,52,52,52,52,53,54,54,55],"card_choices":[{"not_picked":["PiercingWail","Flying Knee"],"picked":"Slice","floor":1.0},{"not_picked":["Deadly Poison","Dagger Spray"],"picked":"Backflip","floor":5.0},{"not_picked":["Cloak And Dagger","Blur"],"picked":"Backstab","floor":6.0},{"not_picked":["Choke","Predator"],"picked":"Wraith Form v2","floor":7.0},{"not_picked":["Well Laid Plans","Deadly Poison"],"picked":"Grand Finale","floor":8.0},{"not_picked":["Dash","Distraction"],"picked":"Terror","floor":10.0},{"not_picked":["Bane","Dodge and Roll"],"picked":"Accuracy","floor":12.0},{"not_picked":["PiercingWail","After Image"],"picked":"Backstab+1","floor":13.0},{"not_picked":["Die Die Die+1","Unload+1"],"picked":"Wraith Form v2","floor":16.0},{"not_picked":["Deadly Poison","Deflect"],"picked":"Backflip","floor":18.0},{"not_picked":["Flying Knee+1","Poisoned Stab+1"],"picked":"Prepared","floor":19.0},{"not_picked":["Catalyst","Deadly Poison+1"],"picked":"Masterful Stab+1","floor":20.0},{"not_picked":["Dagger Spray+1","Glass Knife+1"],"picked":"Masterful Stab+1","floor":22.0},{"not_picked":["Blade Dance+1","Dagger Spray+1"],"picked":"Prepared+1","floor":25},{"not_picked":["Dash+1","Corpse Explosion+1"],"picked":"Endless Agony+1","floor":28},{"not_picked":["Dodge and Roll+1","Sucker Punch+1"],"picked":"Riddle With Holes+1","floor":30},{"not_picked":["Die Die Die+1","Bullet Time+1"],"picked":"Adrenaline+1","floor":33},{"not_picked":["Skewer+1","Blade Dance+1"],"picked":"Endless Agony+1","floor":35},{"not_picked":["Blade Dance+1","Outmaneuver+1"],"picked":"Deflect+1","floor":36},{"not_picked":["Concentrate+1","All Out Attack+1"],"picked":"Reflex+1","floor":37},{"not_picked":["Acrobatics+1","Deflect+1"],"picked":"Riddle With Holes+1","floor":38},{"not_picked":["Blade Dance+1","Bane+1"],"picked":"Skewer+1","floor":39},{"not_picked":["Cloak And Dagger+1","Footwork+1"],"picked":"Flying Knee+1","floor":40},{"not_picked":["Leg Sweep+1","Bane+1"],"picked":"Outmaneuver+1","floor":42},{"not_picked":["Sucker Punch+1","Deflect+1"],"picked":"Burst+1","floor":47},{"not_picked":["Flying Knee+1","Poisoned Stab+1"],"picked":"Slice+1","floor":48}],"player_experience":347318,"relics_obtained":[{"floor":6.0,"key":"Orichalcum"},{"floor":8.0,"key":"Unceasing Top"},{"floor":9.0,"key":"Gremlin Horn"},{"floor":13.0,"key":"Molten Egg 2"},{"floor":17.0,"key":"CeramicFish"},{"floor":17.0,"key":"Pantograph"},{"floor":17.0,"key":"Tingsha"},{"floor":25,"key":"Toxic Egg 2"},{"floor":26,"key":"Omamori"},{"floor":27,"key":"Necronomicon"},{"floor":28,"key":"Frozen Egg 2"},{"floor":37,"key":"Shovel"},{"floor":40,"key":"Bag of Marbles"},{"floor":41,"key":"Boot"},{"floor":42,"key":"Bronze Scales"},{"floor":43,"key":"InkBottle"},{"floor":45,"key":"Ice Cream"},{"floor":47,"key":"Old Coin"},{"floor":49,"key":"Ornamental Fan"}],"event_choices":[{"cards_removed":["Defend_G"],"damage_healed":0.0,"max_hp_gain":0.0,"max_hp_loss":0.0,"gold_gain":0.0,"event_name":"Golden Wing","player_choice":"Card Removal","floor":2.0,"gold_loss":0.0,"damage_taken":7.0},{"damage_healed":0.0,"max_hp_gain":0.0,"max_hp_loss":0.0,"gold_gain":75.0,"event_name":"World of Goop","player_choice":"Gather Gold","floor":3.0,"gold_loss":0.0,"damage_taken":11.0},{"damage_healed":0.0,"max_hp_gain":0.0,"max_hp_loss":0.0,"gold_gain":0.0,"event_name":"FaceTrader","player_choice":"Trade","floor":4.0,"gold_loss":0.0,"damage_taken":0.0,"relics_obtained":["FaceOfCleric"]},{"damage_healed":0.0,"max_hp_gain":0.0,"max_hp_loss":0.0,"gold_gain":0.0,"event_name":"Match and Keep!","player_choice":"4 cards matched","floor":14.0,"gold_loss":0.0,"damage_taken":0.0,"cards_obtained":["Neutralize","Flash of Steel","Die Die Die","Noxious Fumes"]},{"damage_healed":0.0,"max_hp_gain":0.0,"max_hp_loss":41.0,"gold_gain":0.0,"event_name":"Ghosts","player_choice":"Became a Ghost","floor":21.0,"gold_loss":0.0,"damage_taken":0.0,"cards_obtained":["Ghostly","Ghostly","Ghostly","Ghostly","Ghostly"]},{"damage_healed":0,"gold_gain":0,"player_choice":"Obtained Book","damage_taken":16,"max_hp_gain":0,"max_hp_loss":0,"event_name":"Cursed Tome","floor":27,"gold_loss":0},{"cards_removed":["Accuracy"],"damage_healed":0,"gold_gain":0,"player_choice":"Gave Gold","damage_taken":0,"max_hp_gain":0,"max_hp_loss":0,"event_name":"Beggar","floor":31,"gold_loss":75},{"damage_healed":0,"gold_gain":0,"player_choice":"Fight","damage_taken":0,"max_hp_gain":0,"max_hp_loss":0,"event_name":"MindBloom","floor":37,"gold_loss":0},{"cards_removed":["Backstab"],"damage_healed":0,"gold_gain":0,"player_choice":"Removed Attack","damage_taken":0,"max_hp_gain":0,"max_hp_loss":0,"event_name":"Falling","floor":44,"gold_loss":0},{"cards_removed":["Defend_G"],"damage_healed":0,"gold_gain":0,"player_choice":"Upgrade and Remove","damage_taken":0,"max_hp_gain":0,"max_hp_loss":0,"event_name":"Designer","floor":46,"gold_loss":90,"cards_upgraded":["Ghostly"]}],"is_beta":false,"boss_relics":[{"not_picked":["WristBlade","Pandora\u0027s Box"],"picked":"Calling Bell"},{"not_picked":["Runic Pyramid","Busted Crown"],"picked":"SlaversCollar"}],"items_purged_floors":[24],"is_endless":false,"potions_floor_spawned":[1,7,13,16,19,20,25,28,30,35,38,39,48],"ascension_level":8}}