{"host":"takgv9cv6xf64vhq","time":1612436295,"event":{"mods":["BaseMod","Colored Powertips","Conspire","Decade(王小明)","Downfall","Energized Spire","Hermit","Hubris","LagranYue(拉格朗・月)","Marisa（F雨　魔理沙）","Minty Spire (QoL Compilation)","Replay The Spire","StSLib","The Cursed","The Hierophant","The Jungle","The Servant 0.9.4","TheHeartMod"],"gold_per_floor":[118,118,118,132,151,151,151,151],"floor_reached":7,"language":"ZHS","playtime":273,"items_purged":[],"score":74,"play_id":"c25fa859-5dad-4207-950a-904ca24d70a8","local_time":"20210204185815","is_ascension_mode":true,"campfire_choices":[{"floor":6,"key":"REST"}],"circlet_count":0,"master_deck":["AscendersBane","Strike_G","Strike_G","Strike_G","Strike_G","Strike_G","Defend_G","Defend_G","Defend_G","Defend_G","Defend_G","Survivor","Neutralize","Deflect","Pain","Draining Mist","Terror"],"relics":["Black Star","bronze:DonusWashers","Bag of Preparation","ReplayTheSpireMod:Lightbulb","WarpedTongs"],"acts_visited":["Exordium"],"potions_floor_usage":[],"damage_taken":[{"damage":11,"enemies":"Cultist","floor":1,"turns":5},{"damage":4,"enemies":"Jaw Worm","floor":4,"turns":4},{"damage":8,"enemies":"Small Slimes","floor":5,"turns":5},{"damage":24,"enemies":"3 Sentries","floor":7,"turns":4}],"seed_played":"-5230330555428479058","potions_obtained":[{"floor":5,"key":"SteroidPotion"}],"is_trial":false,"path_per_floor":["M","$","?","M","M","R","E"],"character_chosen":"THE_SILENT","items_purchased":["bronze:DonusWashers","Bag of Preparation","ReplayTheSpireMod:Lightbulb"],"campfire_rested":1,"item_purchase_floors":[2,2,2],"current_hp_per_floor":[48,14,14,10,2,21,0,0],"gold":151,"neow_bonus":"BOSS_RELIC","is_daily":false,"chose_seed":true,"campfire_upgraded":0,"win_rate":0.0,"timestamp":1612436295,"path_taken":["M","?","?","M","?","R","E"],"items_purchased_type":["Relic","Relic","Relic"],"build_version":"2020-12-22","purchased_purges":0,"victory":false,"max_hp_per_floor":[66,66,66,66,66,66,66,66],"card_choices":[{"not_picked":["Bane","Dash"],"picked":"Deflect","floor":1},{"not_picked":["Setup","Dagger Throw"],"picked":"Draining Mist","floor":4},{"not_picked":["Sucker Punch","Quick Slash"],"picked":"Terror","floor":5}],"player_experience":392981,"relics_obtained":[],"event_choices":[{"damage_healed":0,"gold_gain":0,"player_choice":"Rummage","damage_taken":0,"relics_obtained":["WarpedTongs"],"max_hp_gain":0,"max_hp_loss":0,"event_name":"Accursed Blacksmith","floor":3,"gold_loss":0,"cards_obtained":["Pain"]}],"is_beta":false,"boss_relics":[],"items_purged_floors":[],"is_endless":false,"potions_floor_spawned":[5],"killed_by":"3 Sentries","ascension_level":16}}