{"host":"i0avyit1s6jb1siw","time":1612466191,"event":{"mods":["BaseMod","DeckTracker","Dota2Spire","Highlight Path","Minty Spire (QoL Compilation)","Quick Restart","StSLib","SuperFastMode"],"gold_per_floor":[20,20,37,37,53,53,53,53,53,78,90,100,100,126,126,126,126],"floor_reached":16,"language":"ENG","playtime":354,"items_purged":[],"score":220,"play_id":"99623615-bf5b-4a72-960b-1067552411b5","local_time":"20210204201631","is_ascension_mode":true,"campfire_choices":[{"data":"Anger","floor":6.0,"key":"SMITH"},{"data":"Shrug It Off","floor":8.0,"key":"SMITH"},{"data":"Pommel Strike","floor":13,"key":"SMITH"},{"data":"Shockwave","floor":15,"key":"SMITH"}],"circlet_count":0,"master_deck":["AscendersBane","Strike_R","Strike_R","Defend_R","Defend_R","Defend_R","Defend_R","Bash+1","Shrug It Off+1","Anger+1","Second Wind","Pommel Strike+1","Clothesline","Shockwave+1"],"relics":["Burning Blood","Mango","Dota2Spire:DrumOfEndurance","Molten Egg 2"],"acts_visited":["Exordium"],"potions_floor_usage":[10,14],"damage_taken":[{"damage":6.0,"enemies":"2 Louse","floor":1.0,"turns":4.0},{"damage":7.0,"enemies":"Jaw Worm","floor":3.0,"turns":3.0},{"damage":9.0,"enemies":"Cultist","floor":5.0,"turns":4.0},{"damage":45,"enemies":"3 Sentries","floor":10,"turns":12},{"damage":2,"enemies":"3 Louse","floor":11,"turns":4},{"damage":7,"enemies":"Exordium Wildlife","floor":12,"turns":5},{"damage":22,"enemies":"Lagavulin","floor":14,"turns":7},{"damage":38,"enemies":"Hexaghost","floor":16,"turns":9}],"seed_played":"-6285337540520210953","potions_obtained":[{"floor":5.0,"key":"SkillPotion"},{"floor":11,"key":"Dota2Spire:HealingSalve"},{"floor":12,"key":"Ancient Potion"}],"is_trial":false,"path_per_floor":["M","?","M","$","M","R","?","R","T","E","M","M","R","E","R","B"],"character_chosen":"IRONCLAD","items_purchased":[],"campfire_rested":0,"item_purchase_floors":[],"current_hp_per_floor":[68,68,67,67,64,64,64,64,78,39,43,42,42,38,38,0,0],"gold":126,"neow_bonus":"REMOVE_TWO","is_daily":false,"chose_seed":false,"campfire_upgraded":4,"win_rate":0.0,"timestamp":1612466191,"path_taken":["M","?","M","$","M","R","?","R","T","E","M","?","R","E","R","BOSS"],"items_purchased_type":[],"build_version":"2020-12-22","purchased_purges":0,"victory":false,"max_hp_per_floor":[75,75,75,75,75,75,75,75,89,89,89,89,89,89,89,89,89],"card_choices":[{"not_picked":["Headbutt","Cleave"],"picked":"Shrug It Off","floor":1.0},{"not_picked":["Flex","Evolve","Warcry"],"picked":"SKIP","floor":3.0},{"not_picked":["Heavy Blade","Rupture"],"picked":"Anger","floor":5.0},{"not_picked":["Warcry","Ghostly Armor"],"picked":"Second Wind","floor":10},{"not_picked":["Warcry","Reckless Charge"],"picked":"Pommel Strike","floor":11},{"not_picked":["Searing Blow","Anger"],"picked":"Clothesline","floor":12},{"not_picked":["Disarm","Intimidate"],"picked":"Shockwave","floor":14}],"player_experience":2404847,"relics_obtained":[{"floor":9.0,"key":"Mango"},{"floor":10,"key":"Dota2Spire:DrumOfEndurance"},{"floor":14,"key":"Molten Egg 2"}],"event_choices":[{"damage_healed":0.0,"max_hp_gain":0.0,"max_hp_loss":0.0,"gold_gain":0.0,"event_name":"Living Wall","player_choice":"Grow","floor":2.0,"gold_loss":0.0,"damage_taken":0.0,"cards_upgraded":["Bash"]},{"cards_removed":["Strike_R"],"damage_healed":0.0,"max_hp_gain":0.0,"max_hp_loss":0.0,"gold_gain":0.0,"event_name":"Bonfire Elementals","player_choice":"Offered Basic","floor":7.0,"gold_loss":0.0,"damage_taken":0.0}],"is_beta":false,"boss_relics":[],"items_purged_floors":[],"is_endless":false,"potions_floor_spawned":[5,11,12],"killed_by":"Hexaghost","ascension_level":20}}