{"host":"815dqs41i1y8uxms","time":1612440201,"event":{"mods":["A Penny For Your Troubles","Act Like it!","BaseMod","Dark Map","GungeonMod","Minty Spire (QoL Compilation)","Rare Cards Sparkle","Shop Mod","Spire Arcade","StSLib"],"gold_per_floor":[113,44,44,19,19,19,19,19,19,37,51,79,79,92,92,191,191,204,77,116,116,227,227,377,377,377,391,391,391],"floor_reached":28,"language":"ENG","playtime":1756,"items_purged":[],"score":237,"play_id":"e19ae6e6-9486-40ca-b428-255f77f83c19","local_time":"20210204130321","is_ascension_mode":false,"campfire_choices":[{"data":"DemoMod:AC15","floor":6,"key":"SMITH"},{"floor":15,"key":"REST"},{"floor":23,"key":"RECALL"}],"circlet_count":0,"master_deck":["DemoMod:Defend_Huntress","DemoMod:Defend_Huntress","DemoMod:Defend_Huntress","DemoMod:Defend_Huntress","DemoMod:Roll","DemoMod:ManualReload","DemoMod:RustySidearm","DemoMod:CrossBow","DemoMod:AC15+1","DemoMod:Evolver","DemoMod:Unmoved","DemoMod:DoubleSwitch","DemoMod:PotionOfGunFriendShip","DemoMod:LifeOrb+1","DemoMod:SAA+1","DemoMod:FinishedGun+1","DemoMod:TeaPot+1","DemoMod:TableSutra","DemoMod:HuntsMan+1","Bite+1","Bite+1","Bite+1","Bite+1","Bite+1","DemoMod:BoxingGlove+1"],"relics":["DemoMod:Dog","NeowsBlessing","DemoMod:Limited","Mummified Hand","Molten Egg 2","Darkstone Periapt","DemoMod:Test1","MerchantsRug","DemoMod:CrisisStone","GremlinMask","Ornamental Fan"],"acts_visited":["Exordium","TheCity"],"potions_floor_usage":[16,16],"damage_taken":[{"damage":0,"enemies":"Cultist","floor":1,"turns":1},{"damage":2,"enemies":"2 Louse","floor":10,"turns":3},{"damage":0,"enemies":"Jaw Worm","floor":11,"turns":1},{"damage":54,"enemies":"Lagavulin","floor":12,"turns":9},{"damage":13,"enemies":"Blue Slaver","floor":14,"turns":6},{"damage":9,"enemies":"The Guardian","floor":16,"turns":11},{"damage":0,"enemies":"Chosen","floor":18,"turns":3},{"damage":3,"enemies":"2 Thieves","floor":20,"turns":6},{"damage":37,"enemies":"2 Thieves","floor":27,"turns":5},{"damage":46,"enemies":"Slavers","floor":28,"turns":3}],"seed_played":"216050276901547061","potions_obtained":[{"floor":1,"key":"DemoMod:LeadSkinPotion"},{"floor":12,"key":"Explosive Potion"},{"floor":16,"key":"EssenceOfSteel"},{"floor":18,"key":"AttackPotion"}],"is_trial":false,"path_per_floor":["M","$","T","$","?","R","$","$","T","M","M","E","T","M","R","B",null,"M","$","?","?","?","R","?","?","T","M","E"],"character_chosen":"HUNTRESS","items_purchased":["DemoMod:Evolver","DemoMod:Unmoved","MerchantsRug","DemoMod:TableSutra"],"campfire_rested":1,"item_purchase_floors":[2,4,19,19],"current_hp_per_floor":[70,70,80,80,85,85,85,85,85,83,83,29,29,16,41,32,85,85,85,82,59,59,59,59,59,59,34,0,0],"gold":391,"neow_bonus":"THREE_ENEMY_KILL","is_daily":false,"chose_seed":false,"campfire_upgraded":1,"win_rate":0.0,"timestamp":1612440201,"path_taken":["M","$","?","$","?","R","?","$","T","M","M","E","?","M","R","BOSS","M","$","?","?","?","R","?","?","T","?","E"],"items_purchased_type":["Card","Card","Relic","Card"],"build_version":"2020-12-22","purchased_purges":0,"victory":false,"max_hp_per_floor":[70,70,80,80,85,85,85,85,85,85,85,85,85,85,85,85,85,85,85,85,59,59,59,59,59,59,59,59,59],"card_choices":[{"not_picked":["DemoMod:JK47","DemoMod:GunstockTap"],"picked":"DemoMod:AC15","floor":1},{"not_picked":["DemoMod:Rummage","DemoMod:LifeOrb"],"picked":"DemoMod:DoubleSwitch","floor":10},{"not_picked":["DemoMod:AbyssalTentacle","DemoMod:HardPowerCard"],"picked":"DemoMod:PotionOfGunFriendShip","floor":11},{"not_picked":["DemoMod:ConditionalReflex","DemoMod:Ejector"],"picked":"DemoMod:LifeOrb+1","floor":12},{"not_picked":["DemoMod:ProbeStrike+1","DemoMod:DoubleSwitch"],"picked":"DemoMod:SAA+1","floor":14},{"not_picked":["DemoMod:DoubleVision","DemoMod:BlankBullets"],"picked":"DemoMod:FinishedGun+1","floor":16},{"not_picked":["DemoMod:RadGun+1","DemoMod:BoxingGlove+1"],"picked":"DemoMod:TeaPot+1","floor":18},{"not_picked":["DemoMod:Unmoved","DemoMod:Polaris+1"],"picked":"DemoMod:HuntsMan+1","floor":20},{"not_picked":["DemoMod:AWP+1","DemoMod:AC15+1"],"picked":"DemoMod:BoxingGlove+1","floor":27}],"player_experience":3731574,"relics_obtained":[{"floor":3,"key":"Pear"},{"floor":9,"key":"Mummified Hand"},{"floor":12,"key":"Molten Egg 2"},{"floor":13,"key":"Darkstone Periapt"},{"floor":20,"key":"DemoMod:CrisisStone"},{"floor":26,"key":"Ornamental Fan"}],"event_choices":[{"damage_healed":0,"gold_gain":0,"player_choice":"Became a vampire","damage_taken":0,"max_hp_gain":0,"max_hp_loss":26,"event_name":"Vampires","floor":21,"gold_loss":0,"cards_obtained":["Bite","Bite","Bite","Bite","Bite"]},{"damage_healed":0,"gold_gain":0,"player_choice":"Trade","damage_taken":0,"relics_obtained":["GremlinMask"],"max_hp_gain":0,"max_hp_loss":0,"event_name":"FaceTrader","floor":25,"gold_loss":0}],"is_beta":false,"boss_relics":[{"not_picked":["DemoMod:Wolf","Sozu"],"picked":"DemoMod:Test1"}],"items_purged_floors":[],"is_endless":false,"potions_floor_spawned":[1,12,16,18],"killed_by":"Slavers","ascension_level":0}}