{"host":"bpu2gs45py12xda8","time":1612438608,"event":{"mods":["BaseMod","Downfall","Minty Spire (QoL Compilation)","StSLib"],"gold_per_floor":[18,35,54,54,72,72,102,133,178,206,206,206,218,231,231,331,331,350,10,26,40,53,88,88,108,108,142,142,174,184,219,219,315,315,327,327,340,356,369,369,386,403,427,127,145,145,164,190,190,190,190,190,36,64,64,64],"floor_reached":55,"language":"ENG","playtime":9248,"items_purged":["downfall:Haunted"],"score":820,"play_id":"b505f704-d26a-4d2d-b4f2-2add643c59f6","local_time":"20210204133648","is_ascension_mode":false,"campfire_choices":[{"data":"Adaptation","floor":6,"key":"SMITH"},{"floor":11,"key":"REST"},{"data":"MentalFortress","floor":15,"key":"SMITH"},{"floor":24,"key":"REST"},{"floor":28,"key":"REST"},{"floor":32,"key":"RECALL"},{"data":"Establishment","floor":40,"key":"SMITH"},{"floor":49,"key":"REST"},{"floor":52,"key":"REST"}],"circlet_count":0,"master_deck":["Strike_P+1","Strike_P+1","Strike_P+1","Defend_P+1","Defend_P+1","Defend_P+1","Eruption+1","Vigilance+1","Meditate+1","ThirdEye+1","FlyingSleeves+1","SashWhip+1","Adaptation+1","Indignation+1","Halt+1","MentalFortress+1","Establishment+1","CurseOfTheBell","Vengeance+1","BattleHymn+1","WheelKick+1","FollowUp+1","ClearTheMind+1","Swivel+1","Protect+1","Perseverance+1","CutThroughFate+1","FlurryOfBlows+1","Crescendo+1","DeusExMachina+1","Consecrate+1","FearNoEvil+1","Vengeance+1","Tantrum+1","EmptyMind+1","WindmillStrike+1","Study","FollowUp+1"],"relics":["PureWater","Odd Mushroom","Pantograph","Blood Vial","Calling Bell","Regal Pillow","Darkstone Periapt","Bird Faced Urn","Membership Card","Oddly Smooth Stone","Centennial Puzzle","Orichalcum","Torii","Akabeko","Bag of Preparation","Vajra","Cursed Key","Boot","OrangePellets","Lizard Tail","Mark of the Bloom","Bronze Scales","Toolbox","Art of War"],"acts_visited":["Exordium","TheCity","TheBeyond","TheEnding"],"potions_floor_usage":[10,16,21,21,21,29,31,33,50,54,55,55],"damage_taken":[{"damage":1,"enemies":"Jaw Worm","floor":1,"turns":3},{"damage":0,"enemies":"Small Slimes","floor":2,"turns":3},{"damage":1,"enemies":"Cultist","floor":3,"turns":3},{"damage":4,"enemies":"Large Slime","floor":5,"turns":3},{"damage":10,"enemies":"The Mushroom Lair","floor":7,"turns":3},{"damage":0,"enemies":"Lagavulin","floor":8,"turns":4},{"damage":11,"enemies":"3 Sentries","floor":10,"turns":5},{"damage":2,"enemies":"Blue Slaver","floor":13,"turns":3},{"damage":11,"enemies":"3 Louse","floor":14,"turns":4},{"damage":14,"enemies":"The Guardian","floor":16,"turns":10},{"damage":11,"enemies":"Shell Parasite","floor":18,"turns":5},{"damage":41,"enemies":"2 Thieves","floor":20,"turns":4},{"damage":6,"enemies":"Snecko","floor":21,"turns":5},{"damage":7,"enemies":"Snake Plant","floor":22,"turns":4},{"damage":35,"enemies":"Slavers","floor":23,"turns":6},{"damage":9,"enemies":"Shelled Parasite and Fungi","floor":25,"turns":6},{"damage":21,"enemies":"Book of Stabbing","floor":27,"turns":5},{"damage":1,"enemies":"Gremlin Leader","floor":29,"turns":5},{"damage":3,"enemies":"Cultist and Chosen","floor":30,"turns":6},{"damage":26,"enemies":"Slavers","floor":31,"turns":5},{"damage":33,"enemies":"Collector","floor":33,"turns":9},{"damage":1,"enemies":"3 Darklings","floor":35,"turns":3},{"damage":1,"enemies":"Orb Walker","floor":37,"turns":2},{"damage":5,"enemies":"4 Shapes","floor":38,"turns":3},{"damage":0,"enemies":"Spire Growth","floor":39,"turns":4},{"damage":7,"enemies":"3 Darklings","floor":41,"turns":5},{"damage":10,"enemies":"Sphere and 2 Shapes","floor":42,"turns":5},{"damage":0,"enemies":"Maw","floor":45,"turns":4},{"damage":20,"enemies":"3 Darklings","floor":47,"turns":3},{"damage":0,"enemies":"Nemesis","floor":48,"turns":3},{"damage":8,"enemies":"Time Eater","floor":50,"turns":4},{"damage":46,"enemies":"Shield and Spear","floor":54,"turns":5},{"damage":9,"enemies":"The Heart","floor":55,"turns":2}],"seed_played":"-1866015527380943424","potions_obtained":[{"floor":2,"key":"Swift Potion"},{"floor":5,"key":"SteroidPotion"},{"floor":7,"key":"Fire Potion"},{"floor":10,"key":"Block Potion"},{"floor":12,"key":"StancePotion"},{"floor":16,"key":"Block Potion"},{"floor":22,"key":"sneckomod:MuddlingPotion"},{"floor":27,"key":"PowerPotion"},{"floor":29,"key":"Fruit Juice"},{"floor":33,"key":"Explosive Potion"},{"floor":35,"key":"EssenceOfSteel"},{"floor":47,"key":"AttackPotion"}],"is_trial":false,"path_per_floor":["M","M","M","?","M","R","?","E","T","E","R","?","M","M","R","B",null,"M","$","M","M","M","E","R","M","T","E","R","E","M","E","R","B",null,"M","?","M","M","M","R","M","M","T","$","M","?","M","E","R","B",null,"R","$","E","B"],"character_chosen":"WATCHER","items_purchased":["Membership Card","Oddly Smooth Stone","Centennial Puzzle","BattleHymn","OrangePellets","Lizard Tail","WindmillStrike","Ancient Potion","Toolbox","Study"],"campfire_rested":5,"item_purchase_floors":[19,19,19,19,44,44,44,53,53,53],"current_hp_per_floor":[71,71,70,56,52,52,42,42,42,31,52,52,52,43,43,56,72,64,64,33,33,36,9,45,46,46,35,71,77,76,57,57,47,77,77,77,77,72,77,77,71,71,77,77,83,83,63,63,63,55,55,55,55,9,0,0],"gold":64,"neow_bonus":"TRANSFORM_TWO_CARDS","is_daily":false,"chose_seed":false,"campfire_upgraded":3,"win_rate":0.0,"timestamp":1612438608,"path_taken":["M","M","M","?","M","R","?","E","T","E","R","?","M","M","R","BOSS","M","$","M","M","M","E","R","M","T","E","R","E","?","E","R","BOSS","M","?","M","M","M","R","M","M","T","$","M","?","M","E","R","BOSS","R","$","E","BOSS"],"items_purchased_type":["Relic","Relic","Relic","Card","Relic","Relic","Card","Potion","Relic","Card"],"build_version":"2020-12-22","purchased_purges":1,"victory":false,"max_hp_per_floor":[72,72,72,72,72,72,72,72,72,72,72,72,72,72,72,72,72,72,72,72,72,72,72,72,72,72,72,72,77,77,77,77,77,77,77,77,77,77,77,77,77,77,83,83,83,83,83,83,83,83,83,83,83,83,83,83],"card_choices":[{"not_picked":["Crescendo","WheelKick"],"picked":"FlyingSleeves","floor":1},{"not_picked":["Sanctity","WindmillStrike"],"picked":"SashWhip","floor":2},{"not_picked":["EmptyBody","BowlingBash"],"picked":"Adaptation","floor":3},{"not_picked":["Perseverance","CarveReality"],"picked":"Indignation","floor":5},{"not_picked":["ClearTheMind","PathToVictory"],"picked":"Halt","floor":7},{"not_picked":["Study","ThirdEye","Halt"],"picked":"SKIP","floor":8},{"not_picked":["DeceiveReality","Sanctity","SignatureMove"],"picked":"SKIP","floor":10},{"not_picked":["Protect","CrushJoints"],"picked":"MentalFortress","floor":13},{"not_picked":["MentalFortress","CrushJoints","SashWhip"],"picked":"SKIP","floor":14},{"not_picked":["Scrawl","Wish"],"picked":"Establishment","floor":16},{"not_picked":["PathToVictory","SashWhip"],"picked":"Vengeance","floor":18},{"not_picked":["Prostrate","SashWhip"],"picked":"WheelKick+1","floor":20},{"not_picked":["EmptyFist","SashWhip"],"picked":"FollowUp","floor":21},{"not_picked":["CarveReality","WreathOfFlame"],"picked":"ClearTheMind","floor":22},{"not_picked":["BowlingBash","LikeWater"],"picked":"Swivel+1","floor":23},{"not_picked":["Collect","Wireheading+1"],"picked":"Protect+1","floor":25},{"not_picked":["Meditate","Nirvana"],"picked":"Perseverance","floor":27},{"not_picked":["Prostrate","MentalFortress"],"picked":"CutThroughFate","floor":29},{"not_picked":["Prostrate+1","Adaptation"],"picked":"FlurryOfBlows","floor":30},{"not_picked":["MasterReality","Halt"],"picked":"Crescendo+1","floor":31},{"not_picked":["Establishment","MasterReality"],"picked":"DeusExMachina","floor":33},{"not_picked":["CutThroughFate","JustLucky+1"],"picked":"Consecrate+1","floor":35},{"not_picked":["SandsOfTime","FlyingSleeves"],"picked":"FearNoEvil+1","floor":37},{"not_picked":["Worship+1","CutThroughFate","FlyingSleeves"],"picked":"SKIP","floor":38},{"not_picked":["PathToVictory","FlyingSleeves+1"],"picked":"Vengeance+1","floor":39},{"not_picked":["Wireheading+1","SashWhip"],"picked":"Tantrum+1","floor":41},{"not_picked":["Consecrate+1","CarveReality"],"picked":"EmptyMind+1","floor":42},{"not_picked":["SashWhip+1","LessonLearned","Adaptation+1"],"picked":"SKIP","floor":45},{"not_picked":["EmptyBody","BowlingBash+1","EmptyFist"],"picked":"SKIP","floor":47},{"not_picked":["CarveReality+1","Protect","CutThroughFate"],"picked":"SKIP","floor":48},{"not_picked":["CarveReality+1","FlurryOfBlows+1"],"picked":"FollowUp+1","floor":54}],"player_experience":339044,"relics_obtained":[{"floor":7,"key":"Odd Mushroom"},{"floor":8,"key":"Pantograph"},{"floor":10,"key":"Blood Vial"},{"floor":17,"key":"Regal Pillow"},{"floor":17,"key":"Darkstone Periapt"},{"floor":17,"key":"Bird Faced Urn"},{"floor":23,"key":"Orichalcum"},{"floor":26,"key":"Torii"},{"floor":27,"key":"Akabeko"},{"floor":29,"key":"Bag of Preparation"},{"floor":31,"key":"Vajra"},{"floor":43,"key":"Boot"},{"floor":48,"key":"Bronze Scales"},{"floor":54,"key":"Art of War"}],"event_choices":[{"damage_healed":0,"gold_gain":0,"player_choice":"Entered Light","damage_taken":14,"max_hp_gain":0,"max_hp_loss":0,"event_name":"Shining Light","floor":4,"gold_loss":0,"cards_upgraded":["Defend_P","Meditate"]},{"damage_healed":0,"gold_gain":0,"player_choice":"Fought Mushrooms","damage_taken":0,"max_hp_gain":0,"max_hp_loss":0,"event_name":"Mushrooms","floor":7,"gold_loss":0},{"damage_healed":0,"gold_gain":0,"player_choice":"Got Potions","damage_taken":0,"max_hp_gain":0,"max_hp_loss":0,"event_name":"Lab","floor":12,"gold_loss":0},{"damage_healed":0,"gold_gain":0,"player_choice":"Ignored","damage_taken":0,"max_hp_gain":0,"max_hp_loss":0,"event_name":"Tomb of Lord Red Mask","floor":36,"gold_loss":0},{"damage_healed":0,"gold_gain":0,"player_choice":"Upgrade","damage_taken":0,"relics_obtained":["Mark of the Bloom"],"max_hp_gain":0,"max_hp_loss":0,"event_name":"MindBloom","floor":46,"gold_loss":0,"cards_upgraded":["Strike_P","Strike_P","Strike_P","Defend_P","Defend_P","Eruption","Vigilance","ThirdEye","FlyingSleeves","SashWhip","Indignation","Halt","Vengeance","BattleHymn","FollowUp","ClearTheMind","Perseverance","CutThroughFate","FlurryOfBlows","DeusExMachina","WindmillStrike"]}],"is_beta":false,"boss_relics":[{"not_picked":["Tiny House","SacredBark"],"picked":"Calling Bell"},{"not_picked":["Philosopher\u0027s Stone","HolyWater"],"picked":"Cursed Key"}],"items_purged_floors":[44],"is_endless":false,"potions_floor_spawned":[2,5,7,10,16,22,27,29,33,35,47,48],"killed_by":"The Heart","ascension_level":0}}