{"host":"0k696jvpnlqjk4gh","time":1612448123,"event":{"mods":["AchievementEnabler","BaseMod","Colored Map","Colored Powertips","Minty Spire (QoL Compilation)","Quick Restart"],"gold_per_floor":[115,125,125,125,200,200,53,68,68,86,86,102,102,132,132,236,236,210,225,140,100,100,100],"floor_reached":22,"language":"ENG","playtime":7556,"items_purged":[],"score":221,"play_id":"d13b6d3a-0bed-486b-b66c-2740221a8ee4","local_time":"20210204141523","is_ascension_mode":true,"campfire_choices":[{"data":"Cloak And Dagger","floor":6,"key":"SMITH"},{"floor":13,"key":"REST"},{"floor":15,"key":"REST"}],"circlet_count":0,"master_deck":["Strike_G","Strike_G","Strike_G","Strike_G","Strike_G","Defend_G","Defend_G","Defend_G","Defend_G","Defend_G","Survivor","Neutralize","Cloak And Dagger+1","Outmaneuver","Regret","Cloak And Dagger+1","Accuracy+1","A Thousand Cuts"],"relics":["Ring of the Snake","NeowsBlessing","Art of War","DollysMirror","Girya","Sundial","Busted Crown","Happy Flower"],"acts_visited":["Exordium","TheCity"],"potions_floor_usage":[14,16,16,18,22],"damage_taken":[{"damage":0,"enemies":"Small Slimes","floor":1,"turns":1},{"damage":0,"enemies":"2 Louse","floor":2,"turns":1},{"damage":0,"enemies":"Jaw Worm","floor":8,"turns":1},{"damage":14,"enemies":"Blue Slaver","floor":10,"turns":4},{"damage":5,"enemies":"Looter","floor":12,"turns":4},{"damage":22,"enemies":"3 Sentries","floor":14,"turns":6},{"damage":32,"enemies":"Hexaghost","floor":16,"turns":11},{"damage":18,"enemies":"2 Thieves","floor":18,"turns":5},{"damage":13,"enemies":"Shell Parasite","floor":19,"turns":5},{"damage":32,"enemies":"Centurion and Healer","floor":22,"turns":4}],"seed_played":"5524278258276281984","potions_obtained":[{"floor":1,"key":"CultistPotion"},{"floor":8,"key":"SpeedPotion"},{"floor":12,"key":"Fire Potion"},{"floor":16,"key":"ColorlessPotion"},{"floor":19,"key":"EntropicBrew"}],"is_trial":false,"path_per_floor":["M","M","$","?","?","R","$","M","T","M","T","M","R","E","R","B",null,"M","M","?","?","M"],"character_chosen":"THE_SILENT","items_purchased":["DollysMirror"],"campfire_rested":2,"item_purchase_floors":[7],"current_hp_per_floor":[70,70,70,70,59,59,59,59,59,45,45,40,61,39,60,28,70,52,39,39,39,7,7],"gold":100,"neow_bonus":"THREE_ENEMY_KILL","is_daily":false,"chose_seed":false,"campfire_upgraded":1,"win_rate":0.0,"timestamp":1612448123,"path_taken":["M","M","$","?","?","R","?","M","T","M","?","M","R","E","R","BOSS","M","M","?","?","M"],"items_purchased_type":["Relic"],"build_version":"2020-12-22","purchased_purges":0,"victory":false,"max_hp_per_floor":[70,70,70,70,70,70,70,70,70,70,70,70,70,70,70,70,70,70,70,70,70,70,70],"card_choices":[{"not_picked":["Dash","Noxious Fumes"],"picked":"Cloak And Dagger","floor":1},{"not_picked":["Reflex","Flying Knee"],"picked":"Outmaneuver","floor":2},{"not_picked":["Sucker Punch","Tactician"],"picked":"Accuracy","floor":8},{"not_picked":["Sucker Punch","Deadly Poison","Flechettes"],"picked":"SKIP","floor":10},{"not_picked":["Bane","Sucker Punch","Prepared"],"picked":"SKIP","floor":12},{"not_picked":["Dodge and Roll","Well Laid Plans","Eviscerate"],"picked":"SKIP","floor":14},{"not_picked":["Malaise","Doppelganger"],"picked":"A Thousand Cuts","floor":16},{"not_picked":["Heel Hook+1"],"picked":"SKIP","floor":18},{"not_picked":["All Out Attack"],"picked":"SKIP","floor":19}],"player_experience":146976,"relics_obtained":[{"floor":9,"key":"Girya"},{"floor":14,"key":"Sundial"}],"event_choices":[{"damage_healed":0,"gold_gain":0,"player_choice":"Box","damage_taken":0,"relics_obtained":["Art of War"],"max_hp_gain":0,"max_hp_loss":0,"event_name":"Big Fish","floor":4,"gold_loss":0,"cards_obtained":["Regret"]},{"damage_healed":0,"gold_gain":75,"player_choice":"Gather Gold","damage_taken":11,"max_hp_gain":0,"max_hp_loss":0,"event_name":"World of Goop","floor":5,"gold_loss":0},{"damage_healed":0,"gold_gain":0,"player_choice":"Obtained Relic","damage_taken":0,"relics_obtained":["Happy Flower"],"max_hp_gain":0,"max_hp_loss":0,"event_name":"Addict","floor":20,"gold_loss":85},{"damage_healed":0,"gold_gain":0,"player_choice":"Upgrade","damage_taken":0,"max_hp_gain":0,"max_hp_loss":0,"event_name":"Designer","floor":21,"gold_loss":40,"cards_upgraded":["Accuracy"]}],"is_beta":false,"boss_relics":[{"not_picked":["Runic Pyramid","Velvet Choker"],"picked":"Busted Crown"}],"items_purged_floors":[],"is_endless":false,"potions_floor_spawned":[1,8,12,16,19],"killed_by":"Centurion and Healer","ascension_level":4}}