{"host":"rolltorest","time":1612418799,"event":{"mods":["BaseMod","Minty Spire (QoL Compilation)","Relic Stats","Slay the Relics Exporter","StSLib"],"gold_per_floor":[113,188,202,219,229,229,257,257,280,291,291,307,336,30,30,102,102,112,2,2,15,15,49,49,49,49],"floor_reached":25,"language":"ENG","playtime":650,"items_purged":[],"score":462,"play_id":"a9449192-6fd7-4b59-898c-85deea5280bf","local_time":"20210203220639","is_ascension_mode":true,"campfire_choices":[{"floor":6,"key":"REST"},{"floor":8,"key":"REST"},{"floor":11,"key":"REST"},{"data":"EmptyFist","floor":15,"key":"SMITH"}],"circlet_count":0,"master_deck":["AscendersBane","Defend_P","Defend_P","Defend_P","Defend_P+1","Eruption","Vigilance","LikeWater+1","FollowUp+1","Indignation+1","SashWhip","FlyingSleeves","FlurryOfBlows","FlurryOfBlows","ClearTheMind","CrushJoints","Meditate","FearNoEvil","EmptyFist+1","Meditate","LessonLearned+1","Crescendo+1","Tantrum"],"relics":["Astrolabe","Juzu Bracelet","Boot","Dream Catcher","Vajra","SlaversCollar","Orichalcum"],"acts_visited":["Exordium","TheCity"],"potions_floor_usage":[5,16,23,23],"damage_taken":[{"damage":14,"enemies":"Small Slimes","floor":1,"turns":3},{"damage":2,"enemies":"Jaw Worm","floor":3,"turns":4},{"damage":12,"enemies":"2 Louse","floor":4,"turns":2},{"damage":1,"enemies":"Exordium Thugs","floor":5,"turns":4},{"damage":38,"enemies":"Gremlin Nob","floor":7,"turns":5},{"damage":6,"enemies":"Blue Slaver","floor":10,"turns":4},{"damage":1,"enemies":"Exordium Wildlife","floor":12,"turns":3},{"damage":13,"enemies":"3 Sentries","floor":13,"turns":5},{"damage":6,"enemies":"Hexaghost","floor":16,"turns":5},{"damage":3,"enemies":"Chosen","floor":18,"turns":5},{"damage":13,"enemies":"2 Thieves","floor":21,"turns":5},{"damage":16,"enemies":"Gremlin Leader","floor":23,"turns":4},{"damage":38,"enemies":"Book of Stabbing","floor":25,"turns":4}],"seed_played":"-59525157698725491","potions_obtained":[{"floor":3,"key":"Block Potion"},{"floor":4,"key":"Strength Potion"},{"floor":10,"key":"PowerPotion"},{"floor":21,"key":"Swift Potion"}],"is_trial":false,"path_per_floor":["M","?","M","M","M","R","E","R","T","M","R","M","E","$","R","B",null,"M","?","$","M","$","E","?","E"],"character_chosen":"WATCHER","items_purchased":["Vajra","EmptyFist","Meditate"],"campfire_rested":3,"item_purchase_floors":[14,14,14],"current_hp_per_floor":[47,36,34,22,21,41,3,23,23,17,37,36,23,23,23,17,55,52,52,52,39,39,23,37,0,0],"gold":49,"neow_bonus":"BOSS_RELIC","is_daily":false,"chose_seed":false,"campfire_upgraded":1,"win_rate":0.0,"timestamp":1612418799,"path_taken":["M","?","M","M","M","R","E","R","T","M","R","M","E","?","R","BOSS","M","?","?","M","$","E","?","E"],"items_purchased_type":["Relic","Card","Card"],"build_version":"2020-12-18","purchased_purges":0,"victory":false,"max_hp_per_floor":[68,68,68,68,68,68,68,68,68,68,68,68,68,68,68,68,68,68,68,68,68,68,68,68,68,68],"relic_stats":{"Dream Catcher":0,"counters":[13,53],"Astrolabe":["LikeWater","FollowUp","Indignation"],"Juzu Bracelet":0,"Orichalcum":[12],"Boot":[27],"obtain_stats":[{"SlaversCollar":17,"Dream Catcher":13,"Astrolabe":0,"Vajra":14,"Juzu Bracelet":7,"PureWater":0,"Orichalcum":23,"Boot":9},{"SlaversCollar":9,"Dream Catcher":8,"Astrolabe":0,"Vajra":8,"Juzu Bracelet":5,"PureWater":0,"Orichalcum":12,"Boot":5},{"SlaversCollar":35,"Dream Catcher":30,"Astrolabe":0,"Vajra":30,"Juzu Bracelet":18,"PureWater":0,"Orichalcum":49,"Boot":18}]},"card_choices":[{"not_picked":["Crescendo","Study"],"picked":"SashWhip","floor":1},{"not_picked":["PathToVictory","BattleHymn"],"picked":"FlyingSleeves","floor":3},{"not_picked":["SashWhip","Study"],"picked":"FlurryOfBlows","floor":4},{"not_picked":["JustLucky","Study"],"picked":"FlurryOfBlows","floor":5},{"not_picked":["ThirdEye","Study"],"picked":"ClearTheMind","floor":7},{"not_picked":["FlyingSleeves","SashWhip"],"picked":"CrushJoints","floor":10},{"not_picked":["Evaluate","DevaForm"],"picked":"Meditate","floor":12},{"not_picked":["ReachHeaven","InnerPeace"],"picked":"FearNoEvil","floor":13},{"not_picked":["Devotion","Alpha"],"picked":"LessonLearned","floor":16},{"not_picked":["ClearTheMind","PathToVictory+1","Nirvana"],"picked":"SKIP","floor":18},{"not_picked":["EmptyFist","Protect"],"picked":"Crescendo","floor":21},{"not_picked":["Swivel","Protect"],"picked":"Tantrum","floor":23}],"player_experience":1832754,"relics_obtained":[{"floor":7,"key":"Juzu Bracelet"},{"floor":9,"key":"Boot"},{"floor":13,"key":"Dream Catcher"},{"floor":23,"key":"Orichalcum"}],"event_choices":[{"damage_healed":0,"gold_gain":75,"player_choice":"Gather Gold","damage_taken":11,"max_hp_gain":0,"max_hp_loss":0,"event_name":"World of Goop","floor":2,"gold_loss":0},{"cards_removed":["Strike_P"],"damage_healed":0,"gold_gain":0,"player_choice":"Upgrade and Remove","damage_taken":0,"max_hp_gain":0,"max_hp_loss":0,"event_name":"Designer","floor":19,"gold_loss":110,"cards_upgraded":["Defend_P"]},{"damage_healed":14,"gold_gain":0,"player_choice":"Heal","damage_taken":0,"max_hp_gain":0,"max_hp_loss":0,"event_name":"The Library","floor":24,"gold_loss":0}],"is_beta":true,"boss_relics":[{"not_picked":["SacredBark","Tiny House"],"picked":"SlaversCollar"}],"items_purged_floors":[],"is_endless":false,"potions_floor_spawned":[3,4,10,21],"killed_by":"Book of Stabbing","ascension_level":20}}