{"host":"k919bq8mkuzdqhzi","time":1612467029,"event":{"mods":["AchievementEnabler","BaseMod","Colored Map","Colored Powertips","DeckTracker","Minty Spire (QoL Compilation)","Relic Sorter","SuperFastMode"],"gold_per_floor":[115,128,144,158,173,173,207,207,207,0,10,10,10,30,30,133,133,143,143,153,166,183,183,197,197,197,197,212,223,238,238,238],"floor_reached":31,"language":"ENG","playtime":2255,"items_purged":["Strike_G"],"score":245,"play_id":"655a0684-fe96-4cca-8741-1715c99a021c","local_time":"20210204143029","is_ascension_mode":false,"campfire_choices":[{"data":"Quick Slash","floor":6,"key":"SMITH"},{"data":"Tactician","floor":8,"key":"SMITH"},{"floor":13,"key":"REST"},{"floor":15,"key":"REST"},{"floor":23,"key":"REST"},{"data":"Noxious Fumes","floor":25,"key":"SMITH"},{"data":"Leg Sweep","floor":27,"key":"SMITH"}],"circlet_count":0,"master_deck":["Strike_G+1","Strike_G+1","Strike_G+1","Strike_G+1","Defend_G+1","Defend_G+1","Defend_G+1","Defend_G+1","Defend_G+1","Survivor","Neutralize","Quick Slash+1","Flying Knee","Deflect","Poisoned Stab","Deadly Poison","Cloak And Dagger","Tactician+1","Leg Sweep+1","Bane","Corpse Explosion","Outmaneuver","Malaise","Noxious Fumes+1","Blur","Skewer","Terror","Sucker Punch+1","Catalyst","Dagger Spray"],"relics":["Ring of the Snake","FossilizedHelix","Potion Belt","SlaversCollar","Question Card"],"acts_visited":["Exordium","TheCity"],"potions_floor_usage":[7,16,16,16,30],"damage_taken":[{"damage":0,"enemies":"Cultist","floor":1,"turns":4},{"damage":0,"enemies":"Small Slimes","floor":2,"turns":3},{"damage":1,"enemies":"Jaw Worm","floor":3,"turns":4},{"damage":10,"enemies":"Large Slime","floor":4,"turns":6},{"damage":0,"enemies":"Blue Slaver","floor":5,"turns":5},{"damage":38,"enemies":"Gremlin Nob","floor":7,"turns":5},{"damage":5,"enemies":"3 Louse","floor":11,"turns":4},{"damage":0,"enemies":"Exordium Wildlife","floor":14,"turns":5},{"damage":34,"enemies":"Slime Boss","floor":16,"turns":14},{"damage":19,"enemies":"2 Thieves","floor":18,"turns":4},{"damage":14,"enemies":"Spheric Guardian","floor":20,"turns":8},{"damage":1,"enemies":"Centurion and Healer","floor":21,"turns":5},{"damage":12,"enemies":"Snecko","floor":22,"turns":12},{"damage":22,"enemies":"Snake Plant","floor":24,"turns":7},{"damage":15,"enemies":"Shelled Parasite and Fungi","floor":28,"turns":6},{"damage":3,"enemies":"Centurion and Healer","floor":29,"turns":5},{"damage":0,"enemies":"Snecko","floor":30,"turns":5},{"damage":5,"enemies":"Snake Plant","floor":31,"turns":4}],"seed_played":"3081290250213330672","potions_obtained":[{"floor":1,"key":"Ancient Potion"},{"floor":5,"key":"FearPotion"},{"floor":7,"key":"Dexterity Potion"},{"floor":11,"key":"EssenceOfSteel"},{"floor":16,"key":"CunningPotion"},{"floor":18,"key":"AttackPotion"},{"floor":21,"key":"Swift Potion"},{"floor":29,"key":"Dexterity Potion"}],"is_trial":false,"path_per_floor":["M","M","M","M","M","R","E","R","T","$","M","?","R","M","R","B",null,"M","?","M","M","M","R","M","R","T","R","M","M","M","M"],"character_chosen":"THE_SILENT","items_purchased":["Leg Sweep","Bane"],"campfire_rested":3,"item_purchase_floors":[10,10],"current_hp_per_floor":[70,70,69,59,59,59,21,21,21,21,16,16,37,37,58,24,70,51,51,37,36,24,45,23,23,23,23,8,5,5,0,0],"gold":238,"neow_bonus":"THREE_CARDS","is_daily":false,"chose_seed":false,"campfire_upgraded":4,"win_rate":0.0,"timestamp":1612467029,"path_taken":["M","M","M","?","M","R","E","R","T","$","M","?","R","M","R","BOSS","M","?","M","M","M","R","M","R","T","R","M","M","M","M"],"items_purchased_type":["Card","Card"],"build_version":"2020-12-22","purchased_purges":1,"victory":false,"max_hp_per_floor":[70,70,70,70,70,70,70,70,70,70,70,70,70,70,70,70,70,70,70,70,70,70,70,70,70,70,70,70,70,70,70,70],"card_choices":[{"not_picked":["Bane","Backstab"],"picked":"Quick Slash","floor":0},{"not_picked":["Riddle With Holes","Prepared"],"picked":"Flying Knee","floor":1},{"not_picked":["Backstab","Prepared"],"picked":"Deflect","floor":2},{"not_picked":["Outmaneuver","Deadly Poison"],"picked":"Poisoned Stab","floor":3},{"not_picked":["PiercingWail","Prepared"],"picked":"Deadly Poison","floor":4},{"not_picked":["Backflip","Deflect"],"picked":"Cloak And Dagger","floor":5},{"not_picked":["Riddle With Holes","Prepared"],"picked":"Tactician","floor":7},{"not_picked":["Bane","Quick Slash"],"picked":"Corpse Explosion","floor":11},{"not_picked":["Poisoned Stab","Sucker Punch"],"picked":"Outmaneuver","floor":14},{"not_picked":["Tools of the Trade","Wraith Form v2"],"picked":"Malaise","floor":16},{"not_picked":["Deadly Poison","Bane+1"],"picked":"Noxious Fumes","floor":18},{"not_picked":["Riddle With Holes","Choke"],"picked":"Blur","floor":20},{"not_picked":["Accuracy","Endless Agony"],"picked":"Skewer","floor":21},{"not_picked":["Blade Dance","Expertise"],"picked":"Terror","floor":22},{"not_picked":["Acrobatics+1","Flechettes"],"picked":"Sucker Punch+1","floor":24},{"not_picked":["Deflect+1","Skewer+1","Dagger Throw"],"picked":"Catalyst","floor":28},{"not_picked":["Blur","Prepared","Poisoned Stab"],"picked":"Dagger Spray","floor":29},{"not_picked":["Outmaneuver","Tactician+1","PiercingWail","Bane+1"],"picked":"SKIP","floor":30}],"player_experience":87622,"relics_obtained":[{"floor":7,"key":"FossilizedHelix"},{"floor":9,"key":"Potion Belt"},{"floor":26,"key":"Question Card"}],"event_choices":[{"damage_healed":0,"gold_gain":0,"player_choice":"Fled","damage_taken":0,"max_hp_gain":0,"max_hp_loss":0,"event_name":"Scrap Ooze","floor":12,"gold_loss":0},{"damage_healed":0,"gold_gain":0,"player_choice":"Simplicity","damage_taken":0,"max_hp_gain":0,"max_hp_loss":0,"event_name":"Back to Basics","floor":19,"gold_loss":0,"cards_upgraded":["Strike_G","Strike_G","Strike_G","Strike_G","Defend_G","Defend_G","Defend_G","Defend_G","Defend_G"]}],"is_beta":false,"boss_relics":[{"not_picked":["Fusion Hammer","Runic Dome"],"picked":"SlaversCollar"}],"items_purged_floors":[10],"is_endless":false,"potions_floor_spawned":[1,5,7,11,16,18,21,29],"killed_by":"Snake Plant","ascension_level":0}}