{"host":"x5w9zppki4gdwvc7","time":1612473752,"event":{"mods":["AchievementEnabler","BaseMod","Colored Powertips","DeckTracker","Minty Spire (QoL Compilation)"],"gold_per_floor":[144,189,234,279,324,369,144,234,234,279,369,369,414,414,414,714,714,759,609,654,614,112,202,202,247,297,297,342,387,387,432,432,732,732,777,822,443,488,533,623,623,16,16,16,0,99,153,198,198,198,198],"floor_reached":50,"language":"ENG","playtime":3388,"items_purged":["Hello World"],"score":740,"play_id":"24f9f7c3-454b-4337-ad81-95fd2c8e31cc","local_time":"20210204222232","daily_mods":["Insanity","Red Cards","Midas"],"is_ascension_mode":false,"campfire_choices":[{"floor":12,"key":"REST"},{"floor":15,"key":"REST"},{"floor":24,"key":"REST"},{"floor":27,"key":"REST"},{"floor":32,"key":"REST"},{"floor":49,"key":"REST"}],"circlet_count":0,"master_deck":["Stack","Flex","Shrug It Off+1","Fire Breathing","Rip and Tear","Havoc","Bloodletting","Disarm","Anger","Flex","Barrage","Warcry","Barrage","Go for the Eyes","Dual Wield","Steam","Leap","Blood for Blood","Warcry","Metallicize","Shrug It Off+1","Flame Barrier","Shrug It Off","Reckless Charge","Conserve Battery","Clothesline","Clothesline","Barrage","Wild Strike","Genetic Algorithm","Shrug It Off","Hologram","Cold Snap","Force Field","Loop","Scrape+1","Whirlwind","Undo","Chaos","Chaos","Warcry","Gash+1","Ball Lightning","Heavy Blade","Tempest","Clash","Double Energy","Warcry","True Grit","Spot Weakness","Clash","Berserk","Capacitor","Capacitor","Electrodynamics","Tempest","True Grit+1","Clash","Pommel Strike","Spot Weakness+1","Beam Cell+1","Chaos+1","Enlightenment","Perfected Strike","Leap+1","Echo Form","Thunderclap","Heavy Blade+1","BootSequence","Mind Blast","Defragment","Capacitor","Demon Form","Rebound+1","Bandage Up","Clothesline","Redo","Intimidate","Evolve","Shrug It Off+1","Chaos+1"],"relics":["Cracked Core","Gremlin Horn","Cables","Orichalcum","Philosopher\u0027s Stone","Whetstone","Shuriken","Toolbox","Happy Flower","Bronze Scales","Nuclear Battery","Anchor","Ornamental Fan","Blue Candle","CeramicFish","InkBottle","Red Mask","The Courier"],"acts_visited":["Exordium","TheCity","TheBeyond"],"potions_floor_usage":[13,16,23,28,29,31,33,33,33,33,38,40,40,50,50,50],"damage_taken":[{"damage":0,"enemies":"Small Slimes","floor":1,"turns":3},{"damage":3,"enemies":"Cultist","floor":2,"turns":3},{"damage":0,"enemies":"2 Louse","floor":3,"turns":2},{"damage":17,"enemies":"Exordium Thugs","floor":4,"turns":5},{"damage":7,"enemies":"Looter","floor":5,"turns":2},{"damage":0,"enemies":"Large Slime","floor":6,"turns":3},{"damage":13,"enemies":"3 Sentries","floor":8,"turns":7},{"damage":0,"enemies":"Exordium Wildlife","floor":10,"turns":2},{"damage":17,"enemies":"Lagavulin","floor":11,"turns":6},{"damage":12,"enemies":"3 Louse","floor":13,"turns":4},{"damage":6,"enemies":"Hexaghost","floor":16,"turns":7},{"damage":16,"enemies":"Shell Parasite","floor":18,"turns":3},{"damage":24,"enemies":"3 Byrds","floor":20,"turns":3},{"damage":12,"enemies":"Slavers","floor":23,"turns":4},{"damage":13,"enemies":"Snake Plant","floor":25,"turns":4},{"damage":12,"enemies":"Sentry and Sphere","floor":28,"turns":4},{"damage":4,"enemies":"Chosen and Byrds","floor":29,"turns":2},{"damage":15,"enemies":"Shelled Parasite and Fungi","floor":31,"turns":4},{"damage":16,"enemies":"Collector","floor":33,"turns":6},{"damage":0,"enemies":"Orb Walker","floor":35,"turns":3},{"damage":4,"enemies":"3 Shapes","floor":36,"turns":2},{"damage":7,"enemies":"Jaw Worm Horde","floor":38,"turns":4},{"damage":3,"enemies":"Sphere and 2 Shapes","floor":39,"turns":3},{"damage":29,"enemies":"Reptomancer","floor":40,"turns":5},{"damage":0,"enemies":"Nemesis","floor":46,"turns":3},{"damage":0,"enemies":"Spire Growth","floor":47,"turns":4},{"damage":15,"enemies":"Maw","floor":48,"turns":6},{"damage":57,"enemies":"Time Eater","floor":50,"turns":7}],"seed_played":"2514053361250750194","potions_obtained":[{"floor":4,"key":"Weak Potion"},{"floor":5,"key":"Dexterity Potion"},{"floor":8,"key":"EntropicBrew"},{"floor":13,"key":"Explosive Potion"},{"floor":23,"key":"GamblersBrew"},{"floor":28,"key":"SkillPotion"},{"floor":29,"key":"CultistPotion"},{"floor":31,"key":"AttackPotion"},{"floor":33,"key":"Block Potion"},{"floor":36,"key":"Fruit Juice"},{"floor":39,"key":"BlessingOfTheForge"},{"floor":46,"key":"Fire Potion"},{"floor":48,"key":"LiquidBronze"}],"is_trial":false,"path_per_floor":["M","M","M","M","M","M","$","E","T","M","E","R","M","?","R","B",null,"M","$","M","?","$","E","R","M","T","R","M","M","?","M","R","B",null,"M","M","$","M","M","E","?","$","T","?","?","E","M","M","R","B"],"character_chosen":"DEFECT","items_purchased":["PowerPotion","EssenceOfDarkness","Whetstone","Shuriken","Clash","Toolbox","Dexterity Potion","BootSequence","Anchor","Mind Blast","Defragment","Blue Candle","CeramicFish","Clothesline","Redo","Intimidate","Evolve"],"campfire_rested":6,"item_purchase_floors":[7,7,19,22,22,22,22,37,37,37,37,42,42,42,42,42,42],"current_hp_per_floor":[75,72,72,55,48,48,48,35,35,35,18,40,28,28,50,44,75,59,59,35,35,35,23,45,32,32,54,42,38,38,23,45,29,75,75,71,71,69,66,37,37,37,37,37,37,37,41,30,54,0,0],"gold":198,"neow_bonus":"","is_daily":true,"chose_seed":false,"campfire_upgraded":0,"win_rate":0.0,"timestamp":1612473752,"path_taken":["M","M","M","M","M","M","$","E","T","M","E","R","M","?","R","BOSS","M","?","?","?","$","E","R","?","T","R","M","M","?","M","R","BOSS","M","M","$","M","M","E","?","$","T","?","?","E","?","M","R","BOSS"],"items_purchased_type":["Potion","Potion","Relic","Relic","Card","Relic","Potion","Card","Relic","Card","Card","Relic","Relic","Card","Card","Card","Card"],"build_version":"2020-12-22","purchased_purges":1,"victory":false,"max_hp_per_floor":[75,75,75,75,75,75,75,75,75,75,75,75,75,75,75,75,75,75,75,75,75,75,75,75,75,75,75,75,75,75,75,75,75,75,75,75,75,80,80,80,80,80,80,80,80,80,80,80,80,80,80],"card_choices":[{"not_picked":["Rebound","Havoc","Barrage"],"picked":"SKIP","floor":1},{"not_picked":["Wild Strike","Heavy Blade","Thunderclap"],"picked":"SKIP","floor":2},{"not_picked":["Armaments","Sweeping Beam","Stack"],"picked":"SKIP","floor":3},{"not_picked":["Dual Wield","Searing Blow"],"picked":"True Grit","floor":4},{"not_picked":["Leap","Disarm"],"picked":"Spot Weakness","floor":5},{"not_picked":["Wild Strike","Self Repair"],"picked":"Clash","floor":6},{"not_picked":["Auto Shields","Power Through"],"picked":"Berserk","floor":8},{"not_picked":["Coolheaded","Hologram","Sword Boomerang"],"picked":"SKIP","floor":10},{"not_picked":["Self Repair","FTL"],"picked":"Capacitor","floor":11},{"not_picked":["Wild Strike","Perfected Strike"],"picked":"Capacitor","floor":13},{"not_picked":["Multi-Cast","Seek"],"picked":"Electrodynamics","floor":16},{"not_picked":["Steam","Warcry"],"picked":"Tempest","floor":18},{"not_picked":["Dark Embrace","Cold Snap+1"],"picked":"True Grit+1","floor":20},{"not_picked":["Bloodletting","Clothesline"],"picked":"Pommel Strike","floor":23},{"not_picked":["Force Field+1","Iron Wave"],"picked":"Spot Weakness+1","floor":25},{"not_picked":["Shrug It Off","Entrench+1"],"picked":"Beam Cell+1","floor":28},{"not_picked":["Havoc","Body Slam"],"picked":"Chaos+1","floor":29},{"not_picked":["Redo","Go for the Eyes"],"picked":"Leap+1","floor":31},{"not_picked":["Amplify","Feed"],"picked":"Echo Form","floor":33},{"not_picked":["Wild Strike","Body Slam"],"picked":"Thunderclap","floor":35},{"not_picked":["Combust","Sword Boomerang+1"],"picked":"Heavy Blade+1","floor":36},{"not_picked":["Go for the Eyes+1","Loop"],"picked":"Capacitor","floor":38},{"not_picked":["Perfected Strike+1","Iron Wave+1"],"picked":"Demon Form","floor":39},{"not_picked":["Iron Wave+1","Consume"],"picked":"Rebound+1","floor":40},{"not_picked":["Forethought","Blind"],"picked":"Bandage Up","floor":41},{"not_picked":["Hello World","Recycle"],"picked":"Shrug It Off+1","floor":46},{"not_picked":["Cold Snap","Sweeping Beam+1"],"picked":"Chaos+1","floor":47},{"not_picked":["Perfected Strike","Blood for Blood","Lockon+1"],"picked":"SKIP","floor":48}],"player_experience":489369,"relics_obtained":[{"floor":8,"key":"Gremlin Horn"},{"floor":9,"key":"Cables"},{"floor":11,"key":"Orichalcum"},{"floor":23,"key":"Happy Flower"},{"floor":26,"key":"Bronze Scales"},{"floor":40,"key":"Ornamental Fan"},{"floor":43,"key":"InkBottle"},{"floor":46,"key":"The Courier"}],"event_choices":[{"damage_healed":0,"gold_gain":0,"player_choice":"Forge","damage_taken":0,"max_hp_gain":0,"max_hp_loss":0,"event_name":"Accursed Blacksmith","floor":14,"gold_loss":0,"cards_upgraded":["Scrape"]},{"damage_healed":0,"gold_gain":0,"player_choice":"Upgraded Two","damage_taken":0,"max_hp_gain":0,"max_hp_loss":0,"event_name":"Designer","floor":21,"gold_loss":40,"cards_upgraded":["Shrug It Off","Shrug It Off"]},{"damage_healed":0,"gold_gain":0,"player_choice":"2 cards matched","damage_taken":0,"max_hp_gain":0,"max_hp_loss":0,"event_name":"Match and Keep!","floor":30,"gold_loss":0,"cards_obtained":["Enlightenment","Perfected Strike"]},{"damage_healed":0,"gold_gain":0,"player_choice":"Memory 1","damage_taken":0,"max_hp_gain":0,"max_hp_loss":0,"event_name":"SensoryStone","floor":41,"gold_loss":0},{"cards_removed":["Cleave"],"damage_healed":0,"gold_gain":0,"player_choice":"Removed Attack","damage_taken":0,"max_hp_gain":0,"max_hp_loss":0,"event_name":"Falling","floor":44,"gold_loss":0},{"damage_healed":0,"gold_gain":0,"player_choice":"Paid","damage_taken":0,"relics_obtained":["Red Mask"],"max_hp_gain":0,"max_hp_loss":0,"event_name":"Tomb of Lord Red Mask","floor":45,"gold_loss":16}],"is_beta":false,"boss_relics":[{"not_picked":["Empty Cage","Runic Dome"],"picked":"Philosopher\u0027s Stone"},{"not_picked":["Sozu","SacredBark"],"picked":"Nuclear Battery"}],"items_purged_floors":[7],"is_endless":false,"potions_floor_spawned":[4,5,8,11,13,23,28,29,31,33,36,39,46,48],"killed_by":"Time Eater","ascension_level":0}}