{"host":"rwmcmr2m88k7tuzm","time":1612400140,"event":{"mods":["Aspiration","BaseMod","BetterRewards","Conspire","Downfall","Hubris","Infinite Spire","Minty Spire (QoL Compilation)","Quick Restart","Replay The Spire","Shop Mod","StSLib","SuperFastMode","The Hayseed"],"gold_per_floor":[113,113,126,126,143,143,157,188,188,206,221,221,279,19,19,119,119,137,137,154,80,91,118,118,50,50,62,82,96,96,96],"floor_reached":30,"language":"ENG","playtime":899,"items_purged":[],"score":379,"play_id":"2a695852-cf1c-42e0-8d13-900d4447c099","local_time":"20210204005540","is_ascension_mode":false,"campfire_choices":[{"floor":6,"key":"REST"},{"floor":15,"key":"REST"},{"floor":24,"key":"REST"}],"circlet_count":0,"master_deck":["Strike_R+1","Strike_R+1","Strike_R+1","Strike_R+1","Strike_R+1","Defend_R+1","Defend_R+1","Defend_R+1","Defend_R+1","Bash","Thunderclap","Spot Weakness","Dropkick","Flex","Twin Strike","Flex","Shrug It Off","Offering","Anger+1","Clash","Inflame","Rage","Twin Strike","Inflame"],"relics":["Burning Blood","HandDrill","Letter Opener","infinitespire:Satchel","Replay:Mystery Machine","hubris:EmptyBottle","hubris:Icosahedron","Turnip","Shuriken","aspiration:BabyByrd","WingedGreaves","hubris:PeanutButter","aspiration:AnachronicSnailShell","Lantern","hubris:MedicalManual"],"acts_visited":["Exordium","TheCity"],"potions_floor_usage":[8,8,23,30,30,30,30],"damage_taken":[{"damage":4,"enemies":"Jaw Worm","floor":1,"turns":4},{"damage":1,"enemies":"Cultist","floor":3,"turns":3},{"damage":0,"enemies":"conspire:RoseBush","floor":5,"turns":3},{"damage":11,"enemies":"3 Louse","floor":7,"turns":3},{"damage":0,"enemies":"Replay:BlueRogue","floor":8,"turns":4},{"damage":12,"enemies":"conspire:2 RoseBushes","floor":10,"turns":4},{"damage":20,"enemies":"Exordium Thugs","floor":11,"turns":4},{"damage":24,"enemies":"3 Sentries","floor":13,"turns":6},{"damage":8,"enemies":"Slime Boss","floor":16,"turns":8},{"damage":0,"enemies":"Chosen","floor":18,"turns":3},{"damage":13,"enemies":"3 Byrds","floor":20,"turns":3},{"damage":9,"enemies":"Centurion and Healer","floor":22,"turns":3},{"damage":21,"enemies":"Gremlin Leader","floor":23,"turns":4},{"damage":5,"enemies":"Cultist and Chosen","floor":27,"turns":4},{"damage":15,"enemies":"conspire:HollyBat","floor":28,"turns":7},{"damage":4,"enemies":"3 Cultists","floor":29,"turns":4},{"damage":76,"enemies":"Nightmare","floor":30,"turns":7}],"seed_played":"2430483504729444059","potions_obtained":[{"floor":1,"key":"LiquidBronze"},{"floor":8,"key":"Elixir"},{"floor":11,"key":"Elixir"},{"floor":16,"key":"Elixir"},{"floor":22,"key":"Flashbang"},{"floor":23,"key":"Fire Potion"}],"is_trial":false,"path_per_floor":["M","?","M","?","M","R","M","E","T","M","M","?","?","$","R","B",null,"M","?","M","?","M","E","R","$","T","M","M","M","NM"],"character_chosen":"IRONCLAD","items_purchased":["HandDrill","Letter Opener","infinitespire:Satchel","Replay:Mystery Machine","hubris:EmptyBottle","hubris:PeanutButter","Inflame"],"campfire_rested":3,"item_purchase_floors":[0,0,0,0,0,14,25],"current_hp_per_floor":[46,46,51,51,57,80,75,80,80,74,60,60,42,42,66,64,80,80,80,73,73,70,55,79,79,79,80,71,73,0,0],"gold":96,"neow_bonus":"","is_daily":false,"chose_seed":false,"campfire_upgraded":0,"win_rate":0.0,"timestamp":1612400140,"path_taken":["M","?","M","?","?","R","M","E","T","M","M","?","?","?","R","BOSS","M","?","M","?","?","E","R","?","T","M","?","?","NM"],"items_purchased_type":["Relic","Relic","Relic","Relic","Relic","Relic","Card"],"build_version":"2020-12-22","purchased_purges":0,"victory":false,"max_hp_per_floor":[80,80,80,80,80,80,80,80,80,80,80,80,80,80,80,80,80,80,80,80,80,80,80,80,80,80,80,80,80,80,80],"card_choices":[{"not_picked":["True Grit","Warcry"],"picked":"Thunderclap","floor":1},{"not_picked":["Dual Wield","Run Through"],"picked":"Spot Weakness","floor":3},{"not_picked":["hubris:SharpeningStone","ReplayTheSpireMod:LeadingStrike"],"picked":"Dropkick","floor":5},{"not_picked":["hubris:ReadiedAction","Twin Strike"],"picked":"Flex","floor":7},{"not_picked":["Perfected Strike","Exhume"],"picked":"Twin Strike","floor":8},{"not_picked":["Hemokinesis","Searing Blow","Wild Strike"],"picked":"SKIP","floor":10},{"not_picked":["Headbutt","Sword Boomerang"],"picked":"Flex","floor":11},{"not_picked":["Run Through","hubris:CleavingFinish"],"picked":"Shrug It Off","floor":13},{"not_picked":["Exhume","Reaper"],"picked":"Offering","floor":16},{"not_picked":["Sword Boomerang+1","Infernal Blade"],"picked":"Anger+1","floor":18},{"not_picked":["Iron Wave+1","Anger","Havoc"],"picked":"SKIP","floor":20},{"not_picked":["Life Link","Shrug It Off"],"picked":"Clash","floor":22},{"not_picked":["Dark Embrace","hubris:SharpeningStone","Life Link"],"picked":"SKIP","floor":23},{"not_picked":["Run Through","Heavy Blade"],"picked":"Rage","floor":27},{"not_picked":["Clash","Clothesline"],"picked":"Twin Strike","floor":28},{"not_picked":["Shrug It Off","Bludgeon"],"picked":"Inflame","floor":29}],"player_experience":195296,"relics_obtained":[{"floor":8,"key":"Turnip"},{"floor":9,"key":"Shuriken"},{"floor":13,"key":"WingedGreaves"},{"floor":23,"key":"Lantern"},{"floor":26,"key":"hubris:MedicalManual"}],"event_choices":[{"damage_healed":0,"gold_gain":0,"player_choice":"Ignored","damage_taken":0,"max_hp_gain":0,"max_hp_loss":0,"event_name":"NoteForYourself","floor":4,"gold_loss":0},{"damage_healed":0,"gold_gain":30,"player_choice":"Searched \u00273\u0027 times","damage_taken":0,"max_hp_gain":0,"max_hp_loss":0,"event_name":"Dead Adventurer","floor":13,"gold_loss":0},{"damage_healed":0,"gold_gain":0,"player_choice":"Simplicity","damage_taken":0,"max_hp_gain":0,"max_hp_loss":0,"event_name":"Back to Basics","floor":19,"gold_loss":0,"cards_upgraded":["Strike_R","Strike_R","Strike_R","Strike_R","Strike_R","Defend_R","Defend_R","Defend_R","Defend_R"]},{"damage_healed":0,"gold_gain":0,"player_choice":"Paid Gold","damage_taken":0,"relics_obtained":["aspiration:AnachronicSnailShell"],"max_hp_gain":0,"max_hp_loss":0,"event_name":"WeMeetAgain","floor":21,"gold_loss":74}],"is_beta":false,"boss_relics":[{"not_picked":["Replay:Drink Me","Replay:Ancient Bell","Runic Pyramid"]}],"items_purged_floors":[],"is_endless":false,"potions_floor_spawned":[1,8,11,16,22,23,27,29],"killed_by":"Nightmare","ascension_level":0}}