{"host":"wuernuywc9gl215o","time":1612442389,"event":{"mods":["AchievementEnabler","BaseMod","Block Reminder","Highlight Path","Key Reminder","Minty Spire (QoL Compilation)","Permanent Neow","Potion Indicator Mod","Quick Restart","Relic Stats"],"gold_per_floor":[114,134,144,163,179,179,208,226,251,251,251,283,298,327,327,327,327],"floor_reached":16,"language":"ENG","playtime":1008,"items_purged":[],"score":211,"play_id":"41c2f518-991a-4bae-ad2a-95bc8123ab96","local_time":"20210204123949","is_ascension_mode":true,"campfire_choices":[{"data":"1","floor":6.0,"key":"LIFT"},{"data":"2","floor":11.0,"key":"LIFT"},{"floor":15.0,"key":"REST"}],"circlet_count":0,"master_deck":["AscendersBane","Strike_G","Strike_G","Strike_G","Strike_G","Strike_G","Defend_G","Defend_G","Defend_G","Defend_G","Defend_G","Survivor","Neutralize","Parasite","Slice","Crippling Poison","Flying Knee","Acrobatics","Bane","Unload","Dodge and Roll","Endless Agony","Dagger Spray","Blade Dance"],"relics":["Ring of the Snake","Girya","Lantern","Toy Ornithopter","Omamori","Vajra"],"acts_visited":["Exordium"],"potions_floor_usage":[16],"damage_taken":[{"damage":0.0,"enemies":"Small Slimes","floor":1.0,"turns":5.0},{"damage":0.0,"enemies":"2 Louse","floor":2.0,"turns":4.0},{"damage":4.0,"enemies":"Cultist","floor":3.0,"turns":5.0},{"damage":7.0,"enemies":"Blue Slaver","floor":4.0,"turns":4.0},{"damage":15.0,"enemies":"3 Louse","floor":5.0,"turns":3.0},{"damage":18.0,"enemies":"Gremlin Nob","floor":7.0,"turns":4.0},{"damage":3.0,"enemies":"2 Fungi Beasts","floor":8.0,"turns":3.0},{"damage":13.0,"enemies":"3 Sentries","floor":12.0,"turns":9.0},{"damage":0.0,"enemies":"Blue Slaver","floor":13.0,"turns":3.0},{"damage":11.0,"enemies":"Lagavulin","floor":14.0,"turns":3.0},{"damage":47,"enemies":"The Guardian","floor":16,"turns":12}],"seed_played":"-2316576230747717038","potions_obtained":[{"floor":1.0,"key":"FearPotion"},{"floor":4.0,"key":"Weak Potion"},{"floor":8.0,"key":"Poison Potion"},{"floor":12.0,"key":"Poison Potion"},{"floor":14.0,"key":"ColorlessPotion"}],"is_trial":false,"path_per_floor":["M","M","M","M","M","R","E","M","T","?","R","E","M","E","R","B"],"character_chosen":"THE_SILENT","items_purchased":[],"campfire_rested":1,"item_purchase_floors":[],"current_hp_per_floor":[59,59,55,48,33,33,15,12,12,34,34,21,21,20,39,0,0],"gold":327,"neow_bonus":"ONE_RARE_RELIC","is_daily":false,"chose_seed":false,"campfire_upgraded":0,"win_rate":0.0,"timestamp":1612442389,"path_taken":["M","M","M","M","M","R","E","M","T","?","R","E","M","E","R","BOSS"],"items_purchased_type":[],"build_version":"2020-12-22","purchased_purges":0,"victory":false,"max_hp_per_floor":[66,66,66,66,66,66,66,66,66,66,66,66,66,66,66,66,66],"relic_stats":{"counters":[11,55],"obtain_stats":[{"Girya":0,"Lantern":7,"Vajra":14,"Omamori":12,"Toy Ornithopter":9,"Ring of the Snake":0},{"Girya":0,"Lantern":6,"Vajra":10,"Omamori":8,"Toy Ornithopter":7,"Ring of the Snake":0},{"Girya":0,"Lantern":25,"Vajra":43,"Omamori":37,"Toy Ornithopter":28,"Ring of the Snake":0}],"Toy Ornithopter":15,"Ring of the Snake":[22]},"card_choices":[{"not_picked":["Deadly Poison","Distraction"],"picked":"Slice","floor":1.0},{"not_picked":["Bane","Distraction"],"picked":"Crippling Poison","floor":2.0},{"not_picked":["Outmaneuver","Accuracy"],"picked":"Flying Knee","floor":3.0},{"not_picked":["Outmaneuver","Underhanded Strike"],"picked":"Acrobatics","floor":4.0},{"not_picked":["Dagger Throw","Reflex"],"picked":"Bane","floor":5.0},{"not_picked":["Deadly Poison","Crippling Poison"],"picked":"Unload","floor":7.0},{"not_picked":["Quick Slash","Dagger Spray"],"picked":"Dodge and Roll","floor":8.0},{"not_picked":["Calculated Gamble","Setup"],"picked":"Endless Agony","floor":12.0},{"not_picked":["Poisoned Stab","Infinite Blades"],"picked":"Dagger Spray","floor":13.0},{"not_picked":["Dagger Spray","Distraction"],"picked":"Blade Dance","floor":14.0}],"player_experience":809598,"relics_obtained":[{"floor":7.0,"key":"Lantern"},{"floor":9.0,"key":"Toy Ornithopter"},{"floor":12.0,"key":"Omamori"},{"floor":14.0,"key":"Vajra"}],"event_choices":[{"damage_healed":22.0,"max_hp_gain":0.0,"max_hp_loss":0.0,"gold_gain":0.0,"event_name":"Big Fish","player_choice":"Banana","floor":10.0,"gold_loss":0.0,"damage_taken":0.0}],"is_beta":false,"boss_relics":[],"items_purged_floors":[],"is_endless":false,"potions_floor_spawned":[1,4,8,12,14],"killed_by":"The Guardian","ascension_level":14}}