{"host":"sav7uxregyirlf69","time":1612452701,"event":{"mods":["AchievementEnabler","BaseMod","Colored Map","DeckTracker","Keyboard Shortcuts","Minty Spire (QoL Compilation)","READ ME - Guardian Mod","StSLib","SuperFastMode"],"gold_per_floor":[111,123,135,135,135,135,135,152,178,103,132,145,220,245,245,322,322,333,333,333,347,247,247,90,121,121,121,141,153,183,25,25,99,99,109,384,3,28,28,57,76,110,110,144,144,155,45,65,65,65,65,65,65,15,48,48],"floor_reached":57,"language":"KOR","playtime":1591,"items_purged":["Defend_R","Defend_R","Regret"],"score":2947,"play_id":"c9c4fabd-a672-43ed-8b13-bc8a340faa28","local_time":"20210205003141","is_ascension_mode":true,"campfire_choices":[{"data":"Bash","floor":6.0,"key":"SMITH"},{"data":"Immolate","floor":15.0,"key":"SMITH"},{"data":"Fiend Fire","floor":23.0,"key":"SMITH"},{"data":"Double Tap","floor":32.0,"key":"SMITH"},{"data":"Barricade","floor":45.0,"key":"SMITH"},{"floor":49.0,"key":"RECALL"},{"data":"Body Slam","floor":53.0,"key":"SMITH"}],"circlet_count":0,"master_deck":["AscendersBane","Strike_R","Defend_R+1","Defend_R","Bash+1","Anger+1","Shrug It Off","Immolate+1","Flame Barrier","Feel No Pain","Fiend Fire+1","Wild Strike+1","Impervious","Uppercut","Shrug It Off","Shockwave","Double Tap+1","Burning Pact","Offering","Barricade+1","CurseOfTheBell","True Grit+1","Shrug It Off+1","Body Slam+1","Dark Embrace+1","Madness+1","Madness+1","Power Through+1","Pommel Strike","Seeing Red+1"],"relics":["Burning Blood","Bronze Scales","MealTicket","Turnip","Darkstone Periapt","Coffee Dripper","FaceOfCleric","Happy Flower","Bag of Marbles","Mummified Hand","Calling Bell","Anchor","Toxic Egg 2","FossilizedHelix","Sundial","Unceasing Top","Smiling Mask","Pocketwatch","Centennial Puzzle","White Beast Statue","Letter Opener"],"acts_visited":["Exordium","TheCity","TheBeyond","TheEnding"],"potions_floor_usage":[56,56],"damage_taken":[{"damage":4.0,"enemies":"Small Slimes","floor":1.0,"turns":3.0},{"damage":7.0,"enemies":"Jaw Worm","floor":2.0,"turns":3.0},{"damage":6.0,"enemies":"2 Louse","floor":3.0,"turns":4.0},{"damage":8.0,"enemies":"Exordium Wildlife","floor":8.0,"turns":4.0},{"damage":19.0,"enemies":"Lagavulin","floor":11.0,"turns":6.0},{"damage":0.0,"enemies":"3 Louse","floor":12.0,"turns":1.0},{"damage":9.0,"enemies":"3 Sentries","floor":14.0,"turns":6.0},{"damage":30.0,"enemies":"Slime Boss","floor":16.0,"turns":8.0},{"damage":1.0,"enemies":"Spheric Guardian","floor":18.0,"turns":4.0},{"damage":4.0,"enemies":"Chosen","floor":21.0,"turns":4.0},{"damage":5.0,"enemies":"Book of Stabbing","floor":25.0,"turns":4.0},{"damage":18.0,"enemies":"3 Cultists","floor":28.0,"turns":4.0},{"damage":0.0,"enemies":"Snecko","floor":29.0,"turns":3.0},{"damage":2.0,"enemies":"Gremlin Leader","floor":30.0,"turns":4.0},{"damage":26.0,"enemies":"Automaton","floor":33.0,"turns":6.0},{"damage":2.0,"enemies":"Orb Walker","floor":35.0,"turns":4.0},{"damage":30.0,"enemies":"Mind Bloom Boss Battle","floor":38.0,"turns":5.0},{"damage":0.0,"enemies":"Giant Head","floor":40.0,"turns":8.0},{"damage":0.0,"enemies":"3 Darklings","floor":41.0,"turns":3.0},{"damage":10.0,"enemies":"Reptomancer","floor":42.0,"turns":6.0},{"damage":52.0,"enemies":"Giant Head","floor":44.0,"turns":10.0},{"damage":0.0,"enemies":"Maw","floor":46.0,"turns":7.0},{"damage":0.0,"enemies":"Sphere and 2 Shapes","floor":48.0,"turns":5.0},{"damage":3.0,"enemies":"Donu and Deca","floor":50.0,"turns":11.0},{"damage":7.0,"enemies":"Awakened One","floor":51.0,"turns":6.0},{"damage":77.0,"enemies":"Shield and Spear","floor":55.0,"turns":6.0},{"damage":13,"enemies":"The Heart","floor":56,"turns":8}],"seed_played":"5637221256659845395","potions_obtained":[{"floor":11.0,"key":"FearPotion"},{"floor":12.0,"key":"DuplicationPotion"},{"floor":16.0,"key":"Weak Potion"},{"floor":29.0,"key":"PowerPotion"},{"floor":35.0,"key":"Fire Potion"},{"floor":38.0,"key":"DuplicationPotion"},{"floor":46.0,"key":"Dexterity Potion"},{"floor":55.0,"key":"FearPotion"}],"is_trial":false,"path_per_floor":["M","M","M","?","?","R","?","M","T","$","E","M","?","E","R","B",null,"M","?","?","M","$","R","$","E","T","?","M","M","E","$","R","B",null,"M","?","$","?","?","E","M","E","T","E","R","M","?","M","R","B","B",null,"R","$","E","B",null],"character_chosen":"IRONCLAD","items_purchased":["Happy Flower","Offering","Sundial","Shrug It Off+1","Body Slam"],"campfire_rested":0,"item_purchase_floors":[24,31,37,37,37],"current_hp_per_floor":[77,76,76,69,44,44,44,42,42,57,44,50,39,36,36,12,65,70,70,70,73,83,83,83,84,84,84,73,80,85,87,87,68,89,94,100,101,78,60,67,74,71,71,26,26,33,33,40,40,44,44,94,94,109,39,33],"gold":48,"neow_bonus":"TEN_PERCENT_HP_BONUS","is_daily":false,"chose_seed":false,"campfire_upgraded":6,"win_rate":0.0,"timestamp":1612452701,"path_taken":["M","M","M","?","?","R","?","?","T","$","E","M","?","E","R","BOSS","M","?","?","?","$","R","?","E","T","?","?","?","E","$","R","BOSS","M","?","?","?","?","E","M","E","T","E","R","M","?","M","R","BOSS","BOSS","R","$","E","BOSS"],"items_purchased_type":["Relic","Card","Relic","Card","Card"],"build_version":"2020-12-22","purchased_purges":3,"victory":true,"max_hp_per_floor":[82,82,82,82,82,82,82,82,82,82,82,82,82,82,82,82,82,82,82,82,83,83,83,83,84,84,84,85,86,87,87,87,88,94,95,101,101,102,102,103,104,105,105,106,106,107,107,108,108,109,110,110,110,110,111,112],"card_choices":[{"not_picked":["Thunderclap","Headbutt"],"picked":"Anger","floor":1.0},{"not_picked":["True Grit","Havoc"],"picked":"Shrug It Off","floor":2.0},{"not_picked":["Thunderclap","True Grit","Shrug It Off"],"picked":"SKIP","floor":3.0},{"not_picked":["Intimidate","Armaments","Warcry"],"picked":"SKIP","floor":8.0},{"not_picked":["Spot Weakness","Hemokinesis"],"picked":"Immolate","floor":11.0},{"not_picked":["Twin Strike","Havoc"],"picked":"Flame Barrier","floor":12.0},{"not_picked":["Reckless Charge","Cleave"],"picked":"Feel No Pain","floor":14.0},{"not_picked":["Berserk","Immolate"],"picked":"Fiend Fire","floor":16.0},{"not_picked":["Clash","Anger"],"picked":"Wild Strike","floor":18.0},{"not_picked":["Heavy Blade","Bloodletting"],"picked":"Shrug It Off","floor":21.0},{"not_picked":["Thunderclap","Ghostly Armor"],"picked":"Shockwave","floor":25.0},{"not_picked":["Thunderclap","Dark Embrace"],"picked":"Burning Pact","floor":28.0},{"not_picked":["Warcry+1","Shrug It Off","Bloodletting"],"picked":"SKIP","floor":29.0},{"not_picked":["Spot Weakness","Havoc","Perfected Strike"],"picked":"SKIP","floor":30.0},{"not_picked":["Offering","Bludgeon"],"picked":"Barricade","floor":33.0},{"not_picked":["Shrug It Off+1","Reckless Charge"],"picked":"True Grit+1","floor":35.0},{"not_picked":["Havoc+1","Anger"],"picked":"Dark Embrace+1","floor":38.0},{"not_picked":["Body Slam","Iron Wave","Disarm+1"],"picked":"SKIP","floor":40.0},{"not_picked":["Headbutt","Clash","Perfected Strike+1"],"picked":"SKIP","floor":41.0},{"not_picked":["Headbutt","Barricade"],"picked":"Power Through+1","floor":42.0},{"not_picked":["Cleave","Clothesline"],"picked":"Pommel Strike","floor":44.0},{"not_picked":["Clothesline","Warcry+1"],"picked":"Seeing Red+1","floor":46.0},{"not_picked":["Iron Wave","True Grit+1","Cleave+1"],"picked":"SKIP","floor":48.0},{"not_picked":["Shockwave+1","Shrug It Off+1","Combust"],"picked":"SKIP","floor":55.0}],"player_experience":1491027,"relics_obtained":[{"floor":9.0,"key":"MealTicket"},{"floor":11.0,"key":"Turnip"},{"floor":14.0,"key":"Darkstone Periapt"},{"floor":25.0,"key":"Bag of Marbles"},{"floor":30.0,"key":"Mummified Hand"},{"floor":34.0,"key":"Anchor"},{"floor":34.0,"key":"Toxic Egg 2"},{"floor":34.0,"key":"FossilizedHelix"},{"floor":38.0,"key":"Unceasing Top"},{"floor":40.0,"key":"Smiling Mask"},{"floor":42.0,"key":"Pocketwatch"},{"floor":43.0,"key":"Centennial Puzzle"},{"floor":44.0,"key":"White Beast Statue"},{"floor":55.0,"key":"Letter Opener"}],"event_choices":[{"cards_removed":["Strike_R"],"damage_healed":0.0,"max_hp_gain":0.0,"max_hp_loss":0.0,"gold_gain":0.0,"event_name":"Golden Wing","player_choice":"Card Removal","floor":4.0,"gold_loss":0.0,"damage_taken":7.0},{"damage_healed":0.0,"max_hp_gain":0.0,"max_hp_loss":0.0,"gold_gain":0.0,"event_name":"Shining Light","player_choice":"Entered Light","floor":5.0,"gold_loss":0.0,"damage_taken":25.0,"cards_upgraded":["Anger","Defend_R"]},{"damage_healed":0.0,"max_hp_gain":0.0,"max_hp_loss":0.0,"gold_gain":0.0,"event_name":"Dead Adventurer","player_choice":"Searched \u00271\u0027 times","floor":7.0,"gold_loss":0.0,"damage_taken":0.0,"relics_obtained":["Bronze Scales"]},{"damage_healed":0.0,"max_hp_gain":0.0,"max_hp_loss":0.0,"gold_gain":75.0,"event_name":"World of Goop","player_choice":"Gather Gold","floor":13.0,"gold_loss":0.0,"damage_taken":11.0},{"damage_healed":0.0,"max_hp_gain":0.0,"max_hp_loss":0.0,"gold_gain":0.0,"cards_transformed":["Strike_R","Strike_R"],"event_name":"Drug Dealer","player_choice":"Became Test Subject","floor":19.0,"gold_loss":0.0,"damage_taken":0.0,"cards_obtained":["Impervious","Uppercut"]},{"damage_healed":0.0,"max_hp_gain":0.0,"max_hp_loss":0.0,"gold_gain":0.0,"event_name":"FaceTrader","player_choice":"Trade","floor":20.0,"gold_loss":0.0,"damage_taken":0.0,"relics_obtained":["FaceOfCleric"]},{"damage_healed":0.0,"max_hp_gain":0.0,"max_hp_loss":0.0,"gold_gain":0.0,"event_name":"Match and Keep!","player_choice":"1 cards matched","floor":27.0,"gold_loss":0.0,"damage_taken":0.0,"cards_obtained":["Double Tap"]},{"damage_healed":0.0,"max_hp_gain":0.0,"max_hp_loss":0.0,"gold_gain":275.0,"event_name":"Golden Shrine","player_choice":"Desecrate","floor":36.0,"gold_loss":0.0,"damage_taken":0.0,"cards_obtained":["Regret"]},{"damage_healed":0.0,"max_hp_gain":0.0,"max_hp_loss":0.0,"gold_gain":0.0,"event_name":"MindBloom","player_choice":"Fight","floor":38.0,"gold_loss":0.0,"damage_taken":0.0},{"damage_healed":0.0,"max_hp_gain":0.0,"max_hp_loss":0.0,"gold_gain":0.0,"event_name":"Winding Halls","player_choice":"Embrace Madness","floor":39.0,"gold_loss":0.0,"damage_taken":18.0,"cards_obtained":["Madness","Madness"]},{"cards_removed":["Strike_R"],"damage_healed":0.0,"max_hp_gain":0.0,"max_hp_loss":0.0,"gold_gain":0.0,"event_name":"Designer","player_choice":"Upgrade and Remove","floor":47.0,"gold_loss":110.0,"damage_taken":0.0,"cards_upgraded":["Wild Strike"]}],"is_beta":false,"boss_relics":[{"not_picked":["Runic Dome","Philosopher\u0027s Stone"],"picked":"Coffee Dripper"},{"not_picked":["Runic Cube","Busted Crown"],"picked":"Calling Bell"}],"items_purged_floors":[10,22,54],"is_endless":false,"potions_floor_spawned":[11,12,14,16,29,35,38,40,46,48,55],"ascension_level":20}}