{"host":"sum4dy402bbv9y4o","time":1612481314,"event":{"mods":["Aspiration","BaseMod","Conspire","Highlight Path","Minty Spire (QoL Compilation)","StSLib"],"gold_per_floor":[116,39,39,50,50,50,62,62,85,101,111,111,142,158,158,236,236,256,256,276,296,18,18,33,43,68,68,85,120,120,139,139,139,139],"floor_reached":33,"language":"ENG","playtime":2915,"items_purged":[],"score":592,"play_id":"2084bb52-f468-426a-a721-f1c40343a7f9","local_time":"20210205022834","is_ascension_mode":true,"campfire_choices":[{"data":"Adaptation","floor":6,"key":"SMITH"},{"data":"Eruption","floor":8,"key":"SMITH"},{"floor":15,"key":"REST"},{"floor":23,"key":"REST"},{"floor":27,"key":"REST"},{"data":"TalkToTheHand","floor":30,"key":"SMITH"},{"floor":32,"key":"REST"}],"circlet_count":0,"master_deck":["AscendersBane","Strike_P","Strike_P","Defend_P","Defend_P","Defend_P","Eruption+1","Vigilance","TalkToTheHand","Adaptation+1","Halt","Evaluate","FlurryOfBlows","WindmillStrike","EmptyFist","FlyingSleeves+1","Wallop+1","Omniscience+1","TalkToTheHand+1","Wallop+1","InnerPeace","EmptyFist","Tantrum","Tantrum"],"relics":["PureWater","aspiration:Nostalgia","Ring of the Snake","Regal Pillow","Strawberry","Astrolabe","Yang","Anchor","Bag of Marbles"],"acts_visited":["Exordium","TheCity"],"potions_floor_usage":[10,16,18,20,21,29,33],"damage_taken":[{"damage":0,"enemies":"2 Louse","floor":1,"turns":5},{"damage":2,"enemies":"Cultist","floor":4,"turns":3},{"damage":0,"enemies":"Small Slimes","floor":7,"turns":2},{"damage":10,"enemies":"Exordium Thugs","floor":10,"turns":3},{"damage":1,"enemies":"Red Slaver","floor":11,"turns":3},{"damage":26,"enemies":"Gremlin Nob","floor":13,"turns":4},{"damage":1,"enemies":"Lots of Slimes","floor":14,"turns":4},{"damage":37,"enemies":"Hexaghost","floor":16,"turns":7},{"damage":13,"enemies":"Chosen","floor":18,"turns":6},{"damage":7,"enemies":"3 Byrds","floor":20,"turns":6},{"damage":39,"enemies":"Cultist and Chosen","floor":21,"turns":7},{"damage":17,"enemies":"Shelled Parasite and Fungi","floor":24,"turns":5},{"damage":8,"enemies":"Snake Plant","floor":25,"turns":4},{"damage":22,"enemies":"Centurion and Healer","floor":28,"turns":8},{"damage":0,"enemies":"Gremlin Leader","floor":29,"turns":5},{"damage":2,"enemies":"3 Cultists","floor":31,"turns":5},{"damage":85,"enemies":"conspire:MysteriousRune","floor":33,"turns":9}],"seed_played":"8371953277542225160","potions_obtained":[{"floor":1,"key":"Block Potion"},{"floor":4,"key":"Ancient Potion"},{"floor":14,"key":"ColorlessPotion"},{"floor":18,"key":"Block Potion"},{"floor":20,"key":"ColorlessPotion"},{"floor":28,"key":"Strength Potion"},{"floor":29,"key":"Energy Potion"}],"is_trial":false,"path_per_floor":["M","$","?","M","$","R","M","R","T","M","M","?","E","M","R","B",null,"M","?","M","M","$","R","M","M","T","R","M","E","R","M","R","B"],"character_chosen":"WATCHER","items_purchased":["Adaptation","Yang"],"campfire_rested":4,"item_purchase_floors":[2,22],"current_hp_per_floor":[61,61,61,59,59,59,59,59,59,49,48,48,29,28,65,28,63,50,50,43,4,4,41,24,16,16,53,31,31,31,29,66,0,0],"gold":139,"neow_bonus":"NOSTALGIA","is_daily":false,"chose_seed":false,"campfire_upgraded":3,"win_rate":0.0,"timestamp":1612481314,"path_taken":["M","$","?","M","?","R","M","R","T","M","M","?","E","?","R","BOSS","M","?","M","M","$","R","M","M","T","R","M","E","R","M","R","BOSS"],"items_purchased_type":["Card","Relic"],"build_version":"2020-12-22","purchased_purges":0,"victory":false,"max_hp_per_floor":[68,68,68,68,68,68,68,68,68,68,68,68,75,75,75,75,75,75,75,75,75,75,75,75,75,75,75,75,75,75,75,75,75,75],"card_choices":[{"not_picked":["CarveReality","ThirdEye"],"picked":"TalkToTheHand","floor":1},{"not_picked":["JustLucky","Meditate"],"picked":"Halt","floor":4},{"not_picked":["WaveOfTheHand","Study"],"picked":"Evaluate","floor":7},{"not_picked":["Adaptation","Protect"],"picked":"FlurryOfBlows","floor":10},{"not_picked":["PathToVictory","ThirdEye"],"picked":"WindmillStrike","floor":11},{"not_picked":["BattleHymn","Pray"],"picked":"EmptyFist","floor":13},{"not_picked":["CutThroughFate","FlyingSleeves","Meditate"],"picked":"SKIP","floor":14},{"not_picked":["FlyingSleeves","BowlingBash"],"picked":"TalkToTheHand","floor":18},{"not_picked":["WreathOfFlame","Worship"],"picked":"InnerPeace","floor":20},{"not_picked":["Worship","Prostrate+1"],"picked":"EmptyFist","floor":21},{"not_picked":["Consecrate","CrushJoints","EmptyFist"],"picked":"SKIP","floor":24},{"not_picked":["Adaptation","ForeignInfluence","CrushJoints"],"picked":"SKIP","floor":25},{"not_picked":["BowlingBash","FollowUp"],"picked":"Tantrum","floor":28},{"not_picked":["Alpha","Swivel"],"picked":"Tantrum","floor":29},{"not_picked":["PathToVictory","Study","Meditate"],"picked":"SKIP","floor":31}],"player_experience":3048875,"relics_obtained":[{"floor":9,"key":"Regal Pillow"},{"floor":13,"key":"Strawberry"},{"floor":26,"key":"Anchor"},{"floor":29,"key":"Bag of Marbles"}],"event_choices":[{"damage_healed":0,"gold_gain":0,"player_choice":"0 cards matched","damage_taken":0,"max_hp_gain":0,"max_hp_loss":0,"event_name":"Match and Keep!","floor":3,"gold_loss":0,"cards_obtained":[]},{"damage_healed":0,"gold_gain":0,"player_choice":"Ignored","damage_taken":0,"max_hp_gain":0,"max_hp_loss":0,"event_name":"Liars Game","floor":12,"gold_loss":0},{"damage_healed":0,"gold_gain":0,"player_choice":"Copied","damage_taken":0,"max_hp_gain":0,"max_hp_loss":0,"event_name":"Duplicator","floor":19,"gold_loss":0,"cards_obtained":["Wallop"]}],"is_beta":false,"boss_relics":[{"not_picked":["conspire:SlowCooker","Calling Bell"],"picked":"Astrolabe"}],"items_purged_floors":[],"is_endless":false,"potions_floor_spawned":[1,4,7,14,18,20,28,29],"killed_by":"conspire:MysteriousRune","ascension_level":20}}