{"host":"a1eatafr7pisesky","time":1612448744,"event":{"mods":["AchievementEnabler","BaseMod","Colored Map","Keyboard Shortcuts","Minty Spire (QoL Compilation)","Say the Spire","StSLib","SuperFastMode","everything is the same but u backflip on backflip"],"gold_per_floor":[10,10,29,44,56,91,91,109,109,79,96,96,46,57,57,57,57],"floor_reached":16,"language":"KOR","playtime":270,"items_purged":[],"score":177,"play_id":"68fb13e0-fabf-476f-b2e1-c854be40acbc","local_time":"20210204232544","is_ascension_mode":true,"campfire_choices":[{"floor":7.0,"key":"REST"},{"floor":12.0,"key":"DIG"},{"floor":15.0,"key":"REST"}],"circlet_count":0,"master_deck":["AscendersBane","Strike_G","Strike_G","Strike_G","Strike_G","Defend_G","Defend_G","Defend_G","Defend_G","Defend_G","Survivor","Neutralize","Catalyst","All Out Attack","Dagger Spray","Backflip","Crippling Poison","Crippling Poison","Backflip"],"relics":["Ring of the Snake","Lizard Tail","Shovel","Meat on the Bone","Strawberry"],"acts_visited":["Exordium"],"potions_floor_usage":[16],"damage_taken":[{"damage":9.0,"enemies":"Small Slimes","floor":1.0,"turns":4.0},{"damage":9.0,"enemies":"Cultist","floor":3.0,"turns":5.0},{"damage":0.0,"enemies":"2 Louse","floor":4.0,"turns":3.0},{"damage":35.0,"enemies":"Exordium Thugs","floor":5.0,"turns":7.0},{"damage":49.0,"enemies":"Gremlin Nob","floor":6.0,"turns":6.0},{"damage":15.0,"enemies":"Looter","floor":8.0,"turns":4.0},{"damage":0.0,"enemies":"2 Fungi Beasts","floor":11.0,"turns":3.0},{"damage":28.0,"enemies":"Exordium Thugs","floor":14.0,"turns":3.0},{"damage":45,"enemies":"Slime Boss","floor":16,"turns":6}],"seed_played":"4919746906770554494","potions_obtained":[{"floor":4.0,"key":"Weak Potion"},{"floor":6.0,"key":"SneckoOil"},{"floor":8.0,"key":"FearPotion"},{"floor":10.0,"key":"CunningPotion"}],"is_trial":false,"path_per_floor":["M","?","M","M","M","E","R","M","T","?","M","R","?","M","R","B"],"character_chosen":"THE_SILENT","items_purchased":[],"campfire_rested":2,"item_purchase_floors":[],"current_hp_per_floor":[50,66,57,57,22,9,28,13,13,13,25,32,32,16,37,0,0],"gold":57,"neow_bonus":"ONE_RARE_RELIC","is_daily":false,"chose_seed":false,"campfire_upgraded":0,"win_rate":0.0,"timestamp":1612448744,"path_taken":["M","?","?","M","M","E","R","M","T","?","?","R","?","M","R","BOSS"],"items_purchased_type":[],"build_version":"2020-12-22","purchased_purges":0,"victory":false,"max_hp_per_floor":[66,66,66,66,66,66,66,66,66,66,66,73,73,73,73,73,73],"card_choices":[{"not_picked":["Acrobatics","Distraction"],"picked":"Catalyst","floor":1.0},{"not_picked":["Accuracy","Slice"],"picked":"All Out Attack","floor":3.0},{"not_picked":["Choke","Slice","Flying Knee"],"picked":"SKIP","floor":4.0},{"not_picked":["Sucker Punch","Deflect"],"picked":"Dagger Spray","floor":5.0},{"not_picked":["Dagger Throw","Prepared"],"picked":"Backflip","floor":6.0},{"not_picked":["Dagger Spray","Flying Knee"],"picked":"Crippling Poison","floor":8.0},{"not_picked":["Eviscerate","Deflect"],"picked":"Crippling Poison","floor":11.0},{"not_picked":["Bouncing Flask","Phantasmal Killer"],"picked":"Backflip","floor":14.0}],"player_experience":403413,"relics_obtained":[{"floor":6.0,"key":"Shovel"},{"floor":9.0,"key":"Meat on the Bone"},{"floor":12.0,"key":"Strawberry"}],"event_choices":[{"damage_healed":16.0,"max_hp_gain":0.0,"max_hp_loss":0.0,"gold_gain":0.0,"event_name":"Wheel of Change","player_choice":"Full Heal","floor":2.0,"gold_loss":0.0,"damage_taken":0.0},{"damage_healed":0.0,"max_hp_gain":0.0,"max_hp_loss":0.0,"gold_gain":0.0,"event_name":"The Woman in Blue","player_choice":"Bought 2 Potions","floor":10.0,"gold_loss":0.0,"damage_taken":0.0},{"cards_removed":["Strike_G"],"damage_healed":0.0,"max_hp_gain":0.0,"max_hp_loss":0.0,"gold_gain":0.0,"event_name":"The Cleric","player_choice":"Card Removal","floor":13.0,"gold_loss":50.0,"damage_taken":0.0}],"is_beta":false,"boss_relics":[],"items_purged_floors":[],"is_endless":false,"potions_floor_spawned":[4,6,8,11],"killed_by":"Slime Boss","ascension_level":14}}