{"host":"p0hktren06injwdf","time":1612398973,"event":{"mods":["AchievementEnabler","BaseMod","Colored Map","DeckTracker","Minty Spire (QoL Compilation)","Permanent Neow","StSLib","SuperFastMode"],"gold_per_floor":[114,131,53,53,53,85,85,117,143,155,50,30,30,63,63,141,141,153,165,165,165],"floor_reached":20,"language":"KOR","playtime":471,"items_purged":["Strike_P"],"score":380,"play_id":"98949967-6e9b-4400-83f5-7e22821b6281","local_time":"20210204093613","is_ascension_mode":true,"campfire_choices":[{"floor":7,"key":"REST"},{"floor":15,"key":"REST"}],"circlet_count":0,"master_deck":["AscendersBane","Strike_P","Strike_P","Strike_P","Defend_P","Defend_P","Defend_P","Eruption+1","Vigilance","InnerPeace","EmptyFist","Adaptation","MentalFortress","FlurryOfBlows","Consecrate","MentalFortress"],"relics":["PureWater","Art of War","Gremlin Horn","Lantern","Matryoshka","Sozu"],"acts_visited":["Exordium","TheCity"],"potions_floor_usage":[8,14,16,20],"damage_taken":[{"damage":2,"enemies":"Small Slimes","floor":1,"turns":3},{"damage":12,"enemies":"Jaw Worm","floor":2,"turns":4},{"damage":22,"enemies":"Lagavulin","floor":6,"turns":4},{"damage":24,"enemies":"Gremlin Nob","floor":8,"turns":4},{"damage":0,"enemies":"Cultist","floor":10,"turns":2},{"damage":13,"enemies":"3 Sentries","floor":14,"turns":5},{"damage":22,"enemies":"The Guardian","floor":16,"turns":16},{"damage":9,"enemies":"3 Byrds","floor":18,"turns":6},{"damage":31,"enemies":"2 Thieves","floor":19,"turns":3},{"damage":19,"enemies":"Snake Plant","floor":20,"turns":1}],"seed_played":"1387427246607407253","potions_obtained":[{"floor":1,"key":"BottledMiracle"},{"floor":10,"key":"BottledMiracle"},{"floor":12,"key":"SteroidPotion"},{"floor":16,"key":"PowerPotion"}],"is_trial":false,"path_per_floor":["M","M","$","?","?","E","R","E","T","M","$","?","$","E","R","B",null,"M","M","M"],"character_chosen":"WATCHER","items_purchased":["Adaptation","FlurryOfBlows"],"campfire_rested":2,"item_purchase_floors":[3,11],"current_hp_per_floor":[59,47,47,47,47,25,45,21,21,21,21,21,21,8,28,6,53,44,13,0,0],"gold":165,"neow_bonus":"UPGRADE_CARD","is_daily":false,"chose_seed":false,"campfire_upgraded":0,"win_rate":0.0,"timestamp":1612398973,"path_taken":["M","M","$","?","?","E","R","E","T","?","$","?","?","E","R","BOSS","M","M","M"],"items_purchased_type":["Card","Card"],"build_version":"2020-12-22","purchased_purges":1,"victory":false,"max_hp_per_floor":[68,68,68,68,68,68,68,68,68,68,68,68,68,68,68,68,68,68,68,68,68],"card_choices":[{"not_picked":["SashWhip","ClearTheMind"],"picked":"InnerPeace","floor":1},{"not_picked":["SashWhip","Prostrate"],"picked":"EmptyFist","floor":2},{"not_picked":["Protect","Evaluate"],"picked":"MentalFortress","floor":6},{"not_picked":["Meditate","DeceiveReality","LikeWater"],"picked":"SKIP","floor":8},{"not_picked":["FlyingSleeves","Weave","ClearTheMind"],"picked":"SKIP","floor":10},{"not_picked":["Fasting2","CutThroughFate","SashWhip"],"picked":"SKIP","floor":14},{"not_picked":["CrushJoints","Nirvana"],"picked":"Consecrate","floor":18},{"not_picked":["BowlingBash","Perseverance"],"picked":"MentalFortress","floor":19}],"player_experience":1008411,"relics_obtained":[{"floor":6,"key":"Art of War"},{"floor":8,"key":"Gremlin Horn"},{"floor":9,"key":"Lantern"},{"floor":14,"key":"Matryoshka"}],"event_choices":[{"damage_healed":0,"gold_gain":0,"player_choice":"Ignored","damage_taken":0,"max_hp_gain":0,"max_hp_loss":0,"event_name":"Shining Light","floor":4,"gold_loss":0},{"cards_removed":["Defend_P"],"damage_healed":0,"gold_gain":0,"player_choice":"Card Removal","damage_taken":0,"max_hp_gain":0,"max_hp_loss":0,"event_name":"Wheel of Change","floor":5,"gold_loss":0},{"damage_healed":0,"gold_gain":0,"player_choice":"Bought 1 Potion","damage_taken":0,"max_hp_gain":0,"max_hp_loss":0,"event_name":"The Woman in Blue","floor":12,"gold_loss":0}],"is_beta":false,"boss_relics":[{"not_picked":["Coffee Dripper","Fusion Hammer"],"picked":"Sozu"}],"items_purged_floors":[11],"is_endless":false,"potions_floor_spawned":[1,10,16],"killed_by":"Snake Plant","ascension_level":20}}