{"host":"erjc6dqs793djrmy","time":1612421183,"event":{"mods":["BaseMod","Minty Spire (QoL Compilation)","StSLib","The Animator"],"gold_per_floor":[122,122,122,47,59,59,105,124,193,211,253,253,286,306,306,306,306],"floor_reached":16,"language":"ENG","playtime":1279,"items_purged":["animator:Strike"],"score":239,"play_id":"0e55f618-ed6b-4811-8d1f-e33779742f64","local_time":"20210204014623","is_ascension_mode":true,"campfire_choices":[{"data":"animator:Kuribayashi","floor":6,"key":"SMITH"},{"data":"animator:Bozes","floor":12,"key":"SMITH"},{"floor":15,"key":"REST"}],"circlet_count":0,"master_deck":["AscendersBane","animator:Strike_GATE","animator:Defend_GATE","animator:Strike","animator:Strike","animator:Defend","animator:Defend","animator:Defend","animator:TukaLunaMarceau","animator:Kuribayashi+1","animator:Gillette","animator:Gillette","animator:YaoHaDucy","animator:Tyuule","animator:Bozes+1","animator:Hans","animator:Arpeggio"],"relics":["animator:LivingPicture","animator:TheMissingPiece","NeowsBlessing","animator:OldCoffin","Pear","Mummified Hand","Dream Catcher","animator:ShionDessert"],"acts_visited":["Exordium"],"potions_floor_usage":[11,13,14],"damage_taken":[{"damage":0,"enemies":"Cultist","floor":1,"turns":1},{"damage":0,"enemies":"Jaw Worm","floor":5,"turns":1},{"damage":0,"enemies":"Gremlin Nob","floor":7,"turns":1},{"damage":0,"enemies":"2 Louse","floor":8,"turns":3},{"damage":2,"enemies":"2 Fungi Beasts","floor":10,"turns":4},{"damage":22,"enemies":"3 Sentries","floor":11,"turns":8},{"damage":23,"enemies":"Gremlin Nob","floor":13,"turns":4},{"damage":13,"enemies":"Lots of Slimes","floor":14,"turns":4},{"damage":40,"enemies":"Slime Boss","floor":16,"turns":7}],"seed_played":"-7428312142547252092","potions_obtained":[{"floor":8,"key":"BlessingOfTheForge"},{"floor":11,"key":"ColorlessPotion"},{"floor":13,"key":"BlessingOfTheForge"}],"is_trial":false,"path_per_floor":["M","$","?","$","M","R","E","M","T","M","E","R","E","M","R","B"],"character_chosen":"THE_ANIMATOR","items_purchased":[],"campfire_rested":1,"item_purchase_floors":[],"current_hp_per_floor":[59,59,56,56,56,56,66,67,67,65,43,43,20,8,31,0,0],"gold":306,"neow_bonus":"THREE_ENEMY_KILL","is_daily":false,"chose_seed":false,"campfire_upgraded":2,"win_rate":0.0,"timestamp":1612421183,"path_taken":["M","$","?","$","M","R","E","M","T","M","E","R","E","M","R","BOSS"],"items_purchased_type":[],"build_version":"2020-12-22","purchased_purges":1,"victory":false,"max_hp_per_floor":[66,66,66,66,66,66,76,77,77,77,77,77,77,78,78,78,78],"card_choices":[{"not_picked":["animator:Berserker","animator:Illya"],"picked":"animator:Gillette","floor":1},{"not_picked":["animator:Benimaru","animator:LizardPriest"],"picked":"animator:Gillette","floor":5},{"not_picked":["animator:Shichika","animator:ZankiKiguchi"],"picked":"animator:YaoHaDucy","floor":7},{"not_picked":["animator:TukaLunaMarceau","animator:Kuribayashi"],"picked":"animator:Tyuule","floor":8},{"not_picked":["animator:Azekura","animator:ShinjiMatou","animator:Alexander"],"picked":"SKIP","floor":10},{"not_picked":["animator:SakuraMatou","animator:Viivi"],"picked":"animator:Bozes","floor":11},{"not_picked":["animator:ZankiKiguchi","animator:DwarfShaman"],"picked":"animator:Hans","floor":13},{"not_picked":["animator:LeleiLaLalena","animator:TukaLunaMarceau"],"picked":"animator:Arpeggio","floor":14}],"player_experience":423575,"relics_obtained":[{"floor":7,"key":"Pear"},{"floor":9,"key":"Mummified Hand"},{"floor":11,"key":"Dream Catcher"},{"floor":13,"key":"animator:ShionDessert"}],"event_choices":[{"damage_healed":0,"gold_gain":0,"player_choice":"Success","damage_taken":3,"relics_obtained":["animator:OldCoffin"],"max_hp_gain":0,"max_hp_loss":0,"event_name":"Scrap Ooze","floor":3,"gold_loss":0}],"is_beta":false,"boss_relics":[],"items_purged_floors":[4],"is_endless":false,"potions_floor_spawned":[8,11,13],"killed_by":"Slime Boss","ascension_level":13}}