{"host":"yqw1zpryoutrnocq","time":1612452152,"event":{"mods":["2.2 Compatiblity","AchievementEnabler","BaseMod","Colored Map","Custom Start","DeckTracker","Minty Spire (QoL Compilation)","StSLib","SuperFastMode"],"gold_per_floor":[117,132,57,57,57,82,98,98,98,125,154,174,31,44,44,144,144,157,11,11,31,31,59,91,103,103],"floor_reached":25,"language":"KOR","playtime":712,"items_purged":["Strike_G"],"score":469,"play_id":"74861b07-63d0-4656-b822-567aedf43c9e","local_time":"20210204092232","is_ascension_mode":true,"campfire_choices":[{"data":"Blade Dance","floor":8.0,"key":"SMITH"},{"floor":15.0,"key":"REST"}],"circlet_count":0,"master_deck":["Strike_G+1","Strike_G+1","Defend_G","Defend_G","Defend_G","Defend_G","Defend_G","Survivor","Neutralize","Blade Dance+1","Underhanded Strike","Acrobatics","Deflect","Prepared","Blade Dance+1","Dagger Throw","Glass Knife","Cloak And Dagger","Ghostly","Ghostly","Ghostly","Ghostly","Ghostly","Tactician+1","Night Terror","Finisher","Dodge and Roll","PiercingWail"],"relics":["Ring of the Snake","Nunchaku","White Beast Statue","Bag of Marbles","InkBottle","Omamori","Oddly Smooth Stone","DollysMirror","Black Star","TheAbacus","Kunai","MawBank"],"acts_visited":["Exordium","TheCity"],"potions_floor_usage":[25,25,25],"damage_taken":[{"damage":2.0,"enemies":"2 Louse","floor":1.0,"turns":3.0},{"damage":0.0,"enemies":"Jaw Worm","floor":2.0,"turns":3.0},{"damage":28.0,"enemies":"Lagavulin","floor":6.0,"turns":8.0},{"damage":0.0,"enemies":"Small Slimes","floor":7.0,"turns":1.0},{"damage":0.0,"enemies":"3 Sentries","floor":11.0,"turns":6.0},{"damage":0.0,"enemies":"Looter","floor":12.0,"turns":3.0},{"damage":0.0,"enemies":"2 Fungi Beasts","floor":14.0,"turns":1.0},{"damage":0.0,"enemies":"Slime Boss","floor":16.0,"turns":4.0},{"damage":0.0,"enemies":"Spheric Guardian","floor":18.0,"turns":3.0},{"damage":4.0,"enemies":"3 Byrds","floor":21.0,"turns":6.0},{"damage":2.0,"enemies":"Book of Stabbing","floor":23.0,"turns":6.0},{"damage":0.0,"enemies":"Snake Plant","floor":24.0,"turns":8.0},{"damage":43,"enemies":"Gremlin Leader","floor":25,"turns":6}],"seed_played":"7549363490224563105","potions_obtained":[{"floor":6.0,"key":"Weak Potion"},{"floor":7.0,"key":"AttackPotion"},{"floor":11.0,"key":"LiquidBronze"},{"floor":12.0,"key":"DistilledChaos"},{"floor":14.0,"key":"SteroidPotion"},{"floor":16.0,"key":"GamblersBrew"},{"floor":18.0,"key":"SpeedPotion"},{"floor":21.0,"key":"Regen Potion"}],"is_trial":false,"path_per_floor":["M","M","$","?","?","E","M","R","T","T","E","M","$","M","R","B",null,"M","$","?","M","?","E","M","E"],"character_chosen":"THE_SILENT","items_purchased":["DollysMirror","TheAbacus"],"campfire_rested":1,"item_purchase_floors":[13,19],"current_hp_per_floor":[61,61,61,54,40,12,12,12,12,12,12,12,12,12,33,33,61,61,61,35,31,31,29,29,0,0],"gold":103,"neow_bonus":"RANDOM_COMMON_RELIC","is_daily":false,"chose_seed":false,"campfire_upgraded":1,"win_rate":0.0,"timestamp":1612452152,"path_taken":["M","M","$","?","?","E","M","R","T","?","E","M","?","M","R","BOSS","M","$","?","M","?","E","M","E"],"items_purchased_type":["Relic","Relic"],"build_version":"2020-12-22","purchased_purges":1,"victory":false,"max_hp_per_floor":[70,70,70,70,70,70,70,70,70,70,70,70,70,70,70,70,70,70,70,35,35,35,35,35,35,35],"card_choices":[{"not_picked":["Acrobatics","Backstab"],"picked":"Blade Dance","floor":1.0},{"not_picked":["Eviscerate","Dagger Throw"],"picked":"Underhanded Strike","floor":2.0},{"not_picked":["Underhanded Strike","Poisoned Stab"],"picked":"Acrobatics","floor":6.0},{"not_picked":["Outmaneuver","All Out Attack"],"picked":"Deflect","floor":7.0},{"not_picked":["All Out Attack","Tools of the Trade"],"picked":"Prepared","floor":11.0},{"not_picked":["Reflex","Underhanded Strike","Poisoned Stab"],"picked":"SKIP","floor":12.0},{"not_picked":["Poisoned Stab","Underhanded Strike"],"picked":"Dagger Throw","floor":14.0},{"not_picked":["Doppelganger","Grand Finale"],"picked":"Glass Knife","floor":16.0},{"not_picked":["Deflect","Slice+1"],"picked":"Cloak And Dagger","floor":18.0},{"not_picked":["Masterful Stab","Flying Knee+1"],"picked":"Tactician+1","floor":21.0},{"not_picked":["Skewer","Poisoned Stab"],"picked":"Dodge and Roll","floor":23.0},{"not_picked":["Bouncing Flask","Accuracy"],"picked":"PiercingWail","floor":24.0}],"player_experience":279650,"relics_obtained":[{"floor":6.0,"key":"Bag of Marbles"},{"floor":9.0,"key":"InkBottle"},{"floor":10.0,"key":"Omamori"},{"floor":11.0,"key":"Oddly Smooth Stone"},{"floor":23.0,"key":"Kunai"},{"floor":23.0,"key":"MawBank"}],"event_choices":[{"damage_healed":0.0,"max_hp_gain":0.0,"max_hp_loss":0.0,"gold_gain":0.0,"event_name":"Scrap Ooze","player_choice":"Success","floor":4.0,"gold_loss":0.0,"damage_taken":7.0,"relics_obtained":["White Beast Statue"]},{"damage_healed":0.0,"max_hp_gain":0.0,"max_hp_loss":0.0,"gold_gain":0.0,"event_name":"Shining Light","player_choice":"Entered Light","floor":5.0,"gold_loss":0.0,"damage_taken":14.0,"cards_upgraded":["Strike_G","Strike_G"]},{"damage_healed":0.0,"max_hp_gain":0.0,"max_hp_loss":35.0,"gold_gain":0.0,"event_name":"Ghosts","player_choice":"Became a Ghost","floor":20.0,"gold_loss":0.0,"damage_taken":0.0,"cards_obtained":["Ghostly","Ghostly","Ghostly","Ghostly","Ghostly"]},{"damage_healed":0.0,"max_hp_gain":0.0,"max_hp_loss":0.0,"gold_gain":0.0,"cards_transformed":["Strike_G","Strike_G"],"event_name":"Drug Dealer","player_choice":"Became Test Subject","floor":22.0,"gold_loss":0.0,"damage_taken":0.0,"cards_obtained":["Night Terror","Finisher"]}],"is_beta":false,"boss_relics":[{"not_picked":["Fusion Hammer","Velvet Choker"],"picked":"Black Star"}],"items_purged_floors":[3],"is_endless":false,"potions_floor_spawned":[6,7,11,12,14,16,18,21,23,24],"killed_by":"Gremlin Leader","ascension_level":9}}