{"host":"2py7ki924ssbu6hl","time":1612470550,"event":{"mods":["Act Like it!","BaseMod","Better Match","CapriCore","Colored Powertips","Friendly Minions","Gensokyo","GifTheSpireLib","MarisaÅiñ∂âJÅ@ñÇóùçπÅj","Minty Spire (QoL Compilation)","Rare Cards Sparkle","Relic Stats","StSLib","everything is the same but u backflip on backflip"],"gold_per_floor":[118,38,38,54,66,98,115,115,161,161,161,15,30,47,47,144,194,211,222,222,222,240,240,258,258,285,285,25,25,35,49,49,149,149,160,176,95,95,15,15,31,64,64,64,64],"floor_reached":44,"language":"ENG","playtime":2114,"items_purged":[],"score":508,"play_id":"a42b4952-0548-49bf-9357-b4104d28346f","local_time":"20210204212910","is_ascension_mode":true,"campfire_choices":[{"floor":8,"key":"REST"},{"data":"StarBarrage","floor":11,"key":"SMITH"},{"data":"EnergyRecoil","floor":15,"key":"SMITH"},{"data":"EnergyFlow","floor":23,"key":"SMITH"},{"floor":27,"key":"REST"},{"data":"GalacticHalo","floor":29,"key":"SMITH"},{"floor":32,"key":"REST"},{"data":"AbsoluteMagnitude","floor":40,"key":"SMITH"}],"circlet_count":0,"master_deck":["Strike_MRS","Strike_MRS","Strike_MRS","Strike_MRS","Defend_MRS","Defend_MRS","Defend_MRS","Defend_MRS","MasterSpark","ChargingUp","ChargingUp+1","EnergyFlow+1","StarBarrage+1","EnergyRecoil+1","EnergyFlow+1","SuperNova","EnergyFlow+1","GalacticHalo+1","EnergyRecoil","Madness+1","AbsoluteMagnitude+1","EarthLightRay+1","AbsoluteMagnitude+1","ChargingUp+1","6A+1","OortCloud","Gensokyo:TarnishedGold","Gensokyo:Shovel","Singularity"],"relics":["MiniHakkero","Gensokyo:Mercy","Blue Candle","DollysMirror","Tiny House","Potion Belt","Bag of Preparation","Mummified Hand","Sozu","SproutingBranch","Boot","Nunchaku"],"acts_visited":["Gensokyo:Gensokyo","Gensokyo:Gensokyoer","Gensokyo:Gensokyoest"],"potions_floor_usage":[14,18,24,41,41],"damage_taken":[{"damage":7,"enemies":"Gensokyo:2_Kodama","floor":1,"turns":3},{"damage":9,"enemies":"Gensokyo:Gryphon","floor":4,"turns":7},{"damage":4,"enemies":"Gensokyo:3_Fairies","floor":5,"turns":4},{"damage":43,"enemies":"Gensokyo:Cirno","floor":6,"turns":9},{"damage":9,"enemies":"Gensokyo:Kitsune","floor":7,"turns":3},{"damage":0,"enemies":"Gensokyo:LivingMonolith","floor":13,"turns":2},{"damage":9,"enemies":"Gensokyo:2_Rabbits","floor":14,"turns":3},{"damage":18,"enemies":"Gensokyo:Yukari","floor":16,"turns":8},{"damage":0,"enemies":"Gensokyo:2_Gloops","floor":18,"turns":4},{"damage":6,"enemies":"Gensokyo:Chomper","floor":19,"turns":3},{"damage":28,"enemies":"Gensokyo:Wraith","floor":22,"turns":4},{"damage":36,"enemies":"Gensokyo:Monolith_and_Dog","floor":24,"turns":5},{"damage":13,"enemies":"Gensokyo:Chomper_and_Gloop","floor":30,"turns":5},{"damage":13,"enemies":"Gensokyo:Wraith","floor":31,"turns":3},{"damage":30,"enemies":"Gensokyo:Kaguya","floor":33,"turns":10},{"damage":10,"enemies":"Gensokyo:3_Bats","floor":35,"turns":4},{"damage":15,"enemies":"Gensokyo:AncientGuardian","floor":36,"turns":4},{"damage":0,"enemies":"Gensokyo:3_Boulders","floor":41,"turns":4},{"damage":52,"enemies":"Gensokyo:Kasen","floor":42,"turns":8},{"damage":29,"enemies":"Gensokyo:4_Bats","floor":44,"turns":2}],"seed_played":"5208667767881974206","potions_obtained":[{"floor":1,"key":"Energy Potion"},{"floor":5,"key":"Fire Potion"},{"floor":17,"key":"LiquidMemories"},{"floor":19,"key":"DuplicationPotion"},{"floor":24,"key":"LiquidMemories"},{"floor":31,"key":"Dexterity Potion"}],"is_trial":false,"path_per_floor":["M","$","?","M","M","E","M","R","T","?","R","COS","M","M","R","B",null,"M","M","?","$","M","R","M","?","T","R","$","R","M","M","R","B",null,"M","M","$","?","COS","R","M","E","T","M"],"character_chosen":"MARISA","items_purchased":["ChargingUp","Mummified Hand","OortCloud"],"campfire_rested":3,"item_purchase_floors":[2,28,37],"current_hp_per_floor":[75,75,75,66,62,19,10,34,34,34,34,34,34,25,25,7,87,87,81,81,81,53,53,17,17,17,41,41,41,28,21,45,21,81,71,62,62,30,30,30,48,17,17,0,0],"gold":64,"neow_bonus":"TEN_PERCENT_HP_BONUS","is_daily":false,"chose_seed":false,"campfire_upgraded":5,"win_rate":0.0,"timestamp":1612470550,"path_taken":["M","?","?","M","M","E","M","R","T","?","R","COS","M","M","R","BOSS","M","M","?","$","M","R","M","?","T","R","?","R","?","M","R","BOSS","M","M","?","?","COS","R","M","E","T","M"],"items_purchased_type":["Card","Relic","Card"],"build_version":"2020-12-22","purchased_purges":0,"victory":false,"max_hp_per_floor":[82,82,82,82,82,82,82,82,82,82,82,82,82,82,82,82,87,87,87,81,81,81,81,81,81,81,81,81,81,81,81,81,81,81,81,81,81,81,81,81,81,81,81,81,81],"relic_stats":{"Sozu":3,"Nunchaku":[0],"counters":[20,95],"Mummified Hand":[34],"Blue Candle":[0],"Bag of Preparation":[16],"Boot":[1],"obtain_stats":[{"Potion Belt":20,"Sozu":34,"Nunchaku":43,"Tiny House":17,"Gensokyo:Mercy":3,"DollysMirror":12,"Mummified Hand":28,"Blue Candle":6,"Bag of Preparation":26,"MiniHakkero":0,"SproutingBranch":38,"Boot":42},{"Potion Belt":10,"Sozu":15,"Nunchaku":19,"Tiny House":8,"Gensokyo:Mercy":1,"DollysMirror":5,"Mummified Hand":12,"Blue Candle":4,"Bag of Preparation":12,"MiniHakkero":0,"SproutingBranch":17,"Boot":19},{"Potion Belt":46,"Sozu":73,"Nunchaku":93,"Tiny House":39,"Gensokyo:Mercy":3,"DollysMirror":26,"Mummified Hand":55,"Blue Candle":23,"Bag of Preparation":55,"MiniHakkero":0,"SproutingBranch":81,"Boot":93}]},"card_choices":[{"not_picked":["RefractionSpark","NonDirectionalLaser","WitchOfGreed"],"picked":"SKIP","floor":1},{"not_picked":["GalacticHalo","NonDirectionalLaser"],"picked":"ChargingUp","floor":4},{"not_picked":["Acceleration","Robbery"],"picked":"EnergyFlow","floor":5},{"not_picked":["Occultation","SprinkleStarSeal"],"picked":"StarBarrage","floor":6},{"not_picked":["GravityBeat","AlicesGift"],"picked":"EnergyRecoil","floor":7},{"not_picked":["DeepEcoloBomb","LuminesStrike","IllusionStar"],"picked":"SKIP","floor":13},{"not_picked":["ShootingEcho","DarkSpark","WitchLeyline"],"picked":"SKIP","floor":14},{"not_picked":["SatelliteIllusion","BlazingStar"],"picked":"SuperNova","floor":16},{"not_picked":["IllusionStar","MysteriousBeam"],"picked":"EnergyFlow","floor":17},{"not_picked":["PowerUp+1","AsteroidBelt","WitchOfGreed"],"picked":"SKIP","floor":18},{"not_picked":["WitchLeyline","IllusionStar+1","LuminesStrike+1"],"picked":"SKIP","floor":19},{"not_picked":["AsteroidBelt+1","DeepEcoloBomb+1"],"picked":"GalacticHalo","floor":22},{"not_picked":["ManaConvection","WitchLeyline"],"picked":"EnergyRecoil","floor":24},{"not_picked":["Finesse+1","Good Instincts+1"],"picked":"Madness+1","floor":25},{"not_picked":["SatelliteIllusion+1","FinalSpark+1"],"picked":"AbsoluteMagnitude+1","floor":25},{"not_picked":["PowerUp","MagicAbsorber+1"],"picked":"EarthLightRay+1","floor":30},{"not_picked":["EventHorizon+1","MilkyWay","GravityBeat"],"picked":"SKIP","floor":31},{"not_picked":["TreasureHunter","BlazingStar"],"picked":"AbsoluteMagnitude","floor":33},{"not_picked":["GrandCross","WitchOfGreed+1"],"picked":"ChargingUp+1","floor":35},{"not_picked":["MachineGunSpark","LuminesStrike+1"],"picked":"6A+1","floor":36},{"not_picked":["FairyDestructionRay","ChargingUp","ShootingEcho+1"],"picked":"SKIP","floor":41},{"not_picked":["6A","ManaConvection"],"picked":"Singularity","floor":42}],"player_experience":252557,"relics_obtained":[{"floor":6,"key":"Blue Candle"},{"floor":26,"key":"Bag of Preparation"},{"floor":42,"key":"Boot"},{"floor":43,"key":"Nunchaku"}],"event_choices":[{"damage_healed":0,"gold_gain":0,"player_choice":"2","damage_taken":0,"max_hp_gain":0,"max_hp_loss":0,"event_name":"betterMatch:BetterMatch","floor":25,"gold_loss":0,"cards_obtained":["betterMatch:ColorlessUncommonCard","betterMatch:RareCard"]}],"is_beta":false,"boss_relics":[{"not_picked":["Empty Cage","Pandora\u0027s Box"],"picked":"Tiny House"},{"not_picked":["Philosopher\u0027s Stone","Astrolabe"],"picked":"Sozu"}],"items_purged_floors":[],"is_endless":false,"potions_floor_spawned":[1,5,19,24,31,35,41,42],"killed_by":"Gensokyo:4_Bats","ascension_level":2}}