{"host":"a1eatafr7pisesky","time":1612445240,"event":{"mods":["AchievementEnabler","BaseMod","Colored Map","Keyboard Shortcuts","Minty Spire (QoL Compilation)","Say the Spire","StSLib","SuperFastMode","everything is the same but u backflip on backflip"],"gold_per_floor":[361,375,375,61,61,93,93,54,54,54,54],"floor_reached":10,"language":"KOR","playtime":256,"items_purged":["Strike_G"],"score":109,"play_id":"204e9573-91a9-45ca-a2fd-f6a23945a8d0","local_time":"20210204222720","is_ascension_mode":true,"campfire_choices":[],"circlet_count":0,"master_deck":["AscendersBane","Strike_G","Strike_G","Strike_G","Strike_G","Defend_G","Defend_G","Defend_G","Defend_G","Survivor","Neutralize","PiercingWail","Backflip","Adrenaline","Footwork","Deflect","Bouncing Flask"],"relics":["Ring of the Snake","White Beast Statue","Kunai","Bottled Lightning"],"acts_visited":["Exordium"],"potions_floor_usage":[10],"damage_taken":[{"damage":7,"enemies":"2 Louse","floor":1,"turns":3},{"damage":10,"enemies":"Jaw Worm","floor":2,"turns":7},{"damage":38,"enemies":"3 Sentries","floor":6,"turns":16},{"damage":5,"enemies":"Gremlin Nob","floor":10,"turns":3}],"seed_played":"7080066439081354014","potions_obtained":[{"floor":6,"key":"SneckoOil"}],"is_trial":false,"path_per_floor":["M","M","?","$","?","E","?","$","T","E"],"character_chosen":"THE_SILENT","items_purchased":["Adrenaline","Footwork","Bouncing Flask"],"campfire_rested":0,"item_purchase_floors":[4,4,8],"current_hp_per_floor":[52,42,35,35,55,17,10,10,10,5,5],"gold":54,"neow_bonus":"TWO_FIFTY_GOLD","is_daily":false,"chose_seed":false,"campfire_upgraded":0,"win_rate":0.0,"timestamp":1612445240,"path_taken":["M","M","?","$","?","E","?","?","T","E"],"items_purchased_type":["Card","Card","Card"],"build_version":"2020-12-22","purchased_purges":1,"victory":false,"max_hp_per_floor":[60,60,60,60,60,60,60,60,60,60,60],"card_choices":[{"not_picked":["Prepared","Quick Slash"],"picked":"PiercingWail","floor":1},{"not_picked":["Acrobatics","Dagger Throw"],"picked":"Backflip","floor":2},{"not_picked":["Flying Knee","Tactician"],"picked":"Deflect","floor":6}],"player_experience":401078,"relics_obtained":[{"floor":6,"key":"Kunai"},{"floor":9,"key":"Bottled Lightning"}],"event_choices":[{"damage_healed":0,"gold_gain":0,"player_choice":"Success","damage_taken":7,"relics_obtained":["White Beast Statue"],"max_hp_gain":0,"max_hp_loss":0,"event_name":"Scrap Ooze","floor":3,"gold_loss":0},{"damage_healed":20,"gold_gain":0,"player_choice":"Banana","damage_taken":0,"max_hp_gain":0,"max_hp_loss":0,"event_name":"Big Fish","floor":5,"gold_loss":0},{"cards_removed":["Defend_G"],"damage_healed":0,"gold_gain":0,"player_choice":"Card Removal","damage_taken":7,"max_hp_gain":0,"max_hp_loss":0,"event_name":"Golden Wing","floor":7,"gold_loss":0}],"is_beta":false,"boss_relics":[],"items_purged_floors":[4],"is_endless":false,"potions_floor_spawned":[6],"killed_by":"Gremlin Nob","ascension_level":14}}