{"host":"2e3z4r48quhw80cc","time":1612470837,"event":{"mods":["BaseMod","Minty Spire (QoL Compilation)","Quick Restart","StSLib","SuperFastMode"],"gold_per_floor":[119,130,130,130,130,165,165,193,193,206,18,29,55,65,65,165,165,175,274,274,104,120,420,434,434,459,489,489,499,499,509,509,609,609,625,625,625,461,461,487,487,537,537,550,550,563,36,53,53,53],"floor_reached":51,"language":"KOR","playtime":6405,"items_purged":["Defend_G","Defend_G","Strike_G","Strike_G"],"score":1013,"play_id":"4fd8271e-2105-4476-8ee0-e0b106cf376f","local_time":"20210205053357","is_ascension_mode":true,"campfire_choices":[{"data":"Neutralize","floor":7.0,"key":"SMITH"},{"data":"A Thousand Cuts","floor":15.0,"key":"SMITH"},{"floor":23.0,"key":"DIG"},{"floor":25.0,"key":"DIG"},{"floor":30.0,"key":"REST"},{"data":"Well Laid Plans","floor":32.0,"key":"SMITH"},{"floor":41.0,"key":"DIG"},{"floor":45.0,"key":"DIG"},{"data":"Apotheosis","floor":49.0,"key":"SMITH"}],"circlet_count":0,"master_deck":["Defend_G","Defend_G","Survivor","Neutralize+1","Crippling Poison","Flying Knee","Backflip","Heel Hook+1","Well Laid Plans+1","Cloak And Dagger","A Thousand Cuts+1","Adrenaline+1","Footwork+1","Blade Dance","Terror","Finisher+1","Infinite Blades+1","Footwork+1","Malaise","Cloak And Dagger+1","Accuracy+1","Madness","Madness","Adrenaline","Blur+1","Apotheosis+1","Escape Plan+1","Escape Plan+1"],"relics":["Ring of the Snake","NeowsBlessing","Molten Egg 2","Meat on the Bone","Anchor","Omamori","Calling Bell","Toy Ornithopter","Frozen Egg 2","Shovel","Old Coin","The Specimen","Bronze Scales","Snake Skull","Cursed Key","Singing Bowl","The Courier","Du-Vu Doll","Kunai","Smiling Mask","Ornamental Fan","Orrery"],"acts_visited":["Exordium","TheCity","TheBeyond"],"potions_floor_usage":[50],"damage_taken":[{"damage":0.0,"enemies":"2 Louse","floor":1.0,"turns":1.0},{"damage":0.0,"enemies":"Small Slimes","floor":2.0,"turns":1.0},{"damage":0.0,"enemies":"3 Sentries","floor":6.0,"turns":1.0},{"damage":26.0,"enemies":"Gremlin Nob","floor":8.0,"turns":5.0},{"damage":0.0,"enemies":"Cultist","floor":10.0,"turns":3.0},{"damage":4.0,"enemies":"Lots of Slimes","floor":12.0,"turns":4.0},{"damage":7.0,"enemies":"3 Sentries","floor":13.0,"turns":9.0},{"damage":13.0,"enemies":"3 Louse","floor":14.0,"turns":3.0},{"damage":31.0,"enemies":"Slime Boss","floor":16.0,"turns":9.0},{"damage":6.0,"enemies":"2 Thieves","floor":18.0,"turns":2.0},{"damage":2.0,"enemies":"Shell Parasite","floor":22.0,"turns":5.0},{"damage":28.0,"enemies":"Snake Plant","floor":24.0,"turns":6.0},{"damage":27.0,"enemies":"Book of Stabbing","floor":27.0,"turns":6.0},{"damage":24.0,"enemies":"Snecko","floor":29.0,"turns":5.0},{"damage":6.0,"enemies":"Centurion and Healer","floor":31.0,"turns":7.0},{"damage":17.0,"enemies":"Automaton","floor":33.0,"turns":8.0},{"damage":1.0,"enemies":"Orb Walker","floor":35.0,"turns":3.0},{"damage":12.0,"enemies":"Nemesis","floor":40.0,"turns":5.0},{"damage":4.0,"enemies":"Mind Bloom Boss Battle","floor":42.0,"turns":4.0},{"damage":0.0,"enemies":"3 Shapes","floor":44.0,"turns":4.0},{"damage":2.0,"enemies":"Writhing Mass","floor":46.0,"turns":6.0},{"damage":0.0,"enemies":"Spire Growth","floor":48.0,"turns":3.0},{"damage":31,"enemies":"Awakened One","floor":50,"turns":13}],"seed_played":"2869279952982776456","potions_obtained":[{"floor":1.0,"key":"Explosive Potion"},{"floor":8.0,"key":"Fruit Juice"},{"floor":13.0,"key":"SkillPotion"},{"floor":24.0,"key":"ColorlessPotion"},{"floor":27.0,"key":"PowerPotion"},{"floor":31.0,"key":"DistilledChaos"},{"floor":33.0,"key":"Weak Potion"},{"floor":44.0,"key":"Weak Potion"}],"is_trial":false,"path_per_floor":["M","M","?","?","?","E","R","E","T","M","$","M","E","M","R","B",null,"M","?","?","$","M","R","M","R","T","E","?","M","R","M","R","B",null,"M","?","?","$","?","E","R","?","T","M","R","M","$","M","R","B",null],"character_chosen":"THE_SILENT","items_purchased":["Well Laid Plans","Cloak And Dagger","Footwork+1","Accuracy+1","Apotheosis","Ornamental Fan","Orrery"],"campfire_rested":1,"item_purchase_floors":[11,11,21,38,47,47,47],"current_hp_per_floor":[63,63,68,68,68,68,68,42,42,47,47,43,48,47,47,28,67,66,66,66,66,64,64,48,48,48,33,33,26,50,44,44,39,70,69,69,69,69,59,52,52,50,50,50,50,50,58,58,58,44],"gold":53,"neow_bonus":"THREE_ENEMY_KILL","is_daily":false,"chose_seed":false,"campfire_upgraded":4,"win_rate":0.0,"timestamp":1612470837,"path_taken":["M","M","?","?","?","E","R","E","T","?","$","M","E","?","R","BOSS","M","?","?","$","M","R","M","R","T","E","?","M","R","?","R","BOSS","M","?","?","$","?","E","R","?","T","M","R","M","$","M","R","BOSS"],"items_purchased_type":["Card","Card","Card","Card","Card","Relic","Relic"],"build_version":"2020-12-22","purchased_purges":4,"victory":true,"max_hp_per_floor":[70,70,75,75,75,75,75,75,75,80,80,80,80,80,80,80,80,80,80,80,80,80,80,80,80,80,80,80,80,80,80,80,80,80,80,80,80,80,80,80,80,82,82,82,82,84,92,92,92,92],"card_choices":[{"not_picked":["Calculated Gamble","Concentrate"],"picked":"Crippling Poison","floor":1.0},{"not_picked":["Slice","Underhanded Strike"],"picked":"Flying Knee","floor":2.0},{"not_picked":["Calculated Gamble","Poisoned Stab+1"],"picked":"Heel Hook+1","floor":6.0},{"not_picked":["Masterful Stab+1","Predator+1","Flying Knee+1"],"picked":"SKIP","floor":8.0},{"not_picked":["Masterful Stab+1","Underhanded Strike+1","Heel Hook+1"],"picked":"SKIP","floor":10.0},{"not_picked":["Bane+1","Deflect","Concentrate"],"picked":"SKIP","floor":12.0},{"not_picked":["Eviscerate+1","Masterful Stab+1"],"picked":"A Thousand Cuts","floor":13.0},{"not_picked":["Deadly Poison","Well Laid Plans","Expertise"],"picked":"SKIP","floor":14.0},{"not_picked":["Glass Knife+1","Envenom"],"picked":"Adrenaline","floor":16.0},{"not_picked":["Outmaneuver","Bane+1","Reflex"],"picked":"SKIP","floor":18.0},{"not_picked":["Catalyst","Prepared"],"picked":"Blade Dance","floor":22.0},{"not_picked":["Deflect","PiercingWail"],"picked":"Terror","floor":24.0},{"not_picked":["Predator+1","Tactician"],"picked":"Finisher+1","floor":27.0},{"not_picked":["Sucker Punch+1","Terror+1"],"picked":"Infinite Blades+1","floor":29.0},{"not_picked":["Eviscerate+1","Deflect"],"picked":"Footwork+1","floor":31.0},{"not_picked":["Corpse Explosion","Grand Finale+1"],"picked":"Malaise","floor":33.0},{"not_picked":["Underhanded Strike+1","Expertise+1"],"picked":"Cloak And Dagger+1","floor":35.0},{"not_picked":["Caltrops+1","Blade Dance"],"picked":"Adrenaline","floor":40.0},{"not_picked":["Dagger Throw+1","Dodge and Roll","Dagger Spray+1"],"picked":"Singing Bowl","floor":42.0},{"not_picked":["Dagger Spray+1","Backflip"],"picked":"Blur+1","floor":44.0},{"not_picked":["Deflect","Deadly Poison+1","Flechettes+1"],"picked":"Singing Bowl","floor":46.0},{"not_picked":["Outmaneuver","Underhanded Strike+1","Skewer+1"],"picked":"Singing Bowl","floor":47.0},{"not_picked":["Caltrops+1","Well Laid Plans+1","Poisoned Stab+1"],"picked":"Singing Bowl","floor":47.0},{"not_picked":["Deadly Poison+1","Slice+1","Leg Sweep+1"],"picked":"Singing Bowl","floor":47.0},{"not_picked":["Tactician","Quick Slash+1"],"picked":"Escape Plan+1","floor":47.0},{"not_picked":["Quick Slash+1","Prepared+1","Dodge and Roll+1"],"picked":"Singing Bowl","floor":47.0},{"not_picked":["Bane+1","Backstab+1"],"picked":"Escape Plan+1","floor":48.0}],"player_experience":110626,"relics_obtained":[{"floor":6.0,"key":"Molten Egg 2"},{"floor":8.0,"key":"Meat on the Bone"},{"floor":9.0,"key":"Anchor"},{"floor":13.0,"key":"Omamori"},{"floor":17.0,"key":"Toy Ornithopter"},{"floor":17.0,"key":"Frozen Egg 2"},{"floor":17.0,"key":"Shovel"},{"floor":23.0,"key":"Old Coin"},{"floor":25.0,"key":"The Specimen"},{"floor":26.0,"key":"Bronze Scales"},{"floor":27.0,"key":"Snake Skull"},{"floor":40.0,"key":"Singing Bowl"},{"floor":41.0,"key":"The Courier"},{"floor":42.0,"key":"Du-Vu Doll"},{"floor":43.0,"key":"Kunai"},{"floor":45.0,"key":"Smiling Mask"}],"event_choices":[{"damage_healed":0.0,"max_hp_gain":5.0,"max_hp_loss":0.0,"gold_gain":0.0,"event_name":"Big Fish","player_choice":"Donut","floor":3.0,"gold_loss":0.0,"damage_taken":0.0},{"damage_healed":0.0,"max_hp_gain":0.0,"max_hp_loss":0.0,"gold_gain":0.0,"cards_transformed":["Strike_G"],"event_name":"Living Wall","player_choice":"Change","floor":4.0,"gold_loss":0.0,"damage_taken":0.0,"cards_obtained":["Backflip"]},{"cards_removed":["Defend_G"],"damage_healed":0.0,"max_hp_gain":0.0,"max_hp_loss":0.0,"gold_gain":0.0,"event_name":"Purifier","player_choice":"Purged","floor":5.0,"gold_loss":0.0,"damage_taken":0.0},{"damage_healed":0.0,"max_hp_gain":0.0,"max_hp_loss":0.0,"gold_gain":99.0,"event_name":"Nest","player_choice":"Stole From Cult","floor":19.0,"gold_loss":0.0,"damage_taken":0.0},{"cards_removed":["Strike_G"],"damage_healed":0.0,"max_hp_gain":0.0,"max_hp_loss":0.0,"gold_gain":0.0,"event_name":"Back to Basics","player_choice":"Elegance","floor":20.0,"gold_loss":0.0,"damage_taken":0.0},{"damage_healed":0.0,"max_hp_gain":0.0,"max_hp_loss":0.0,"gold_gain":0.0,"event_name":"Upgrade Shrine","player_choice":"Upgraded","floor":28.0,"gold_loss":0.0,"damage_taken":0.0,"cards_upgraded":["Adrenaline"]},{"damage_healed":0.0,"max_hp_gain":0.0,"max_hp_loss":0.0,"gold_gain":0.0,"event_name":"Tomb of Lord Red Mask","player_choice":"Ignored","floor":36.0,"gold_loss":0.0,"damage_taken":0.0},{"cards_removed":["Strike_G"],"damage_healed":0.0,"max_hp_gain":0.0,"max_hp_loss":0.0,"gold_gain":0.0,"event_name":"Falling","player_choice":"Removed Attack","floor":37.0,"gold_loss":0.0,"damage_taken":0.0},{"damage_healed":0.0,"max_hp_gain":0.0,"max_hp_loss":0.0,"gold_gain":0.0,"event_name":"Winding Halls","player_choice":"Embrace Madness","floor":39.0,"gold_loss":0.0,"damage_taken":10.0,"cards_obtained":["Madness","Madness"]},{"damage_healed":0.0,"max_hp_gain":0.0,"max_hp_loss":0.0,"gold_gain":0.0,"event_name":"MindBloom","player_choice":"Fight","floor":42.0,"gold_loss":0.0,"damage_taken":0.0}],"is_beta":false,"boss_relics":[{"not_picked":["Tiny House","Ectoplasm"],"picked":"Calling Bell"},{"not_picked":["SacredBark","Runic Dome"],"picked":"Cursed Key"}],"items_purged_floors":[11,21,38,47],"is_endless":false,"potions_floor_spawned":[1,8,13,24,27,31,33,35,44],"ascension_level":8}}