{"host":"5ezk7t18wcb10u1o","time":1612452768,"event":{"mods":["BaseMod","Bestiary","Colored Powertips","Minty Spire (QoL Compilation)","Relic Sorter"],"gold_per_floor":[20,20,20,20,20,20,38,51,51,51,75,100,100,116,116,116,116],"floor_reached":16,"language":"ENG","playtime":425,"items_purged":[],"score":180,"play_id":"9c8e2d70-0aad-42db-8c38-5564711271da","local_time":"20210204153248","is_ascension_mode":true,"campfire_choices":[{"floor":6,"key":"REST"},{"data":"1","floor":13,"key":"LIFT"},{"floor":15,"key":"REST"}],"circlet_count":0,"master_deck":["AscendersBane","Strike_B+1","Strike_B","Strike_B","Defend_B","Defend_B","Defend_B+1","Zap","Dualcast","Melter","Reinforced Body","Conserve Battery","Gash"],"relics":["Cracked Core","Golden Idol","Girya","Blood Vial"],"acts_visited":["Exordium"],"potions_floor_usage":[7,12,16],"damage_taken":[{"damage":7,"enemies":"Jaw Worm","floor":1,"turns":3},{"damage":4,"enemies":"Small Slimes","floor":7,"turns":3},{"damage":0,"enemies":"Cultist","floor":8,"turns":2},{"damage":0,"enemies":"Lots of Slimes","floor":12,"turns":6},{"damage":8,"enemies":"Blue Slaver","floor":14,"turns":3},{"damage":68,"enemies":"Hexaghost","floor":16,"turns":9}],"seed_played":"6096909052084004148","potions_obtained":[{"floor":1,"key":"EntropicBrew"},{"floor":7,"key":"FearPotion"}],"is_trial":false,"path_per_floor":["M","?","?","?","$","R","M","M","T","$","T","M","R","M","R","B"],"character_chosen":"DEFECT","items_purchased":[],"campfire_rested":2,"item_purchase_floors":[],"current_hp_per_floor":[57,57,36,29,29,50,46,46,46,46,46,48,48,42,63,0,0],"gold":116,"neow_bonus":"REMOVE_TWO","is_daily":false,"chose_seed":false,"campfire_upgraded":0,"win_rate":0.0,"timestamp":1612452768,"path_taken":["M","?","?","?","?","R","?","M","T","$","?","?","R","M","R","BOSS"],"items_purchased_type":[],"build_version":"2020-12-22","purchased_purges":0,"victory":false,"max_hp_per_floor":[71,71,71,71,71,71,71,71,71,71,71,71,71,71,71,71,71],"card_choices":[{"not_picked":["Consume","Skim","Turbo"],"picked":"SKIP","floor":1},{"not_picked":["Consume","Heatsinks"],"picked":"Melter","floor":7},{"not_picked":["Consume","Stack"],"picked":"Reinforced Body","floor":8},{"not_picked":["Ball Lightning","Barrage"],"picked":"Conserve Battery","floor":12},{"not_picked":["Darkness","Turbo"],"picked":"Gash","floor":14}],"player_experience":1199738,"relics_obtained":[{"floor":9,"key":"Girya"},{"floor":11,"key":"Blood Vial"}],"event_choices":[{"damage_healed":0,"gold_gain":0,"player_choice":"Take Wound","damage_taken":0,"relics_obtained":["Golden Idol"],"max_hp_gain":0,"max_hp_loss":0,"event_name":"Golden Idol","floor":2,"gold_loss":0,"cards_obtained":["Injury"]},{"damage_healed":0,"gold_gain":0,"player_choice":"Entered Light","damage_taken":21,"max_hp_gain":0,"max_hp_loss":0,"event_name":"Shining Light","floor":3,"gold_loss":0,"cards_upgraded":["Defend_B","Strike_B"]},{"cards_removed":["Injury"],"damage_healed":0,"gold_gain":0,"player_choice":"Card Removal","damage_taken":7,"max_hp_gain":0,"max_hp_loss":0,"event_name":"Golden Wing","floor":4,"gold_loss":0}],"is_beta":false,"boss_relics":[],"items_purged_floors":[],"is_endless":false,"potions_floor_spawned":[1,7],"killed_by":"Hexaghost","ascension_level":20}}