{"host":"njo8qgvy2a57fcny","time":1612422986,"event":{"mods":["Aspiration","BaseMod","BetterRewards","CCEM2","Colored Map","Colored Powertips","Conspire","Custom Start","Downfall","Energized Spire","GifTheSpireLib","Halation","Hermit","Hubris","Infinite Spire","Jedi Mod","Jorbs\u0027s Wanderer Trilogy","Mimic Mod","Minty Spire (QoL Compilation)","Quick Restart","Random Character Button","Random Character Mod","Rare Cards Sparkle","Relic Sorter","Reliquary","Replay The Spire","Shop Mod","StSLib","Stuff the Spire","The Animator","The Jungle","The Runesmith","The Servant 0.9.4","Unceasing Turn Reminder","thorton"],"gold_per_floor":[99,111,123,123,138,170,195,229,229,239,239,339,359,385,403,403,403,403],"floor_reached":16,"language":"ENG","playtime":796,"items_purged":[],"score":153,"play_id":"160e488d-b604-40a4-bb62-cc83dd375ba9","local_time":"20210204181626","is_ascension_mode":true,"campfire_choices":[{"data":"champ:Taunt","floor":1,"key":"SMITH"},{"data":"champ:PerfectedStrike","floor":9,"key":"SMITH"}],"circlet_count":0,"master_deck":["champ:Strike","champ:Strike","champ:Strike","champ:Strike","champ:Defend","champ:Defend","champ:Defend","champ:Defend","champ:Execute","champ:Taunt+1","champ:CalledShot","champ:GutPunch","champ:FancyFootwork+1","champ:FlashCut","champ:PerfectedStrike+1","champ:FlashCut","champ:FanOfKnives","champ:AdrenalArmor"],"relics":["champ:ChampionCrown","CCEMRelics:GrindingGear","Replay:Baseball","Singing Bowl","downfall:GremlinWheel","infinitespire:Satchel"],"acts_visited":["Exordium"],"potions_floor_usage":[2,6,10,12,13],"damage_taken":[{"damage":20,"enemies":"Cultist","floor":2,"turns":3},{"damage":20,"enemies":"Small Slimes","floor":3,"turns":4},{"damage":15,"enemies":"2 Louse","floor":5,"turns":3},{"damage":23,"enemies":"Lagavulin","floor":6,"turns":3},{"damage":60,"enemies":"Gremlin Nob","floor":8,"turns":6},{"damage":1,"enemies":"Lots of Slimes","floor":10,"turns":3},{"damage":25,"enemies":"Lots of Slimes","floor":12,"turns":3},{"damage":15,"enemies":"Exordium Thugs","floor":13,"turns":2},{"damage":18,"enemies":"Lagavulin","floor":14,"turns":4},{"damage":14,"enemies":"3 Louse","floor":15,"turns":2},{"damage":28,"enemies":"DF_ARCHETYPE_STREAMLINE","floor":16,"turns":3}],"seed_played":"-1531578351214544233","potions_obtained":[{"floor":2,"key":"Fruit Juice"},{"floor":3,"key":"jedi:StrikingPotion"},{"floor":5,"key":"sneckomod:MuddlingPotion"},{"floor":8,"key":"champ:OpenerPotion"},{"floor":10,"key":"champ:CounterPotion"}],"is_trial":false,"path_per_floor":["R","M","M","?","M","E","T","E","R","M","?","?","M","E","M","B"],"character_chosen":"THE_CHAMP","items_purchased":[],"campfire_rested":0,"item_purchase_floors":[],"current_hp_per_floor":[99,104,104,104,104,91,91,41,41,40,40,25,20,12,10,0,0,0],"gold":403,"neow_bonus":"TEN_PERCENT_HP_BONUS","is_daily":false,"chose_seed":false,"campfire_upgraded":2,"win_rate":0.0,"timestamp":1612422986,"path_taken":["R","M","M","?","?","E","T","E","R","M","?","?","M","E","M","BOSS"],"items_purchased_type":[],"build_version":"2020-12-22","purchased_purges":0,"victory":false,"max_hp_per_floor":[99,104,104,104,104,104,104,104,104,104,104,104,104,104,106,106,106,106],"card_choices":[{"not_picked":["champ:CrownThrow","champ:BerserkersShout"],"picked":"champ:CalledShot","floor":2},{"not_picked":["champ:FancyFootwork","champ:BerserkersShout"],"picked":"champ:GutPunch","floor":3},{"not_picked":["champ:BladeFlurry","champ:CrookedStrike"],"picked":"champ:FancyFootwork","floor":5},{"not_picked":["champ:PreemptiveStrike","champ:BladeFlurry"],"picked":"champ:FlashCut","floor":6},{"not_picked":["champ:Backstep","champ:Circumvent"],"picked":"champ:PerfectedStrike","floor":8},{"not_picked":["champ:EnragedBash","champ:FancyFootwork"],"picked":"champ:FlashCut","floor":10},{"not_picked":["champ:IgnorePain","champ:FlashCut"],"picked":"champ:FanOfKnives","floor":13},{"not_picked":["champ:BladeFlurry","champ:EnGarde"],"picked":"champ:AdrenalArmor","floor":14},{"not_picked":["champ:Circumvent","champ:Backstep","champ:Haymaker"],"picked":"Singing Bowl","floor":15}],"player_experience":759589,"relics_obtained":[{"floor":6,"key":"CCEMRelics:GrindingGear"},{"floor":7,"key":"Replay:Baseball"},{"floor":8,"key":"Singing Bowl"},{"floor":12,"key":"downfall:GremlinWheel"},{"floor":14,"key":"infinitespire:Satchel"}],"event_choices":[],"is_beta":false,"boss_relics":[],"items_purged_floors":[],"is_endless":false,"potions_floor_spawned":[2,3,5,8,10],"killed_by":"DF_ARCHETYPE_STREAMLINE","ascension_level":1}}