{"host":"mi0eibewekhugwl1","time":1612431953,"event":{"mods":["AchievementEnabler","BaseMod","Colored Map","Colored Powertips","DeckTracker","Keyboard Shortcuts","Minty Spire (QoL Compilation)","Quick Restart","Rare Cards Sparkle","Relic Stats","StSLib","SuperFastMode","everything is the same but u backflip on backflip"],"gold_per_floor":[210,227,68,68,88,88,88,88,88,238,251,10,21,39,39,113,113,128,128,139,159,159,159,59,59,59,59,70,80,80,95,95,166,166,181,181,181,195,214,214,214,214],"floor_reached":41,"language":"KOR","playtime":906,"items_purged":["Strike_P","Doubt","Decay"],"score":870,"play_id":"3be13516-0d42-4469-8bb2-2a1c453df00a","local_time":"20210204184553","is_ascension_mode":true,"campfire_choices":[{"data":"Eruption","floor":6.0,"key":"SMITH"},{"data":"BattleHymn","floor":8.0,"key":"SMITH"},{"data":"Apotheosis","floor":15.0,"key":"SMITH"},{"floor":23,"key":"REST"},{"data":"DeusExMachina","floor":25,"key":"SMITH"},{"data":"Vigilance","floor":30,"key":"SMITH"},{"floor":32,"key":"REST"},{"floor":40,"key":"REST"}],"circlet_count":0,"master_deck":["AscendersBane","Strike_P+1","Strike_P","Strike_P","Defend_P","Defend_P+1","Defend_P","Defend_P","Eruption+1","Vigilance+1","EmptyFist","BattleHymn+1","TalkToTheHand+1","Apotheosis+1","FlurryOfBlows","EmptyMind","DeusExMachina+1","TalkToTheHand","Adaptation+1","FollowUp","ClearTheMind+1","Vault","Finesse","WaveOfTheHand","Wallop"],"relics":["PureWater","Kunai","The Courier","Sozu","Prayer Wheel"],"acts_visited":["Exordium","TheCity","TheBeyond"],"potions_floor_usage":[39,41],"damage_taken":[{"damage":2.0,"enemies":"2 Louse","floor":1.0,"turns":4.0},{"damage":2.0,"enemies":"Jaw Worm","floor":2.0,"turns":3.0},{"damage":0.0,"enemies":"Cultist","floor":5.0,"turns":3.0},{"damage":20.0,"enemies":"3 Louse","floor":11.0,"turns":4.0},{"damage":0.0,"enemies":"2 Fungi Beasts","floor":13.0,"turns":3.0},{"damage":4.0,"enemies":"Blue Slaver","floor":14.0,"turns":3.0},{"damage":0.0,"enemies":"Slime Boss","floor":16.0,"turns":4.0},{"damage":11.0,"enemies":"2 Thieves","floor":18.0,"turns":3.0},{"damage":0,"enemies":"Chosen","floor":20,"turns":3},{"damage":11,"enemies":"Snake Plant","floor":21,"turns":5},{"damage":0,"enemies":"Cultist and Chosen","floor":28,"turns":5},{"damage":5,"enemies":"Shelled Parasite and Fungi","floor":29,"turns":3},{"damage":0,"enemies":"3 Cultists","floor":31,"turns":4},{"damage":59,"enemies":"Automaton","floor":33,"turns":9},{"damage":17,"enemies":"3 Shapes","floor":35,"turns":7},{"damage":0,"enemies":"Orb Walker","floor":38,"turns":4},{"damage":19,"enemies":"Jaw Worm Horde","floor":39,"turns":5},{"damage":46,"enemies":"Reptomancer","floor":41,"turns":3}],"seed_played":"-4408632351881865898","potions_obtained":[{"floor":2.0,"key":"Energy Potion"},{"floor":5.0,"key":"Energy Potion"},{"floor":11.0,"key":"Weak Potion"},{"floor":13.0,"key":"AttackPotion"},{"floor":16.0,"key":"StancePotion"}],"is_trial":false,"path_per_floor":["M","M","$","?","M","R","?","R","T","?","M","$","M","M","R","B",null,"M","?","M","M","?","R","$","R","T","?","M","M","R","M","R","B",null,"M","?","?","M","M","R","E"],"character_chosen":"WATCHER","items_purchased":["TalkToTheHand","Apotheosis"],"campfire_rested":3,"item_purchase_floors":[3,12],"current_hp_per_floor":[59,57,57,52,52,52,32,32,32,32,12,12,12,8,8,8,53,42,42,42,31,31,51,51,51,51,51,51,46,46,46,66,7,53,36,36,41,41,22,42,0,0],"gold":214,"neow_bonus":"HUNDRED_GOLD","is_daily":false,"chose_seed":false,"campfire_upgraded":5,"win_rate":0.0,"timestamp":1612431953,"path_taken":["M","M","$","?","M","R","?","R","T","?","M","$","M","M","R","BOSS","M","?","M","?","?","R","$","R","T","?","M","M","R","M","R","BOSS","M","?","?","M","?","R","E"],"items_purchased_type":["Card","Card"],"build_version":"2020-12-22","purchased_purges":3,"victory":false,"max_hp_per_floor":[68,68,68,68,68,68,68,68,68,68,68,68,68,68,68,68,68,68,68,68,68,68,68,68,68,68,68,68,68,68,68,68,68,68,68,68,68,68,68,68,68,68],"relic_stats":{"Sozu":4,"counters":[18,75],"Prayer Wheel":6,"Kunai":[40],"obtain_stats":[{"Sozu":17,"Prayer Wheel":26,"The Courier":9,"Kunai":4,"PureWater":0},{"Sozu":7,"Prayer Wheel":10,"The Courier":3,"Kunai":2,"PureWater":0},{"Sozu":24,"Prayer Wheel":35,"The Courier":10,"Kunai":7,"PureWater":0}]},"card_choices":[{"not_picked":["FlyingSleeves","EmptyBody"],"picked":"EmptyFist","floor":1.0},{"not_picked":["TalkToTheHand","Crescendo"],"picked":"BattleHymn","floor":2.0},{"not_picked":["CutThroughFate","Pray","ClearTheMind"],"picked":"SKIP","floor":5.0},{"not_picked":["Blasphemy","Swivel","CrushJoints"],"picked":"SKIP","floor":11.0},{"not_picked":["FlyingSleeves","Conclude"],"picked":"FlurryOfBlows","floor":13.0},{"not_picked":["Halt","Study"],"picked":"EmptyMind","floor":14.0},{"not_picked":["Alpha","LessonLearned"],"picked":"DeusExMachina","floor":16.0},{"not_picked":["FlyingSleeves","CarveReality","Weave"],"picked":"SKIP","floor":18.0},{"not_picked":["Weave","CutThroughFate","DeceiveReality"],"picked":"SKIP","floor":20},{"not_picked":["Prostrate","BowlingBash+1"],"picked":"TalkToTheHand","floor":21},{"not_picked":["ClearTheMind","FlyingSleeves+1"],"picked":"Adaptation+1","floor":28},{"not_picked":["Crescendo+1","FlurryOfBlows"],"picked":"FollowUp","floor":28},{"not_picked":["CutThroughFate","Protect+1","ThirdEye"],"picked":"SKIP","floor":29},{"not_picked":["EmptyFist+1","Protect","PathToVictory"],"picked":"SKIP","floor":29},{"not_picked":["FlyingSleeves","Halt"],"picked":"BowlingBash","floor":31},{"not_picked":["LikeWater","Prostrate+1"],"picked":"ClearTheMind+1","floor":31},{"not_picked":["MasterReality","Blasphemy"],"picked":"Vault","floor":33},{"not_picked":["Prostrate","CarveReality","FlyingSleeves+1"],"picked":"SKIP","floor":35},{"not_picked":["SashWhip+1","JustLucky+1","Pray"],"picked":"SKIP","floor":35},{"not_picked":["Panacea","Metamorphosis"],"picked":"Finesse","floor":36},{"not_picked":["EmptyBody","Fasting2+1"],"picked":"WaveOfTheHand","floor":38},{"not_picked":["CutThroughFate","SashWhip","EmptyMind"],"picked":"SKIP","floor":38},{"not_picked":["BowlingBash","CrushJoints"],"picked":"Wallop","floor":39},{"not_picked":["JustLucky+1","SashWhip","Consecrate"],"picked":"SKIP","floor":39}],"player_experience":1783783,"relics_obtained":[{"floor":9.0,"key":"The Courier"},{"floor":26,"key":"Prayer Wheel"}],"event_choices":[{"damage_healed":0.0,"max_hp_gain":0.0,"max_hp_loss":0.0,"gold_gain":0.0,"event_name":"Scrap Ooze","player_choice":"Success","floor":4.0,"gold_loss":0.0,"damage_taken":5.0,"relics_obtained":["Kunai"]},{"damage_healed":0.0,"max_hp_gain":0.0,"max_hp_loss":0.0,"gold_gain":0.0,"event_name":"Shining Light","player_choice":"Entered Light","floor":7.0,"gold_loss":0.0,"damage_taken":20.0,"cards_upgraded":["Defend_P","Strike_P"]},{"damage_healed":0.0,"max_hp_gain":0.0,"max_hp_loss":0.0,"gold_gain":150.0,"event_name":"Liars Game","player_choice":"AGREE","floor":10.0,"gold_loss":0.0,"damage_taken":0.0,"cards_obtained":["Doubt"]},{"damage_healed":0,"gold_gain":0,"player_choice":"Forge","damage_taken":0,"max_hp_gain":0,"max_hp_loss":0,"event_name":"Accursed Blacksmith","floor":19,"gold_loss":0,"cards_upgraded":["TalkToTheHand"]},{"damage_healed":0,"gold_gain":0,"player_choice":"Smashed Altar","damage_taken":0,"max_hp_gain":0,"max_hp_loss":0,"event_name":"Forgotten Altar","floor":22,"gold_loss":0,"cards_obtained":["Decay"]},{"damage_healed":0,"gold_gain":0,"player_choice":"Ignored","damage_taken":0,"max_hp_gain":0,"max_hp_loss":0,"event_name":"Ghosts","floor":27,"gold_loss":0},{"damage_healed":0,"gold_gain":0,"player_choice":"Memory 1","damage_taken":0,"max_hp_gain":0,"max_hp_loss":0,"event_name":"SensoryStone","floor":36,"gold_loss":0},{"cards_removed":["BowlingBash"],"damage_healed":5,"gold_gain":0,"player_choice":"Offered Common","damage_taken":0,"max_hp_gain":0,"max_hp_loss":0,"event_name":"Bonfire Elementals","floor":37,"gold_loss":0},{"cards_removed":["BowlingBash"],"damage_healed":5,"gold_gain":0,"player_choice":"Offered Special","damage_taken":0,"max_hp_gain":0,"max_hp_loss":0,"event_name":"Bonfire Elementals","floor":37,"gold_loss":0}],"is_beta":false,"boss_relics":[{"not_picked":["Calling Bell","Tiny House"],"picked":"Sozu"},{"not_picked":["Cursed Key","Snecko Eye","Velvet Choker"]}],"items_purged_floors":[3,12,24],"is_endless":false,"potions_floor_spawned":[2,5,11,13,16,18,29,31,38],"killed_by":"Reptomancer","ascension_level":20}}