{"host":"aapp7ew3jk5k1bvd","time":1612433056,"event":{"mods":["AchievementEnabler","BaseMod","Colored Map","Minty Spire (QoL Compilation)","Permanent Neow","StSLib","SuperFastMode"],"gold_per_floor":[118,129,140,11,28,28,56,69,69,82,112,126,141,141,141,245,245,259,274,293,208,108,133,133,133,133,148,148,247,247,267,267,366,366,382,132,0,18,118,129,149,168,168,184,184,184,198,224,224,224,224],"floor_reached":50,"language":"KOR","playtime":2497,"items_purged":["Defend_R","Defend_R"],"score":510,"play_id":"5f8cb248-ebe2-401a-9bfc-4e555a3a35a5","local_time":"20210204190416","is_ascension_mode":false,"campfire_choices":[{"data":"Armaments","floor":6.0,"key":"SMITH"},{"data":"Shrug It Off","floor":15.0,"key":"SMITH"},{"data":"Bash","floor":24.0,"key":"SMITH"},{"data":"Flex","floor":32.0,"key":"SMITH"},{"data":"Defend_R","floor":46.0,"key":"SMITH"},{"floor":49.0,"key":"REST"}],"circlet_count":0,"master_deck":["Strike_R","Strike_R","Strike_R","Strike_R","Strike_R","Defend_R+1","Bash+1","Armaments+1","Shrug It Off+1","Twin Strike","Twin Strike+1","Flex+1","Perfected Strike+1","Pommel Strike","Flex+1"],"relics":["Black Blood","Orichalcum","Self Forming Clay","Pocketwatch","Velvet Choker","CaptainsWheel","Red Skull","StrikeDummy","HornCleat","Red Mask","Mummified Hand","Blood Vial"],"acts_visited":["Exordium","TheCity","TheBeyond"],"potions_floor_usage":[50,50],"damage_taken":[{"damage":0.0,"enemies":"Cultist","floor":1.0,"turns":3.0},{"damage":5.0,"enemies":"Jaw Worm","floor":2.0,"turns":3.0},{"damage":0.0,"enemies":"Small Slimes","floor":3.0,"turns":3.0},{"damage":13.0,"enemies":"Blue Slaver","floor":5.0,"turns":5.0},{"damage":16.0,"enemies":"Gremlin Nob","floor":7.0,"turns":5.0},{"damage":0.0,"enemies":"3 Louse","floor":8.0,"turns":5.0},{"damage":0.0,"enemies":"Large Slime","floor":10.0,"turns":4.0},{"damage":5.0,"enemies":"3 Sentries","floor":11.0,"turns":10.0},{"damage":0.0,"enemies":"Exordium Wildlife","floor":12.0,"turns":4.0},{"damage":1.0,"enemies":"Red Slaver","floor":13.0,"turns":4.0},{"damage":39.0,"enemies":"Slime Boss","floor":16.0,"turns":10.0},{"damage":16.0,"enemies":"2 Thieves","floor":18.0,"turns":5.0},{"damage":4.0,"enemies":"Shell Parasite","floor":19.0,"turns":7.0},{"damage":0.0,"enemies":"Snecko","floor":20.0,"turns":4.0},{"damage":28.0,"enemies":"Slavers","floor":23.0,"turns":7.0},{"damage":6.0,"enemies":"3 Cultists","floor":27.0,"turns":4.0},{"damage":0.0,"enemies":"Cultist and Chosen","floor":31.0,"turns":4.0},{"damage":41.0,"enemies":"Automaton","floor":33.0,"turns":11.0},{"damage":14.0,"enemies":"3 Darklings","floor":35.0,"turns":4.0},{"damage":1.0,"enemies":"Orb Walker","floor":38.0,"turns":2.0},{"damage":5.0,"enemies":"4 Shapes","floor":40.0,"turns":5.0},{"damage":7.0,"enemies":"Transient","floor":41.0,"turns":5.0},{"damage":21.0,"enemies":"Maw","floor":42.0,"turns":5.0},{"damage":3.0,"enemies":"3 Darklings","floor":44.0,"turns":4.0},{"damage":5.0,"enemies":"4 Shapes","floor":47.0,"turns":4.0},{"damage":46.0,"enemies":"Nemesis","floor":48.0,"turns":6.0},{"damage":89,"enemies":"Donu and Deca","floor":50,"turns":8}],"seed_played":"6245881324146654979","potions_obtained":[{"floor":5.0,"key":"Dexterity Potion"},{"floor":7.0,"key":"BloodPotion"},{"floor":11.0,"key":"Regen Potion"},{"floor":12.0,"key":"HeartOfIron"},{"floor":33.0,"key":"FearPotion"},{"floor":40.0,"key":"Strength Potion"}],"is_trial":false,"path_per_floor":["M","M","M","$","M","R","E","M","T","M","E","M","M","?","R","B",null,"M","M","M","?","$","E","R","$","T","M","?","?","?","M","R","B",null,"M","$","?","M","?","M","M","M","T","M","?","R","M","E","R","B"],"character_chosen":"IRONCLAD","items_purchased":["Armaments","HornCleat"],"campfire_rested":1,"item_purchase_floors":[4,36],"current_hp_per_floor":[80,80,80,80,73,73,63,69,69,75,76,80,80,80,80,47,80,70,72,78,78,78,56,56,56,56,56,56,56,56,62,62,27,80,78,78,78,80,80,80,80,71,71,80,80,80,80,62,80,0,0],"gold":224,"neow_bonus":"RANDOM_COMMON_RELIC","is_daily":false,"chose_seed":false,"campfire_upgraded":5,"win_rate":0.0,"timestamp":1612433056,"path_taken":["M","M","M","$","M","R","E","M","T","M","E","M","?","?","R","BOSS","M","M","M","?","$","E","R","$","T","M","?","?","?","M","R","BOSS","M","$","?","M","?","M","M","?","T","M","?","R","M","E","R","BOSS"],"items_purchased_type":["Card","Relic"],"build_version":"2020-12-22","purchased_purges":2,"victory":false,"max_hp_per_floor":[80,80,80,80,80,80,80,80,80,80,80,80,80,80,80,80,80,80,80,80,80,80,80,80,80,80,80,80,80,80,80,80,80,80,80,80,80,80,80,80,80,80,80,80,80,80,80,80,80,80,80],"card_choices":[{"not_picked":["True Grit","Wild Strike","Shockwave"],"picked":"SKIP","floor":1.0},{"not_picked":["Spot Weakness","Clash","Heavy Blade"],"picked":"SKIP","floor":2.0},{"not_picked":["Burning Pact","Inflame","Rage"],"picked":"SKIP","floor":3.0},{"not_picked":["True Grit","Sentinel"],"picked":"Shrug It Off","floor":5.0},{"not_picked":["Demon Form","Warcry","Searing Blow"],"picked":"SKIP","floor":7.0},{"not_picked":["Thunderclap","Cleave","Headbutt"],"picked":"SKIP","floor":8.0},{"not_picked":["Iron Wave","Disarm"],"picked":"Twin Strike","floor":10.0},{"not_picked":["Exhume","Iron Wave","Dual Wield"],"picked":"SKIP","floor":11.0},{"not_picked":["Iron Wave","Sever Soul","Dual Wield"],"picked":"SKIP","floor":12.0},{"not_picked":["Bloodletting","Cleave","Body Slam"],"picked":"SKIP","floor":13.0},{"not_picked":["Thunderclap","Clash","Heavy Blade"],"picked":"SKIP","floor":18.0},{"not_picked":["Second Wind","Armaments"],"picked":"Twin Strike+1","floor":19.0},{"not_picked":["Ghostly Armor","Thunderclap","Iron Wave+1"],"picked":"SKIP","floor":20.0},{"not_picked":["Ghostly Armor","Thunderclap","Iron Wave+1"],"picked":"SKIP","floor":20.0},{"not_picked":["Evolve+1","True Grit","Thunderclap+1"],"picked":"SKIP","floor":23.0},{"not_picked":["Heavy Blade","Disarm"],"picked":"Flex","floor":27.0},{"not_picked":["Battle Trance","Demon Form","Cleave"],"picked":"SKIP","floor":31.0},{"not_picked":["Battle Trance","Demon Form","Cleave"],"picked":"SKIP","floor":31.0},{"not_picked":["Cleave+1","Armaments","Whirlwind+1"],"picked":"SKIP","floor":35.0},{"not_picked":["Combust+1","Dual Wield+1","Evolve"],"picked":"SKIP","floor":38.0},{"not_picked":["Havoc+1","Thunderclap","Searing Blow+1"],"picked":"SKIP","floor":40.0},{"not_picked":["Fire Breathing","Spot Weakness+1"],"picked":"Perfected Strike+1","floor":41.0},{"not_picked":["Sword Boomerang+1","Havoc+1"],"picked":"Pommel Strike","floor":42.0},{"not_picked":["Clothesline+1","Inflame+1","Rampage"],"picked":"SKIP","floor":44.0},{"not_picked":["Clothesline+1","Inflame+1","Rampage"],"picked":"SKIP","floor":44.0},{"not_picked":["Wild Strike","Blood for Blood"],"picked":"Flex+1","floor":47.0},{"not_picked":["Ghostly Armor+1","Sword Boomerang","Sever Soul"],"picked":"SKIP","floor":48.0}],"player_experience":1307539,"relics_obtained":[{"floor":7.0,"key":"Self Forming Clay"},{"floor":9.0,"key":"Pocketwatch"},{"floor":23.0,"key":"Red Skull"},{"floor":26.0,"key":"StrikeDummy"},{"floor":43.0,"key":"Mummified Hand"},{"floor":48.0,"key":"Blood Vial"}],"event_choices":[{"cards_removed":["Defend_R"],"damage_healed":0.0,"max_hp_gain":0.0,"max_hp_loss":0.0,"gold_gain":0.0,"event_name":"Living Wall","player_choice":"Forget","floor":14.0,"gold_loss":0.0,"damage_taken":0.0},{"damage_healed":0.0,"max_hp_gain":0.0,"max_hp_loss":0.0,"gold_gain":0.0,"event_name":"Addict","player_choice":"Obtained Relic","floor":21.0,"gold_loss":85.0,"damage_taken":0.0,"relics_obtained":["CaptainsWheel"]},{"damage_healed":0.0,"max_hp_gain":0.0,"max_hp_loss":0.0,"gold_gain":0.0,"event_name":"Beggar","player_choice":"Ignored","floor":28.0,"gold_loss":0.0,"damage_taken":0.0},{"damage_healed":0.0,"max_hp_gain":0.0,"max_hp_loss":0.0,"gold_gain":99.0,"event_name":"Nest","player_choice":"Stole From Cult","floor":29.0,"gold_loss":0.0,"damage_taken":0.0},{"damage_healed":0.0,"max_hp_gain":0.0,"max_hp_loss":0.0,"gold_gain":0.0,"event_name":"Ghosts","player_choice":"Ignored","floor":30.0,"gold_loss":0.0,"damage_taken":0.0},{"damage_healed":0.0,"max_hp_gain":0.0,"max_hp_loss":0.0,"gold_gain":0.0,"event_name":"Tomb of Lord Red Mask","player_choice":"Paid","floor":37.0,"gold_loss":132.0,"damage_taken":0.0,"relics_obtained":["Red Mask"]},{"damage_healed":0.0,"max_hp_gain":0.0,"max_hp_loss":0.0,"gold_gain":100.0,"event_name":"Golden Shrine","player_choice":"Pray","floor":39.0,"gold_loss":0.0,"damage_taken":0.0},{"damage_healed":0.0,"max_hp_gain":0.0,"max_hp_loss":0.0,"gold_gain":0.0,"event_name":"SensoryStone","player_choice":"Memory 1","floor":45.0,"gold_loss":0.0,"damage_taken":0.0}],"is_beta":false,"boss_relics":[{"not_picked":["Black Star","Empty Cage"],"picked":"Velvet Choker"},{"not_picked":["Pandora\u0027s Box","Runic Dome"],"picked":"Black Blood"}],"items_purged_floors":[4,22],"is_endless":false,"potions_floor_spawned":[5,7,11,12,13,18,19,23,33,40,42],"killed_by":"Donu and Deca","ascension_level":0}}