{"host":"ydg0vn0pu4pubmdt","time":1612434303,"event":{"mods":["AchievementEnabler","BaseMod","Colored Map","Gold Saver","Minty Spire (QoL Compilation)","Quick Restart","SuperFastMode"],"gold_per_floor":[119,129,4,4,24,24,39,69,95,95,145,156,182,198,198,198,198],"floor_reached":16,"language":"KOR","playtime":280,"items_purged":["Strike_G"],"score":224,"play_id":"3a33d2c0-660d-41c3-b727-56f1014eb6ed","local_time":"20210204192503","is_ascension_mode":true,"campfire_choices":[{"data":"Blade Dance","floor":6,"key":"SMITH"},{"data":"Dagger Spray","floor":10,"key":"SMITH"},{"data":"Blade Dance","floor":15,"key":"SMITH"}],"circlet_count":0,"master_deck":["AscendersBane","Strike_G","Strike_G","Strike_G","Strike_G","Defend_G","Defend_G","Defend_G","Defend_G","Defend_G","Survivor","Neutralize","Cloak And Dagger","All Out Attack","Blade Dance+1","Finisher","Dagger Spray+1","Dagger Throw","Blade Dance+1"],"relics":["Ring of the Snake","NeowsBlessing","Lantern","Omamori","Smiling Mask","Ginger"],"acts_visited":["Exordium"],"potions_floor_usage":[13,13,16],"damage_taken":[{"damage":0,"enemies":"Cultist","floor":1,"turns":1},{"damage":0,"enemies":"Small Slimes","floor":2,"turns":1},{"damage":0,"enemies":"Jaw Worm","floor":5,"turns":1},{"damage":4,"enemies":"Lots of Slimes","floor":7,"turns":3},{"damage":14,"enemies":"Lagavulin","floor":8,"turns":4},{"damage":0,"enemies":"3 Louse","floor":12,"turns":2},{"damage":1,"enemies":"3 Sentries","floor":13,"turns":4},{"damage":1,"enemies":"Blue Slaver","floor":14,"turns":2},{"damage":39,"enemies":"Hexaghost","floor":16,"turns":9}],"seed_played":"6470209594988500284","potions_obtained":[{"floor":2,"key":"EssenceOfSteel"},{"floor":7,"key":"PowerPotion"},{"floor":14,"key":"EssenceOfSteel"}],"is_trial":false,"path_per_floor":["M","M","$","?","M","R","M","E","T","R","?","M","E","M","R","B"],"character_chosen":"THE_SILENT","items_purchased":["Blade Dance"],"campfire_rested":0,"item_purchase_floors":[3],"current_hp_per_floor":[59,59,59,59,59,59,55,41,41,41,41,41,40,39,39,0,0],"gold":198,"neow_bonus":"THREE_ENEMY_KILL","is_daily":false,"chose_seed":false,"campfire_upgraded":3,"win_rate":0.0,"timestamp":1612434303,"path_taken":["M","?","$","?","?","R","M","E","T","R","?","?","E","M","R","BOSS"],"items_purchased_type":["Card"],"build_version":"2020-12-22","purchased_purges":1,"victory":false,"max_hp_per_floor":[66,66,66,66,66,66,66,66,66,66,66,66,66,66,66,66,66],"card_choices":[{"not_picked":["Quick Slash","Prepared"],"picked":"Cloak And Dagger","floor":1},{"not_picked":["Flying Knee","Underhanded Strike"],"picked":"All Out Attack","floor":2},{"not_picked":["Flying Knee","Prepared"],"picked":"Finisher","floor":5},{"not_picked":["Crippling Poison","PiercingWail"],"picked":"Dagger Spray","floor":7},{"not_picked":["Dagger Spray","Setup"],"picked":"Dagger Throw","floor":8},{"not_picked":["Flechettes","Masterful Stab","Dash"],"picked":"SKIP","floor":12},{"not_picked":["Endless Agony","Deadly Poison","Bane"],"picked":"SKIP","floor":13},{"not_picked":["Caltrops","Blur"],"picked":"Blade Dance","floor":14}],"player_experience":617818,"relics_obtained":[{"floor":4,"key":"Lantern"},{"floor":8,"key":"Omamori"},{"floor":9,"key":"Smiling Mask"},{"floor":13,"key":"Ginger"}],"event_choices":[{"damage_healed":0,"gold_gain":0,"player_choice":"Relic","damage_taken":0,"max_hp_gain":0,"max_hp_loss":0,"event_name":"Wheel of Change","floor":4,"gold_loss":0},{"damage_healed":0,"gold_gain":50,"player_choice":"Pray","damage_taken":0,"max_hp_gain":0,"max_hp_loss":0,"event_name":"Golden Shrine","floor":11,"gold_loss":0}],"is_beta":false,"boss_relics":[],"items_purged_floors":[3],"is_endless":false,"potions_floor_spawned":[2,7,12,14],"killed_by":"Hexaghost","ascension_level":20}}