{"host":"oor112x12afcc54z","time":1612424362,"event":{"mods":["AchievementEnabler","BaseMod","DeckTracker","Keyboard Shortcuts","Minty Spire (QoL Compilation)","SuperFastMode"],"gold_per_floor":[110,123,123,123,48,48,66,66,66,66,66,86,100,14,14,104,104,120,168,81,81,100,100,100,100],"floor_reached":24,"language":"KOR","playtime":558,"items_purged":["Strike_G"],"score":368,"play_id":"b17cac21-cae3-4414-a8c9-1bed857e4a34","local_time":"20210204163922","is_ascension_mode":true,"campfire_choices":[{"floor":6.0,"key":"REST"},{"data":"Accuracy","floor":8.0,"key":"SMITH"},{"data":"Neutralize","floor":11,"key":"SMITH"},{"data":"Infinite Blades","floor":15,"key":"SMITH"},{"floor":23,"key":"REST"}],"circlet_count":0,"master_deck":["AscendersBane","Strike_G","Strike_G","Strike_G","Defend_G","Defend_G","Defend_G","Defend_G","Defend_G","Survivor","Neutralize+1","Backflip","Accuracy+1","Infinite Blades+1","Adrenaline","Accuracy"],"relics":["Ring of the Snake","Ginger","Golden Idol","SlaversCollar","Strawberry"],"acts_visited":["Exordium","TheCity"],"potions_floor_usage":[12,13,18,22],"damage_taken":[{"damage":6.0,"enemies":"Small Slimes","floor":1.0,"turns":4.0},{"damage":20.0,"enemies":"Cultist","floor":2.0,"turns":5.0},{"damage":4.0,"enemies":"Jaw Worm","floor":7.0,"turns":7.0},{"damage":5,"enemies":"Exordium Thugs","floor":12,"turns":7},{"damage":0,"enemies":"2 Fungi Beasts","floor":13,"turns":6},{"damage":23,"enemies":"The Guardian","floor":16,"turns":18},{"damage":28,"enemies":"3 Byrds","floor":18,"turns":9},{"damage":14,"enemies":"2 Thieves","floor":22,"turns":4},{"damage":38,"enemies":"Book of Stabbing","floor":24,"turns":6}],"seed_played":"8031358132349792394","potions_obtained":[{"floor":7.0,"key":"Poison Potion"},{"floor":12,"key":"ColorlessPotion"},{"floor":16,"key":"Poison Potion"},{"floor":18,"key":"CunningPotion"}],"is_trial":false,"path_per_floor":["M","M","?","?","$","R","M","R","T","?","R","M","M","$","R","B",null,"M","T","$","?","M","R","E"],"character_chosen":"THE_SILENT","items_purchased":["Infinite Blades","Accuracy"],"campfire_rested":2,"item_purchase_floors":[14,20],"current_hp_per_floor":[38,18,18,23,23,42,38,38,38,29,29,24,24,24,24,1,49,21,28,28,28,14,35,0,0],"gold":100,"neow_bonus":"ONE_RARE_RELIC","is_daily":false,"chose_seed":false,"campfire_upgraded":3,"win_rate":0.0,"timestamp":1612424362,"path_taken":["M","M","?","?","$","R","M","R","T","?","R","M","M","$","R","BOSS","M","?","$","?","M","R","E"],"items_purchased_type":["Card","Card"],"build_version":"2020-12-22","purchased_purges":1,"victory":false,"max_hp_per_floor":[66,66,60,65,65,65,65,65,65,65,65,65,65,65,65,65,65,65,72,72,72,72,72,72,72],"card_choices":[{"not_picked":["Prepared","Dodge and Roll","Calculated Gamble"],"picked":"SKIP","floor":1.0},{"not_picked":["Dagger Spray","Distraction"],"picked":"Backflip","floor":2.0},{"not_picked":["Noxious Fumes","Crippling Poison"],"picked":"Accuracy","floor":7.0},{"not_picked":["Sucker Punch","Acrobatics","Night Terror"],"picked":"SKIP","floor":12},{"not_picked":["Quick Slash","Escape Plan","Dagger Spray"],"picked":"SKIP","floor":13},{"not_picked":["A Thousand Cuts","Doppelganger"],"picked":"Adrenaline","floor":16},{"not_picked":["Prepared+1","Riddle With Holes","Bouncing Flask"],"picked":"SKIP","floor":18},{"not_picked":["Leg Sweep","Bouncing Flask","All Out Attack"],"picked":"SKIP","floor":22}],"player_experience":442321,"relics_obtained":[{"floor":19,"key":"Strawberry"}],"event_choices":[{"damage_healed":0.0,"max_hp_gain":0.0,"max_hp_loss":6.0,"gold_gain":0.0,"event_name":"Golden Idol","player_choice":"Lose Max HP","floor":3.0,"gold_loss":0.0,"damage_taken":0.0,"relics_obtained":["Golden Idol"]},{"damage_healed":0.0,"max_hp_gain":5.0,"max_hp_loss":0.0,"gold_gain":0.0,"event_name":"Big Fish","player_choice":"Donut","floor":4.0,"gold_loss":0.0,"damage_taken":0.0},{"damage_healed":0,"gold_gain":0,"player_choice":"Damaged","damage_taken":9,"max_hp_gain":0,"max_hp_loss":0,"event_name":"Wheel of Change","floor":10,"gold_loss":0},{"cards_removed":["Strike_G"],"damage_healed":0,"gold_gain":0,"player_choice":"Purged","damage_taken":0,"max_hp_gain":0,"max_hp_loss":0,"event_name":"Purifier","floor":21,"gold_loss":0}],"is_beta":false,"boss_relics":[{"not_picked":["Cursed Key","Ectoplasm"],"picked":"SlaversCollar"}],"items_purged_floors":[5],"is_endless":false,"potions_floor_spawned":[7,12,16,18],"killed_by":"Book of Stabbing","ascension_level":20}}