{"host":"6jcxerjfmuawfds2","time":1612426956,"event":{"mods":["BaseMod","Colored Map","Infinite Spire","Minty Spire (QoL Compilation)","StSLib","¡¼?Úª?ø«¡½REMEMod"],"gold_per_floor":[118,134,59,59,76,76,102,102,102,122,133,133,144,144,144,270,270,290,290,311,34,52,52,70,91,116,116,157,157,176,201,201,327,327,377,377,440,440,71,71,107,107,134,134,152,173,196,217,217,247,247],"floor_reached":50,"language":"KOR","playtime":1355,"items_purged":["Strike_B","Defend_B","Strike_B","Strike_B"],"score":676,"play_id":"57975ed1-9713-4276-987f-9cbee14ba5ff","local_time":"20210204172236","is_ascension_mode":true,"campfire_choices":[{"data":"Zap","floor":6.0,"key":"SMITH"},{"data":"Dualcast","floor":8.0,"key":"SMITH"},{"floor":15.0,"key":"REST"},{"data":"REME_Flogging","floor":23.0,"key":"SMITH"},{"data":"Reinforced Body","floor":27.0,"key":"SMITH"},{"floor":29.0,"key":"REST"},{"floor":32.0,"key":"REST"},{"data":"infinitespire:Oblivion","floor":40,"key":"SMITH"},{"data":"Defragment","floor":42,"key":"SMITH"},{"floor":49,"key":"REST"}],"circlet_count":0,"master_deck":["Strike_B","Defend_B","Defend_B","Defend_B","Zap+1","Dualcast+1","Tempest","Ball Lightning+1","Melter","Streamline","Ball Lightning","REME_Flogging+1","Reinforced Body+1","Static Discharge","Electrodynamics","Dark Shackles","infinitespire:Oblivion+1","Defragment+1"],"relics":["Cracked Core","REME_ComplimentaryCards","infinitespire:Joker Card","infinitespire:FocusingShard","Pocketwatch","Golden Idol","Nuclear Battery","Blood Vial","Boot","Black Star","WingedGreaves","Du-Vu Doll","Singing Bowl","StrikeDummy","Toxic Egg 2","Omamori"],"acts_visited":["Exordium","TheCity","TheBeyond"],"potions_floor_usage":[33,33,35,50,50,50,50,50],"damage_taken":[{"damage":9.0,"enemies":"Small Slimes","floor":1.0,"turns":3.0},{"damage":2.0,"enemies":"Jaw Worm","floor":2.0,"turns":3.0},{"damage":1.0,"enemies":"Cultist","floor":5.0,"turns":3.0},{"damage":10.0,"enemies":"3 Sentries","floor":7.0,"turns":6.0},{"damage":0.0,"enemies":"Blue Slaver","floor":10.0,"turns":2.0},{"damage":13.0,"enemies":"Large Slime","floor":11.0,"turns":3.0},{"damage":9.0,"enemies":"2 Fungi Beasts","floor":13.0,"turns":2.0},{"damage":12.0,"enemies":"Hexaghost","floor":16.0,"turns":6.0},{"damage":15.0,"enemies":"2 Thieves","floor":18.0,"turns":3.0},{"damage":0.0,"enemies":"Chosen","floor":20.0,"turns":3.0},{"damage":14.0,"enemies":"Snake Plant","floor":22.0,"turns":2.0},{"damage":0.0,"enemies":"Snecko","floor":24.0,"turns":2.0},{"damage":0.0,"enemies":"Centurion and Healer","floor":25.0,"turns":4.0},{"damage":34.0,"enemies":"Slavers","floor":28.0,"turns":4.0},{"damage":0.0,"enemies":"Snake Plant","floor":30.0,"turns":3.0},{"damage":11.0,"enemies":"Sentry and Sphere","floor":31.0,"turns":3.0},{"damage":38,"enemies":"Champ","floor":33,"turns":7},{"damage":2,"enemies":"3 Shapes","floor":35,"turns":2},{"damage":6,"enemies":"Mind Bloom Boss Battle","floor":37,"turns":5},{"damage":0,"enemies":"Reptomancer","floor":41,"turns":1},{"damage":15,"enemies":"3 Darklings","floor":45,"turns":2},{"damage":22,"enemies":"Writhing Mass","floor":46,"turns":3},{"damage":0,"enemies":"Jaw Worm Horde","floor":47,"turns":3},{"damage":12,"enemies":"Maw","floor":48,"turns":5},{"damage":71,"enemies":"Awakened One","floor":50,"turns":2}],"seed_played":"-7451379502216562044","potions_obtained":[{"floor":2.0,"key":"FocusPotion"},{"floor":5.0,"key":"GamblersBrew"},{"floor":11.0,"key":"FearPotion"},{"floor":13.0,"key":"BlessingOfTheForge"},{"floor":16.0,"key":"EssenceOfDarkness"},{"floor":20.0,"key":"Explosive Potion"},{"floor":25.0,"key":"Regen Potion"},{"floor":28.0,"key":"FocusPotion"},{"floor":33,"key":"REME_GoldPotion"},{"floor":41,"key":"Strength Potion"},{"floor":47,"key":"EntropicBrew"}],"is_trial":false,"path_per_floor":["M","M","$","?","M","R","E","R","T","M","M","?","M","?","R","B",null,"M","?","M","$","M","R","M","M","T","R","E","R","M","M","R","B",null,"M","?","?","AVR","$","R","E","R","T","$","M","M","M","M","R","B"],"character_chosen":"DEFECT","items_purchased":["REME_Flogging","Singing Bowl"],"campfire_rested":4,"item_purchase_floors":[21,39],"current_hp_per_floor":[59,57,57,50,49,49,39,39,39,39,26,26,17,17,41,29,69,54,54,54,54,40,40,40,40,40,40,20,44,46,37,61,25,68,68,68,64,64,64,64,66,66,66,66,55,37,41,33,60,0,0],"gold":247,"neow_bonus":"TWENTY_PERCENT_HP_BONUS","is_daily":false,"chose_seed":false,"campfire_upgraded":6,"win_rate":0.0,"timestamp":1612426956,"path_taken":["M","M","$","?","M","R","E","R","T","M","M","?","?","?","R","BOSS","M","?","M","$","M","R","M","M","T","R","E","R","M","M","R","BOSS","M","?","?","AVR","$","R","E","R","T","$","M","M","M","M","R","BOSS"],"items_purchased_type":["Card","Relic"],"build_version":"2020-12-22","purchased_purges":4,"victory":false,"max_hp_per_floor":[89,89,89,89,89,89,89,89,89,89,89,89,89,82,82,82,82,82,82,82,82,82,82,82,82,82,82,82,82,82,82,82,82,82,82,82,82,82,82,82,82,82,82,82,84,86,88,90,90,90,90],"card_choices":[{"not_picked":["Conserve Battery","Stack","Consume"],"picked":"SKIP","floor":1.0},{"not_picked":["Compile Driver","Self Repair"],"picked":"Tempest","floor":2.0},{"not_picked":["Barrage","Conserve Battery"],"picked":"Ball Lightning","floor":5.0},{"not_picked":["Stack","Tempest","Biased Cognition"],"picked":"SKIP","floor":7.0},{"not_picked":["Hologram","Steam Power"],"picked":"Melter","floor":10.0},{"not_picked":["Heatsinks","Leap","REME_Compress"],"picked":"SKIP","floor":11.0},{"not_picked":["Sweeping Beam","Lockon"],"picked":"Streamline","floor":13.0},{"not_picked":["Chaos","Barrage","Redo"],"picked":"SKIP","floor":18.0},{"not_picked":["Heatsinks","Cold Snap","Conserve Battery+1"],"picked":"SKIP","floor":20.0},{"not_picked":["Aggregate+1","Chaos","Hello World"],"picked":"SKIP","floor":22.0},{"not_picked":["Recycle","Doom and Gloom+1"],"picked":"Reinforced Body","floor":24.0},{"not_picked":["REME_Compress","Chill","Gash"],"picked":"SKIP","floor":25.0},{"not_picked":["Rebound","Ball Lightning","White Noise"],"picked":"SKIP","floor":28.0},{"not_picked":["Steam","Heatsinks+1","Leap+1"],"picked":"SKIP","floor":30.0},{"not_picked":["Steam+1","Leap"],"picked":"Static Discharge","floor":31.0},{"not_picked":["Echo Form","Seek"],"picked":"Electrodynamics","floor":33},{"not_picked":["REME_SelfUpgrade","Scrape+1","Coolheaded+1"],"picked":"SKIP","floor":35},{"not_picked":["Mind Blast","Magnetism"],"picked":"Dark Shackles","floor":36},{"not_picked":["Rebound","Double Energy+1"],"picked":"Defragment","floor":41},{"not_picked":["Doom and Gloom","Ball Lightning","Barrage+1"],"picked":"Singing Bowl","floor":45},{"not_picked":["Compile Driver","Conserve Battery+1","Steam Power+1"],"picked":"Singing Bowl","floor":46},{"not_picked":["Hello World+1","Turbo+1","Redo+1"],"picked":"Singing Bowl","floor":47},{"not_picked":["Stack+1","Conserve Battery+1","Coolheaded+1"],"picked":"Singing Bowl","floor":48}],"player_experience":268295,"relics_obtained":[{"floor":7.0,"key":"infinitespire:FocusingShard"},{"floor":9.0,"key":"Pocketwatch"},{"floor":26.0,"key":"Blood Vial"},{"floor":28.0,"key":"Boot"},{"floor":37,"key":"WingedGreaves"},{"floor":41,"key":"StrikeDummy"},{"floor":41,"key":"Toxic Egg 2"},{"floor":43,"key":"Omamori"}],"event_choices":[{"damage_healed":0.0,"max_hp_gain":0.0,"max_hp_loss":0.0,"gold_gain":0.0,"event_name":"Scrap Ooze","player_choice":"Success","floor":4.0,"gold_loss":0.0,"damage_taken":7.0,"relics_obtained":["infinitespire:Joker Card"]},{"damage_healed":0.0,"max_hp_gain":0.0,"max_hp_loss":0.0,"gold_gain":0.0,"event_name":"Upgrade Shrine","player_choice":"Upgraded","floor":12.0,"gold_loss":0.0,"damage_taken":0.0,"cards_upgraded":["Ball Lightning"]},{"damage_healed":0.0,"max_hp_gain":0.0,"max_hp_loss":7.0,"gold_gain":0.0,"event_name":"Golden Idol","player_choice":"Lose Max HP","floor":14.0,"gold_loss":0.0,"damage_taken":0.0,"relics_obtained":["Golden Idol"]},{"damage_healed":0.0,"max_hp_gain":0.0,"max_hp_loss":0.0,"gold_gain":0.0,"event_name":"The Library","player_choice":"Read","floor":19.0,"gold_loss":0.0,"damage_taken":0.0,"cards_obtained":["Ball Lightning"]},{"damage_healed":0,"gold_gain":0,"player_choice":"Memory 1","damage_taken":0,"max_hp_gain":0,"max_hp_loss":0,"event_name":"SensoryStone","floor":36,"gold_loss":0},{"damage_healed":0,"gold_gain":0,"player_choice":"Fight","damage_taken":0,"max_hp_gain":0,"max_hp_loss":0,"event_name":"MindBloom","floor":37,"gold_loss":0}],"is_beta":false,"boss_relics":[{"not_picked":["Inserter","Calling Bell"],"picked":"Nuclear Battery"},{"not_picked":["Philosopher\u0027s Stone","FrozenCore"],"picked":"Black Star"}],"items_purged_floors":[3,21,38,39],"is_endless":false,"potions_floor_spawned":[2,5,11,13,16,20,25,28,30,31,33,41,47],"killed_by":"Awakened One","ascension_level":5}}