{"host":"neeznpvpgo0qgfkd","time":1612449491,"event":{"mods":["AchievementEnabler","BaseMod","BetterRewards","Colored Map","Colored Powertips","Exacting","Minty Spire (QoL Compilation)","Permanent Neow","Quick Restart","Shop Mod"],"gold_per_floor":[115,115,40,52,127,153,181,216,216,1,21,21,47,133,133,228,228,247,260,83,83,99,128,128,159,159,202,221,248,279,311,323,480,492,517,456,484,496,510,542,542,542],"floor_reached":41,"language":"ENG","playtime":2011,"items_purged":["Regret"],"score":928,"play_id":"9dab8e8d-cb88-4992-bd04-0c626ec78685","local_time":"20210204093811","is_ascension_mode":true,"campfire_choices":[{"floor":15,"key":"REST"},{"floor":32,"key":"REST"}],"circlet_count":0,"master_deck":["Strike_G","Strike_G","Strike_G","Strike_G","Strike_G","Defend_G","Defend_G","Defend_G","Defend_G","Defend_G","Survivor","Neutralize","Panache","Flying Knee+1","Caltrops","Sucker Punch+1","Bane+1","Finisher+1","Cloak And Dagger","Burst","Glass Knife+1","Noxious Fumes","Backstab+1","Adrenaline","Riddle With Holes+1","Slice+1","Apotheosis","Dagger Throw+1","Cloak And Dagger","Dagger Spray+1","Choke+1","Riddle With Holes+1","Poisoned Stab+1","Envenom","Dagger Spray+1","Footwork","Cloak And Dagger+1","Infinite Blades","Dodge and Roll+1"],"relics":["Ring of the Snake","Molten Egg 2","Vajra","Incense Burner","Matryoshka","Shovel","PreservedInsect","Oddly Smooth Stone","TwistedFunnel","Pear","SacredBark","MutagenicStrength","Orichalcum","Happy Flower","StrikeDummy","Smiling Mask","Blue Candle","Bottled Flame","MawBank","HoveringKite","Meat on the Bone"],"acts_visited":["Exordium","TheCity","TheBeyond"],"potions_floor_usage":[8,11,19,22,23,29,33,33,39,39,40],"damage_taken":[{"damage":0,"enemies":"Jaw Worm","floor":1,"turns":3},{"damage":0,"enemies":"Cultist","floor":4,"turns":3},{"damage":19,"enemies":"3 Sentries","floor":6,"turns":9},{"damage":1,"enemies":"2 Louse","floor":7,"turns":2},{"damage":15,"enemies":"Lagavulin","floor":8,"turns":4},{"damage":6,"enemies":"Exordium Thugs","floor":11,"turns":2},{"damage":0,"enemies":"Gremlin Nob","floor":13,"turns":2},{"damage":6,"enemies":"Lots of Slimes","floor":14,"turns":3},{"damage":0,"enemies":"Slime Boss","floor":16,"turns":6},{"damage":6,"enemies":"3 Byrds","floor":18,"turns":3},{"damage":8,"enemies":"2 Thieves","floor":19,"turns":3},{"damage":33,"enemies":"Snake Plant","floor":22,"turns":3},{"damage":27,"enemies":"Book of Stabbing","floor":23,"turns":3},{"damage":0,"enemies":"Gremlin Leader","floor":25,"turns":1},{"damage":0,"enemies":"Slavers","floor":27,"turns":3},{"damage":0,"enemies":"3 Cultists","floor":28,"turns":3},{"damage":0,"enemies":"Book of Stabbing","floor":29,"turns":1},{"damage":0,"enemies":"Snecko","floor":30,"turns":2},{"damage":6,"enemies":"Cultist and Chosen","floor":31,"turns":3},{"damage":32,"enemies":"Collector","floor":33,"turns":7},{"damage":0,"enemies":"3 Shapes","floor":35,"turns":2},{"damage":26,"enemies":"3 Darklings","floor":37,"turns":3},{"damage":0,"enemies":"Jaw Worm Horde","floor":38,"turns":2},{"damage":18,"enemies":"Maw","floor":39,"turns":6},{"damage":17,"enemies":"Reptomancer","floor":40,"turns":3},{"damage":10,"enemies":"Transient","floor":41,"turns":3}],"seed_played":"-5715295353944497624","potions_obtained":[{"floor":1,"key":"Explosive Potion"},{"floor":6,"key":"DuplicationPotion"},{"floor":7,"key":"Weak Potion"},{"floor":14,"key":"Swift Potion"},{"floor":19,"key":"Regen Potion"},{"floor":23,"key":"ColorlessPotion"},{"floor":27,"key":"Swift Potion"},{"floor":28,"key":"LiquidMemories"},{"floor":29,"key":"CunningPotion"},{"floor":33,"key":"SpeedPotion"},{"floor":38,"key":"EssenceOfSteel"},{"floor":38,"key":"Energy Potion"}],"is_trial":false,"path_per_floor":["M","?","$","M","?","E","M","E","T","$","M","$","E","M","R","B",null,"M","M","$","?","M","E","T","E","T","E","M","E","M","M","R","B",null,"M","$","M","M","M","E","M"],"character_chosen":"THE_SILENT","items_purchased":["Molten Egg 2","Vajra","Panache","Flying Knee+1","Caltrops","Sucker Punch+1","TwistedFunnel","Noxious Fumes","Apotheosis","Footwork"],"campfire_rested":2,"item_purchase_floors":[0,0,0,0,0,0,10,10,20,36],"current_hp_per_floor":[63,63,63,63,52,33,32,19,19,19,13,13,23,17,41,41,72,66,58,58,58,52,25,25,25,25,25,25,25,25,19,43,11,64,64,64,38,38,20,3,0,0],"gold":542,"neow_bonus":"","is_daily":false,"chose_seed":false,"campfire_upgraded":0,"win_rate":0.0,"timestamp":1612449491,"path_taken":["M","?","$","M","?","E","M","E","T","?","M","$","E","M","R","BOSS","M","M","$","?","M","E","?","E","T","E","M","E","M","M","R","BOSS","M","$","M","M","M","E","M"],"items_purchased_type":["Relic","Relic","Card","Card","Card","Card","Relic","Card","Card","Card"],"build_version":"2020-12-22","purchased_purges":1,"victory":false,"max_hp_per_floor":[70,70,70,70,70,70,70,72,72,72,72,72,82,82,82,82,82,82,82,82,82,82,82,82,82,82,82,82,82,82,82,82,82,82,82,82,82,82,82,82,82,82],"card_choices":[{"not_picked":["Backflip","Sucker Punch+1"],"picked":"Bane+1","floor":1},{"not_picked":["All Out Attack+1","Underhanded Strike+1"],"picked":"Finisher+1","floor":4},{"not_picked":["Riddle With Holes+1","Underhanded Strike+1"],"picked":"Cloak And Dagger","floor":6},{"not_picked":["Endless Agony+1","Outmaneuver"],"picked":"Burst","floor":7},{"not_picked":["Dagger Throw+1","Slice+1"],"picked":"Glass Knife+1","floor":8},{"not_picked":["Quick Slash+1","Leg Sweep","Endless Agony+1"],"picked":"SKIP","floor":11},{"not_picked":["Predator+1","Setup","Deflect"],"picked":"SKIP","floor":13},{"not_picked":["Heel Hook+1","Finisher+1","Backflip"],"picked":"SKIP","floor":13},{"not_picked":["Acrobatics","Bane+1"],"picked":"Backstab+1","floor":14},{"not_picked":["Malaise","Night Terror"],"picked":"Adrenaline","floor":16},{"not_picked":["Flying Knee+1","Bane+1"],"picked":"Riddle With Holes+1","floor":18},{"not_picked":["Dagger Throw+1","Poisoned Stab+1"],"picked":"Slice+1","floor":19},{"not_picked":["PiercingWail","Expertise","Quick Slash+1"],"picked":"SKIP","floor":22},{"not_picked":["Quick Slash+1","Skewer+1"],"picked":"Dagger Throw+1","floor":23},{"not_picked":["Deflect","Skewer+1"],"picked":"Cloak And Dagger","floor":25},{"not_picked":["Dagger Throw+1","Outmaneuver"],"picked":"Dagger Spray+1","floor":27},{"not_picked":["Backflip","Doppelganger","Prepared"],"picked":"SKIP","floor":28},{"not_picked":["Leg Sweep+1","Deadly Poison"],"picked":"Choke+1","floor":29},{"not_picked":["Distraction","Slice+1"],"picked":"Riddle With Holes+1","floor":30},{"not_picked":["PiercingWail","Outmaneuver+1"],"picked":"Poisoned Stab+1","floor":31},{"not_picked":["Grand Finale+1","Doppelganger"],"picked":"Envenom","floor":33},{"not_picked":["Expertise+1","Deflect"],"picked":"Dagger Spray+1","floor":35},{"not_picked":["Escape Plan","Quick Slash+1"],"picked":"Cloak And Dagger+1","floor":37},{"not_picked":["Die Die Die+1","Sucker Punch+1"],"picked":"Infinite Blades","floor":38},{"not_picked":["Acrobatics+1","Prepared+1"],"picked":"Dodge and Roll+1","floor":39},{"not_picked":["Dodge and Roll+1","Concentrate+1","Prepared+1"],"picked":"SKIP","floor":40}],"player_experience":1307211,"relics_obtained":[{"floor":6,"key":"Shovel"},{"floor":8,"key":"PreservedInsect"},{"floor":9,"key":"Oddly Smooth Stone"},{"floor":13,"key":"Pear"},{"floor":23,"key":"Orichalcum"},{"floor":24,"key":"Happy Flower"},{"floor":24,"key":"StrikeDummy"},{"floor":25,"key":"Smiling Mask"},{"floor":26,"key":"Blue Candle"},{"floor":27,"key":"Bottled Flame"},{"floor":29,"key":"MawBank"},{"floor":40,"key":"Meat on the Bone"}],"event_choices":[{"damage_healed":0,"gold_gain":0,"player_choice":"Box","damage_taken":0,"relics_obtained":["Matryoshka"],"max_hp_gain":0,"max_hp_loss":0,"event_name":"Big Fish","floor":2,"gold_loss":0,"cards_obtained":["Regret"]},{"damage_healed":0,"gold_gain":75,"player_choice":"Gather Gold","damage_taken":11,"max_hp_gain":0,"max_hp_loss":0,"event_name":"World of Goop","floor":5,"gold_loss":0},{"damage_healed":0,"gold_gain":0,"player_choice":"Inject Mutagens","damage_taken":0,"relics_obtained":["MutagenicStrength"],"max_hp_gain":0,"max_hp_loss":0,"event_name":"Drug Dealer","floor":21,"gold_loss":0}],"is_beta":false,"boss_relics":[{"not_picked":["Empty Cage","Sozu"],"picked":"SacredBark"},{"not_picked":["Pandora\u0027s Box","Busted Crown"],"picked":"HoveringKite"}],"items_purged_floors":[3],"is_endless":false,"potions_floor_spawned":[1,6,7,14,23,27,28,29,33,38],"killed_by":"Transient","ascension_level":6}}