{"host":"121m0oxswv9tg9hk","time":1612472969,"event":{"mods":["AchievementEnabler","BaseMod","Better Third Choice","Downfall","Minty Spire (QoL Compilation)","StSLib"],"gold_per_floor":[0,11,11,26,36,56,82,93,125,135,235,135,168,179,193,288,288,288,298,310,328,328,228,228,228,228,228],"floor_reached":25,"language":"ENG","playtime":2162,"items_purged":[],"score":336,"play_id":"c466c306-9ddc-4be2-a368-47de5141ff9d","local_time":"20210204220929","is_ascension_mode":true,"campfire_choices":[{"data":"Slimebound:GrowthPunch","floor":1,"key":"SMITH"},{"floor":12,"key":"REST"},{"floor":18,"key":"RECALL"},{"floor":23,"key":"REST"}],"circlet_count":0,"master_deck":["AscendersBane","Slimebound:Strike_Slimebound","Slimebound:Defend_Slimebound","Slimebound:Defend_Slimebound","Slimebound:Defend_Slimebound","Slimebound:Defend_Slimebound","Slimebound:Split","Slimebound:CorrosiveSpit","Slimebound:GrowthPunch+1","Slimebound:Recycling","Slimebound:FinishingTackle","Slimebound:FirmFortitude","Slimebound:Darklings","Slimebound:SplitMire","Slimebound:Nibble","Slimebound:PressTheAttack","Slimebound:GrowthPunch","Slimebound:HauntingLick","Slimebound:Recollect","Slimebound:SplitMire","Slimebound:PressTheAttack","Slimebound:MinionMaster","Slimebound:Repurpose","Pain"],"relics":["Slimebound:AbsorbEndCombat","Toy Ornithopter","downfall:HeartBlessingBlue","Lantern","Black Star","WarpedTongs","downfall:HeartBlessingRed","MealTicket"],"acts_visited":["Exordium","TheCity"],"potions_floor_usage":[6,9,16],"damage_taken":[{"damage":10,"enemies":"2 Louse","floor":2,"turns":4},{"damage":3,"enemies":"Cultist","floor":4,"turns":4},{"damage":7,"enemies":"Jaw Worm","floor":5,"turns":4},{"damage":31,"enemies":"Exordium Thugs","floor":6,"turns":4},{"damage":9,"enemies":"Red Slaver","floor":8,"turns":4},{"damage":6,"enemies":"3 Sentries","floor":9,"turns":5},{"damage":0,"enemies":"Blue Slaver","floor":10,"turns":3},{"damage":43,"enemies":"Gremlin Nob","floor":13,"turns":5},{"damage":0,"enemies":"Large Slime","floor":14,"turns":5},{"damage":4,"enemies":"Red Slaver","floor":15,"turns":2},{"damage":6,"enemies":"SI_SHIV_ARCHETYPE","floor":16,"turns":7},{"damage":7,"enemies":"Chosen","floor":19,"turns":4},{"damage":26,"enemies":"Shell Parasite","floor":20,"turns":5},{"damage":33,"enemies":"Centurion and Healer","floor":21,"turns":6},{"damage":50,"enemies":"Snecko","floor":25,"turns":4}],"seed_played":"-411832843629032654","potions_obtained":[{"floor":5,"key":"LiquidMemories"},{"floor":8,"key":"SpeedPotion"},{"floor":14,"key":"hexamod:SoulburnPotion"},{"floor":15,"key":"SteroidPotion"},{"floor":16,"key":"Explosive Potion"}],"is_trial":false,"path_per_floor":["R","M","?","M","M","M","T","M","E","M","?","R","E","M","M","B",null,"R","M","M","M","?","R","T","M"],"character_chosen":"SLIMEBOUND","items_purchased":[],"campfire_rested":2,"item_purchase_floors":[],"current_hp_per_floor":[59,51,51,54,53,26,26,17,13,21,21,53,18,26,26,33,65,65,64,46,21,21,43,43,0,0,0],"gold":228,"neow_bonus":"TRANSFORM_TWO_CARDS","is_daily":false,"chose_seed":false,"campfire_upgraded":1,"win_rate":0.0,"timestamp":1612472969,"path_taken":["R","M","?","M","?","M","T","M","E","M","?","R","E","M","M","BOSS","R","M","M","M","?","R","T","M"],"items_purchased_type":[],"build_version":"2020-12-22","purchased_purges":0,"victory":false,"max_hp_per_floor":[65,65,65,65,65,65,65,65,65,65,65,75,75,75,75,75,75,75,75,75,75,75,75,75,75,75,75],"card_choices":[{"not_picked":["Slimebound:RollThrough","Slimebound:ItLooksTasty"],"picked":"Slimebound:FinishingTackle","floor":2},{"not_picked":["Slimebound:SplitAcid","Slimebound:LivingWall"],"picked":"Slimebound:Darklings","floor":4},{"not_picked":["Slimebound:RainOfGoop","Slimebound:RejuvenatingLick"],"picked":"Slimebound:SplitMire","floor":5},{"not_picked":["Slimebound:FinishingTackle","Slimebound:SplitAcid"],"picked":"Slimebound:Nibble","floor":6},{"not_picked":["Slimebound:Prepare","Slimebound:HauntingLick"],"picked":"Slimebound:PressTheAttack","floor":8},{"not_picked":["Slimebound:Overexert","Slimebound:Dissolve"],"picked":"Slimebound:GrowthPunch","floor":9},{"not_picked":["Slimebound:LeechEnergy","Slimebound:SplitBruiser"],"picked":"Slimebound:HauntingLick","floor":10},{"not_picked":["Slimebound:RainOfGoop","Slimebound:RollThrough"],"picked":"Slimebound:Recollect","floor":13},{"not_picked":["Slimebound:SlimeTap","Slimebound:DivideAndConquer"],"picked":"Slimebound:SplitMire","floor":14},{"not_picked":["Slimebound:SplitMire","Slimebound:Dissolve"],"picked":"Slimebound:PressTheAttack","floor":15},{"not_picked":["Slimebound:MassRepurpose","Slimebound:CheckThePlaybook"],"picked":"Slimebound:MinionMaster","floor":16},{"not_picked":["Slimebound:LeechingTouch+1","Slimebound:SplitBruiser+1","Slimebound:MegaLick"],"picked":"SKIP","floor":19},{"not_picked":["Slimebound:GoopTackle+1","Slimebound:Schlurp+1"],"picked":"Slimebound:Repurpose","floor":20},{"not_picked":["Slimebound:HauntingLick","Slimebound:GoopTackle","Slimebound:FlameTackle"],"picked":"SKIP","floor":21}],"player_experience":2598989,"relics_obtained":[{"floor":9,"key":"Toy Ornithopter"},{"floor":13,"key":"Lantern"},{"floor":24,"key":"MealTicket"}],"event_choices":[{"damage_healed":0,"gold_gain":0,"player_choice":"Rummage","damage_taken":0,"relics_obtained":["WarpedTongs"],"max_hp_gain":0,"max_hp_loss":0,"event_name":"Accursed Blacksmith","floor":22,"gold_loss":0,"cards_obtained":["Pain"]}],"is_beta":false,"boss_relics":[{"not_picked":["Philosopher\u0027s Stone","Pandora\u0027s Box"],"picked":"Black Star"}],"items_purged_floors":[],"is_endless":false,"potions_floor_spawned":[5,8,14,15,16,21],"killed_by":"Snecko","ascension_level":11}}