{"host":"l8lkgdumzpe3823a","time":1612458628,"event":{"mods":["Always Whale","Aspiration","BaseMod","Beaked The Cultist","Better Note","Clockwork Mod","Colored Powertips","Curses Come First","Custom Start","DeckTracker","Defuse TimeMaze Blight","Highlight Path","Hubris","Infinite Spire","Minty Spire (QoL Compilation)","Quick Restart","Replay The Spire","Shop Mod","StSLib","SuperFastMode","The Construct","The Cursed","The Dragon Tamer","The Servant 0.9.4"],"gold_per_floor":[115,130,130,130,130,130,57,72,140,140,65,35,35,54,54,153,153,167,179,79,95,113,113,141,141,141,141,151,151,162,162,162],"floor_reached":31,"language":"ENG","playtime":2018,"items_purged":["Clockwork:AdaptiveShield","Clockwork:ChargingShield","Clockwork:CogBarrier"],"score":370,"play_id":"6e692436-3e62-4f1b-9cac-f8f43732c418","local_time":"20210204111028","daily_mods":["Draft"],"is_ascension_mode":false,"campfire_choices":[{"data":"Clockwork:CraftVarja","floor":6.0,"key":"SMITH"},{"data":"Clockwork:AssemblyLine","floor":15.0,"key":"SMITH"},{"data":"Clockwork:CogToss","floor":23,"key":"SMITH"},{"data":"Clockwork:Pluck","floor":25,"key":"SMITH"}],"circlet_count":0,"master_deck":["Clockwork:CogToss+1","Clockwork:CogToss","Clockwork:CogBarrier+1","Clockwork:TestingEnvironment","Clockwork:CogBarrier+1","Clockwork:SystemScan","Clockwork:AssemblyLine+1","Clockwork:InertialShield","Clockwork:CogBarrier","Clockwork:SystemHardening","Clockwork:CogShield","Clockwork:RampUp+1","Clockwork:CogBarrier","Clockwork:LiteraryArmor","Clockwork:SystemHardening","Clockwork:LiteraryArmor","Clockwork:SiegeStrike","Clockwork:Pluck+1","Clockwork:Pluck+1"],"relics":["Clockwork:MomentumEngine","replay:Trail_Library","Blood Vial","hubris:Icosahedron","Clockwork:Varja","hubris:TinFlute","Clockwork:BloodPhial","ReplayTheSpireMod:DimensionalGlitch","Peace Pipe","Molten Egg 2","HandDrill"],"acts_visited":["Exordium","TheCity"],"potions_floor_usage":[21,24,28,30],"damage_taken":[{"damage":10.0,"enemies":"Cultist","floor":1.0,"turns":7.0},{"damage":5.0,"enemies":"Small Slimes","floor":2.0,"turns":6.0},{"damage":15.0,"enemies":"2 Louse","floor":8.0,"turns":5.0},{"damage":6.0,"enemies":"Looter","floor":12.0,"turns":4.0},{"damage":7.0,"enemies":"Blue Slaver","floor":14.0,"turns":8.0},{"damage":0,"enemies":"Slime Boss","floor":16,"turns":12},{"damage":9,"enemies":"Shell Parasite","floor":18,"turns":6},{"damage":0,"enemies":"Spheric Guardian","floor":19,"turns":4},{"damage":19,"enemies":"Snecko","floor":21,"turns":10},{"damage":12,"enemies":"Snake Plant","floor":22,"turns":6},{"damage":2,"enemies":"Book of Stabbing","floor":24,"turns":4},{"damage":0,"enemies":"Centurion and Healer","floor":28,"turns":7},{"damage":51,"enemies":"Cultist and Chosen","floor":30,"turns":12},{"damage":31,"enemies":"Chosen and Byrds","floor":31,"turns":4}],"seed_played":"2056088771616422810","potions_obtained":[{"floor":1.0,"key":"Dexterity Potion"},{"floor":21,"key":"infinitespire:BlackPotion"},{"floor":24,"key":"Swift Potion"},{"floor":28,"key":"PowerPotion"}],"is_trial":true,"path_per_floor":["M","M","T","?","?","R","$","M","T","?","$","M","?","M","R","B",null,"M","M","$","M","M","R","E","R","T","AVR","M","?","M","M"],"character_chosen":"CLOCKWORK","items_purchased":["Clockwork:LiteraryArmor"],"campfire_rested":0,"item_purchase_floors":[7],"current_hp_per_floor":[75,70,70,70,70,70,70,57,57,50,50,50,59,54,54,58,85,76,78,78,61,51,51,51,51,51,51,53,53,4,0,0],"gold":162,"neow_bonus":"","is_daily":false,"chose_seed":false,"campfire_upgraded":4,"win_rate":0.0,"timestamp":1612458628,"path_taken":["M","M","?","?","?","R","$","M","T","?","?","M","?","M","R","BOSS","M","?","$","M","M","R","E","R","T","AVR","M","?","M","M"],"items_purchased_type":["Card"],"build_version":"2020-12-22","purchased_purges":3,"victory":false,"max_hp_per_floor":[85,85,85,85,85,85,85,85,85,85,85,85,85,85,85,85,85,85,85,85,85,85,85,85,85,85,85,85,85,85,85,85],"card_choices":[{"not_picked":["Clockwork:FalseStart","Clockwork:TiltAWhirl"],"picked":"Clockwork:CogToss","floor":0.0},{"not_picked":["Clockwork:Downsize","Clockwork:Minimalism"],"picked":"Clockwork:CraftBloodPhial","floor":0.0},{"not_picked":["Clockwork:StasisBreak","Clockwork:RevUp"],"picked":"Clockwork:CogToss","floor":0.0},{"not_picked":["Clockwork:SmithsMallet","Clockwork:Enhance"],"picked":"Clockwork:CogBarrier","floor":0.0},{"not_picked":["Clockwork:Enhance","Clockwork:Roundhouse"],"picked":"Clockwork:TestingEnvironment","floor":0.0},{"not_picked":["Clockwork:Enhance","Clockwork:ReserveSystems"],"picked":"Clockwork:ChargingShield","floor":0.0},{"not_picked":["Clockwork:Improve","Clockwork:ChargingShield"],"picked":"Clockwork:CogBarrier","floor":0.0},{"not_picked":["Clockwork:Friction","Clockwork:TestingEnvironment"],"picked":"Clockwork:SystemScan","floor":0.0},{"not_picked":["Clockwork:AdaptiveShield","Clockwork:CogShield"],"picked":"Clockwork:AssemblyLine","floor":0.0},{"not_picked":["Clockwork:QuantumStrike","Clockwork:Clone"],"picked":"Clockwork:InertialShield","floor":0.0},{"not_picked":["Clockwork:Minimalism","Clockwork:QuantumStrike"],"picked":"Clockwork:AdaptiveShield","floor":0.0},{"not_picked":["Clockwork:Friction","Clockwork:RevUp"],"picked":"Clockwork:CogBarrier","floor":0.0},{"not_picked":["Clockwork:SpurOn","Clockwork:Clone"],"picked":"Clockwork:SystemHardening","floor":0.0},{"not_picked":["Clockwork:Redundancy","Clockwork:Roundhouse"],"picked":"Clockwork:CraftVarja","floor":0.0},{"not_picked":["Clockwork:Clone","Clockwork:ForgeStrike"],"picked":"Clockwork:Roundhouse","floor":0.0},{"not_picked":["Clockwork:Roundhouse","Clockwork:FalseStart"],"picked":"Clockwork:CogShield","floor":1.0},{"not_picked":["Clockwork:SystemScan","Clockwork:CogShield"],"picked":"Clockwork:RampUp","floor":2.0},{"not_picked":["Clockwork:Clone","Clockwork:CraftSomewhatSmoothStone"],"picked":"Clockwork:SystemHardening","floor":8.0},{"not_picked":["Clockwork:Minimalism","Clockwork:WindupStrike","Clockwork:EnthusiasticStrike"],"picked":"SKIP","floor":12.0},{"not_picked":["Clockwork:MechanicalMass","Clockwork:RevUp","Clockwork:Improve"],"picked":"SKIP","floor":14.0},{"not_picked":["Clockwork:ZeroPointEnergy","Clockwork:Strangle"],"picked":"Clockwork:SiegeStrike","floor":16},{"not_picked":["Clockwork:ChargingBlade+1","Clockwork:ForgeStrike"],"picked":"Clockwork:Pluck","floor":18},{"not_picked":["Clockwork:QuantumStrike","Clockwork:Improve","Clockwork:SnapKeep"],"picked":"SKIP","floor":19},{"not_picked":["Clockwork:HoardingStrike","Clockwork:Downsize","Clockwork:TimeOut"],"picked":"SKIP","floor":21},{"not_picked":["Clockwork:AdaptiveShield","Clockwork:Roundhouse+1","Clockwork:Redundancy"],"picked":"SKIP","floor":22},{"not_picked":["Clockwork:CraftMomentumEngine","Clockwork:InertialShield"],"picked":"Clockwork:Pluck+1","floor":24},{"not_picked":["Clockwork:LiteraryArmor","Clockwork:Roundhouse+1","Clockwork:Improve"],"picked":"SKIP","floor":28},{"not_picked":["Clockwork:RitualDaggerMk0+1","Clockwork:HoardingStrike+1","Clockwork:TestingEnvironment"],"picked":"SKIP","floor":30}],"player_experience":741056,"relics_obtained":[{"floor":3.0,"key":"Blood Vial"},{"floor":9.0,"key":"hubris:TinFlute"},{"floor":24,"key":"Peace Pipe"},{"floor":26,"key":"Molten Egg 2"}],"event_choices":[{"cards_removed":["Clockwork:Roundhouse"],"damage_healed":0.0,"max_hp_gain":0.0,"max_hp_loss":0.0,"gold_gain":0.0,"event_name":"Golden Wing","player_choice":"Card Removal","floor":10.0,"gold_loss":0.0,"damage_taken":7.0},{"damage_healed":0,"gold_gain":0,"player_choice":"Ignored","damage_taken":0,"max_hp_gain":0,"max_hp_loss":0,"event_name":"betterNote:BetterNote","floor":29,"gold_loss":0,"cards_obtained":["ReplayTheSpireMod:Scrap Shanks"]}],"is_beta":false,"boss_relics":[{"not_picked":["hubris:Stopwatch","aspiration:IroncladSkillbook"],"picked":"ReplayTheSpireMod:DimensionalGlitch"}],"items_purged_floors":[11,20,27],"is_endless":false,"potions_floor_spawned":[1,14,21,22,24,28],"killed_by":"Chosen and Byrds","ascension_level":0}}