{"host":"92108ef2q9tm8rod","time":1612447181,"event":{"mods":["BaseMod","Defuse TimeMaze Blight","Minty Spire (QoL Compilation)","StSLib","The Jungle"],"gold_per_floor":[112,123,139,153,170,170,170,204,204,204,230,20,20,20,20,116,116,130,58,76,89,100,130,155,12,12,23,23,23,23,40,40,135,135,148,164,164,184,184,184,201,201,201,219,219,245,245,272,272,272],"floor_reached":51,"language":"ENG","playtime":2005,"items_purged":["Coolheaded"],"score":832,"play_id":"bd5e7072-fd9c-455f-babd-c7bb20358181","local_time":"20210204135941","daily_mods":["SealedDeck","Colorless Cards","Heirloom","Flight"],"is_ascension_mode":false,"campfire_choices":[{"data":"Redo","floor":6,"key":"SMITH"},{"data":"Loop","floor":7,"key":"SMITH"},{"data":"Blind","floor":10,"key":"SMITH"},{"data":"Leap","floor":15,"key":"SMITH"},{"data":"Defragment","floor":28,"key":"SMITH"},{"data":"Electrodynamics","floor":29,"key":"SMITH"},{"floor":32,"key":"REST"},{"data":"Sadistic Nature","floor":40,"key":"SMITH"},{"data":"Beam Cell","floor":42,"key":"SMITH"},{"data":"Gash","floor":45,"key":"SMITH"},{"data":"Self Repair","floor":47,"key":"SMITH"},{"data":"Go for the Eyes","floor":49,"key":"SMITH"}],"circlet_count":0,"master_deck":["Leap+1","Beam Cell+1","Compile Driver","Go for the Eyes+1","Conserve Battery+1","Gash+1","Tempest+1","Redo+1","Ball Lightning","Self Repair+1","Loop+1","Blind+1","Electrodynamics+1","Sadistic Nature+1","Defragment+1","BootSequence+1","Tempest+1","Defragment+1"],"relics":["Cracked Core","Du-Vu Doll","Bottled Flame","Mercury Hourglass","Dream Catcher","Nuclear Battery","Gremlin Horn","Centennial Puzzle","ClockworkSouvenir","Bag of Preparation","Busted Crown","Ice Cream","Bottled Tornado","Mango"],"acts_visited":["Exordium","Exordium","TheBeyond"],"potions_floor_usage":[11,11,16,21,46,50,50,50],"damage_taken":[{"damage":0,"enemies":"Jaw Worm","floor":1,"turns":3},{"damage":0,"enemies":"Small Slimes","floor":2,"turns":2},{"damage":2,"enemies":"Cultist","floor":3,"turns":3},{"damage":2,"enemies":"Exordium Thugs","floor":4,"turns":5},{"damage":10,"enemies":"3 Louse","floor":5,"turns":3},{"damage":4,"enemies":"Gremlin Nob","floor":8,"turns":3},{"damage":0,"enemies":"Lagavulin","floor":11,"turns":4},{"damage":14,"enemies":"Slime Boss","floor":16,"turns":5},{"damage":5,"enemies":"theJungle:5_Spyders","floor":18,"turns":4},{"damage":0,"enemies":"theJungle:GiantWrat","floor":20,"turns":4},{"damage":18,"enemies":"theJungle:JungleHuntersEncounter","floor":21,"turns":3},{"damage":5,"enemies":"theJungle:Snecko_Cultist_And_Trap","floor":22,"turns":4},{"damage":15,"enemies":"theJungle:MamaSnecko","floor":23,"turns":4},{"damage":13,"enemies":"theJungle:Cassacara","floor":24,"turns":4},{"damage":9,"enemies":"theJungle:SlimyTreeVines","floor":27,"turns":3},{"damage":0,"enemies":"theJungle:Lyon","floor":31,"turns":2},{"damage":10,"enemies":"theJungle:TotemBoss","floor":33,"turns":3},{"damage":0,"enemies":"3 Darklings","floor":35,"turns":3},{"damage":0,"enemies":"Orb Walker","floor":36,"turns":2},{"damage":9,"enemies":"Maw","floor":38,"turns":5},{"damage":1,"enemies":"Transient","floor":41,"turns":5},{"damage":1,"enemies":"Writhing Mass","floor":44,"turns":3},{"damage":2,"enemies":"Reptomancer","floor":46,"turns":2},{"damage":0,"enemies":"Nemesis","floor":48,"turns":3},{"damage":16,"enemies":"Donu and Deca","floor":50,"turns":4}],"seed_played":"1057161364712692234","potions_obtained":[{"floor":1,"key":"Swift Potion"},{"floor":4,"key":"PotionOfCapacity"},{"floor":5,"key":"FearPotion"},{"floor":20,"key":"Explosive Potion"},{"floor":21,"key":"Explosive Potion"},{"floor":31,"key":"ColorlessPotion"},{"floor":38,"key":"SteroidPotion"},{"floor":48,"key":"Weak Potion"}],"is_trial":true,"path_per_floor":["M","M","M","M","M","R","R","E","T","R","E","$","?","?","R","B",null,"M","$","M","M","M","E","E","$","T","M","R","R","$","M","R","B",null,"M","M","$","M","?","R","M","R","T","M","R","E","R","E","R","B",null],"character_chosen":"DEFECT","items_purchased":["Electrodynamics","Defragment","ClockworkSouvenir"],"campfire_rested":1,"item_purchase_floors":[12,19,25],"current_hp_per_floor":[75,75,75,75,72,72,72,75,75,75,75,75,60,65,65,58,80,80,80,80,69,71,63,57,57,57,58,58,58,58,58,80,77,80,80,80,80,78,76,76,76,76,76,76,76,76,76,90,90,84],"gold":272,"neow_bonus":"","is_daily":false,"chose_seed":false,"campfire_upgraded":11,"win_rate":0.0,"timestamp":1612447181,"path_taken":["M","M","M","M","M","R","R","E","T","R","E","$","?","?","R","BOSS","M","$","M","M","M","E","E","$","T","M","R","R","$","M","R","BOSS","M","M","$","M","?","R","M","R","T","M","R","E","R","E","R","BOSS"],"items_purchased_type":["Card","Card","Relic"],"build_version":"2020-12-22","purchased_purges":1,"victory":true,"max_hp_per_floor":[75,75,75,75,75,75,75,75,75,75,75,75,75,80,80,80,80,80,80,80,80,80,80,80,80,80,80,80,80,80,80,80,80,80,80,80,80,80,76,76,76,76,76,76,76,76,76,90,90,90],"card_choices":[{"not_picked":["Go for the Eyes","Coolheaded"],"picked":"Self Repair","floor":1},{"not_picked":["Self Repair","Leap"],"picked":"Loop","floor":2},{"not_picked":["Conserve Battery","Scrape","Redo"],"picked":"SKIP","floor":3},{"not_picked":["Redo","Doom and Gloom","Ball Lightning"],"picked":"SKIP","floor":4},{"not_picked":["Sweeping Beam","Redo","Leap"],"picked":"SKIP","floor":5},{"not_picked":["Leap","Self Repair"],"picked":"Blind","floor":8},{"not_picked":["Hello World","Coolheaded","Compile Driver"],"picked":"SKIP","floor":11},{"not_picked":["Multi-Cast","Panache"],"picked":"Sadistic Nature","floor":16},{"not_picked":["Go for the Eyes","Steam","Swift Strike"],"picked":"SKIP","floor":18},{"not_picked":["Hologram","Cold Snap","Go for the Eyes"],"picked":"SKIP","floor":20},{"not_picked":["Static Discharge+1","Turbo+1","Blizzard"],"picked":"SKIP","floor":21},{"not_picked":["Conserve Battery","Reprogram"],"picked":"BootSequence+1","floor":22},{"not_picked":["Lockon","Bandage Up"],"picked":"Tempest+1","floor":23},{"not_picked":["Forethought+1","Aggregate+1","Turbo"],"picked":"SKIP","floor":24},{"not_picked":["Sweeping Beam+1","Deep Breath","Rebound"],"picked":"SKIP","floor":27},{"not_picked":["Cold Snap+1","Go for the Eyes+1","Rebound+1"],"picked":"SKIP","floor":31},{"not_picked":["Deep Breath","Forethought+1"],"picked":"Defragment+1","floor":32},{"not_picked":["Turbo"],"picked":"SKIP","floor":35},{"not_picked":["Coolheaded+1"],"picked":"SKIP","floor":36},{"not_picked":["Chaos+1"],"picked":"SKIP","floor":38},{"not_picked":["Dark Shackles+1"],"picked":"SKIP","floor":41},{"not_picked":["Hologram"],"picked":"SKIP","floor":44},{"not_picked":["Discovery+1"],"picked":"SKIP","floor":46},{"not_picked":["Consume"],"picked":"SKIP","floor":48}],"player_experience":3383482,"relics_obtained":[{"floor":8,"key":"Bottled Flame"},{"floor":9,"key":"Mercury Hourglass"},{"floor":11,"key":"Dream Catcher"},{"floor":23,"key":"Gremlin Horn"},{"floor":24,"key":"Centennial Puzzle"},{"floor":26,"key":"Bag of Preparation"},{"floor":43,"key":"Ice Cream"},{"floor":46,"key":"Bottled Tornado"},{"floor":48,"key":"Mango"}],"event_choices":[{"damage_healed":0,"gold_gain":0,"player_choice":"Entered Light","damage_taken":15,"max_hp_gain":0,"max_hp_loss":0,"event_name":"Shining Light","floor":13,"gold_loss":0,"cards_upgraded":["Tempest","Conserve Battery"]},{"damage_healed":0,"gold_gain":0,"player_choice":"Donut","damage_taken":0,"max_hp_gain":5,"max_hp_loss":0,"event_name":"Big Fish","floor":14,"gold_loss":0},{"damage_healed":0,"gold_gain":0,"player_choice":"Max HP","damage_taken":0,"max_hp_gain":0,"max_hp_loss":4,"event_name":"Winding Halls","floor":39,"gold_loss":0}],"is_beta":false,"boss_relics":[{"not_picked":["Empty Cage","Runic Dome"],"picked":"Nuclear Battery"},{"not_picked":["SlaversCollar","Astrolabe"],"picked":"Busted Crown"}],"items_purged_floors":[12],"is_endless":false,"potions_floor_spawned":[1,4,5,20,21,31,38,44,48],"ascension_level":0}}