{"host":"j5shy70asow5koz5","time":1612437051,"event":{"mods":["2.2 Compatiblity","Arknights","BaseMod","Colored Map","Marisa£¨Ùöéë¡¡Øª×âÞÞ£©","Minty Spire (QoL Compilation)","Prisma Mod","StSLib","SuperFastMode","Td1madao Mod","The Disciple","The Gatherer","The Servant 0.9.4","Waifu the Spire"],"gold_per_floor":[112,112,112,37,51,94,94,94,94,113,151,51,51,71,71,202,202,227,20,20,20,44,44,44,87,87,106,106,137,137,153,153,284,584,604,620,93,117,0,0,15,55,55,79,79,103,139,157,157,157],"floor_reached":51,"language":"KOR","playtime":1072,"items_purged":["Strike_MRS","Strike_MRS","Defend_MRS"],"score":903,"play_id":"87e4349a-84aa-4c6f-b0fe-fc0fee73b278","local_time":"20210204201051","is_ascension_mode":false,"campfire_choices":[{"data":"UnstableBomb","floor":7.0,"key":"SMITH"},{"data":"MasterSpark","floor":13.0,"key":"SMITH"},{"data":"AsteroidBelt","floor":15.0,"key":"SMITH"},{"data":"PowerUp","floor":23.0,"key":"SMITH"},{"data":"UpSweep","floor":28.0,"key":"SMITH"},{"data":"6A","floor":30,"key":"SMITH"},{"floor":32,"key":"REST"},{"data":"Defend_MRS","floor":40,"key":"SMITH"},{"floor":49,"key":"REST"}],"circlet_count":0,"master_deck":["Defend_MRS","Defend_MRS+1","Defend_MRS+1","MasterSpark+1","UpSweep+1","PowerUp+1","UnstableBomb+1","PowerUp+1","6A+1","AsteroidBelt+1","CurseOfTheBell","MagicAbsorber+1","AsteroidBelt+1","PowerUp","UnstableBomb","MachineGunSpark+1"],"relics":["MiniHakkero","Golden Idol","Incense Burner","Ancient Tea Set","Letter Opener","MagicBroom","SacredBark","Vajra","Calipers","Ginger","Shuriken","Calling Bell","Regal Pillow","Kunai","Old Coin","Lee\u0027s Waffle","Pen Nib","War Paint","Red Mask","Gambling Chip","HandmadeGrimoire","Bird Faced Urn"],"acts_visited":["Exordium","TheCity","TheBeyond"],"potions_floor_usage":[29,41,41,41,46,46],"damage_taken":[{"damage":6.0,"enemies":"Jaw Worm","floor":1.0,"turns":3.0},{"damage":0.0,"enemies":"2 Louse","floor":5.0,"turns":2.0},{"damage":10.0,"enemies":"Gremlin Nob","floor":6.0,"turns":3.0},{"damage":0.0,"enemies":"Small Slimes","floor":10.0,"turns":2.0},{"damage":13.0,"enemies":"3 Sentries","floor":11.0,"turns":6.0},{"damage":1.0,"enemies":"Gremlin Gang","floor":14.0,"turns":3.0},{"damage":8.0,"enemies":"The Guardian","floor":16.0,"turns":7.0},{"damage":0.0,"enemies":"2 Thieves","floor":18.0,"turns":2.0},{"damage":0.0,"enemies":"Spheric Guardian","floor":22.0,"turns":3.0},{"damage":23.0,"enemies":"Slavers","floor":25.0,"turns":4.0},{"damage":0.0,"enemies":"Snake Plant","floor":27.0,"turns":1.0},{"damage":2,"enemies":"Book of Stabbing","floor":29,"turns":4},{"damage":0,"enemies":"Centurion and Healer","floor":31,"turns":4},{"damage":0,"enemies":"Collector","floor":33,"turns":10},{"damage":32,"enemies":"3 Darklings","floor":35,"turns":6},{"damage":0,"enemies":"Orb Walker","floor":36,"turns":4},{"damage":0,"enemies":"3 Darklings","floor":41,"turns":1},{"damage":36,"enemies":"Giant Head","floor":42,"turns":8},{"damage":0,"enemies":"Maw","floor":44,"turns":4},{"damage":16,"enemies":"4 Shapes","floor":46,"turns":1},{"damage":21,"enemies":"Nemesis","floor":47,"turns":5},{"damage":0,"enemies":"3 Darklings","floor":48,"turns":4},{"damage":9,"enemies":"Time Eater","floor":50,"turns":5}],"seed_played":"-4796290955673676049","potions_obtained":[{"floor":1.0,"key":"ShroomBrew"},{"floor":10.0,"key":"BottledSpark"},{"floor":11.0,"key":"SkillPotion"},{"floor":14.0,"key":"SteroidPotion"},{"floor":18.0,"key":"SteroidPotion"},{"floor":25.0,"key":"GamblersBrew"},{"floor":27.0,"key":"FearPotion"},{"floor":33,"key":"BlessingOfTheForge"},{"floor":35,"key":"GamblersBrew"},{"floor":36,"key":"BottledSpark"},{"floor":42,"key":"BottledSpark"},{"floor":44,"key":"LiquidMemories"}],"is_trial":false,"path_per_floor":["M","?","?","$","M","E","R","?","T","M","E","$","R","M","R","B",null,"M","$","?","?","M","R","?","E","T","M","R","E","R","M","R","B",null,"M","M","$","T","?","R","M","E","T","M","?","M","E","M","R","B",null],"character_chosen":"MARISA","items_purchased":["Vajra","FearPotion","Lee\u0027s Waffle","Pen Nib","AsteroidBelt","SteroidPotion"],"campfire_rested":2,"item_purchase_floors":[19,19,37,37,37,37],"current_hp_per_floor":[69,69,66,66,66,56,56,56,56,56,43,43,43,42,42,34,69,69,69,69,69,69,69,63,40,40,40,40,38,38,38,58,58,69,37,37,76,76,76,76,76,40,40,40,40,24,3,3,39,30],"gold":157,"neow_bonus":"REMOVE_CARD","is_daily":false,"chose_seed":false,"campfire_upgraded":7,"win_rate":0.0,"timestamp":1612437051,"path_taken":["M","?","?","$","M","E","R","?","T","?","E","$","R","M","R","BOSS","M","$","?","?","?","R","?","E","T","M","R","E","R","?","R","BOSS","M","?","$","?","?","R","M","E","T","M","?","M","E","M","R","BOSS"],"items_purchased_type":["Relic","Potion","Relic","Relic","Card","Potion"],"build_version":"2020-12-22","purchased_purges":3,"victory":true,"max_hp_per_floor":[75,69,69,69,69,69,69,69,69,69,69,69,69,69,69,69,69,69,69,69,69,69,69,69,69,69,69,69,69,69,69,69,69,69,69,69,76,76,76,76,76,76,76,76,72,72,72,72,72,72],"card_choices":[{"not_picked":["StarBarrage","MysteriousBeam"],"picked":"PowerUp","floor":1.0},{"not_picked":["PowerUp","MagicChant"],"picked":"UnstableBomb","floor":5.0},{"not_picked":["StarlightTyphoon","EscapeVelocity"],"picked":"PowerUp","floor":6.0},{"not_picked":["OneTimeOff","MysteriousBeam"],"picked":"6A","floor":10.0},{"not_picked":["GravityBeat","GalacticHalo","OneTimeOff"],"picked":"SKIP","floor":11.0},{"not_picked":["DeepEcoloBomb","LuminesStrike"],"picked":"AsteroidBelt","floor":14.0},{"not_picked":["EnergyRecoil","OrrerysSun","SporeBomb+1"],"picked":"SKIP","floor":18.0},{"not_picked":["GalacticHalo+1","PropBag","IllusionStar"],"picked":"SKIP","floor":22.0},{"not_picked":["DoubleSpark+1","ChargeUpSpray","MysteriousBeam"],"picked":"SKIP","floor":25.0},{"not_picked":["EnergyFlow","WitchLeyline","StarBarrage"],"picked":"SKIP","floor":27.0},{"not_picked":["ShootingEcho","WitchOfGreed","NonDirectionalLaser+1"],"picked":"SKIP","floor":29},{"not_picked":["CasketOfStar","ShootingEcho","MysteriousBeam+1"],"picked":"SKIP","floor":31},{"not_picked":["IllusionStar+1","DeepEcoloBomb+1"],"picked":"MagicAbsorber+1","floor":35},{"not_picked":["DoubleSpark+1","SuperPerseids","SatelliteIllusion"],"picked":"SKIP","floor":36},{"not_picked":["GalacticHalo+1","DoubleSpark+1"],"picked":"PowerUp","floor":41},{"not_picked":["LuminesStrike","DragonMeteor"],"picked":"UnstableBomb","floor":42},{"not_picked":["IllusionStar+1","ChargingUp+1","WitchLeyline"],"picked":"SKIP","floor":44},{"not_picked":["GravityBeat+1","IllusionStar"],"picked":"MachineGunSpark+1","floor":46},{"not_picked":["NonDirectionalLaser","6A","MachineGunSpark"],"picked":"SKIP","floor":47},{"not_picked":["LuminesStrike+1","MaximisePower","SporeBomb"],"picked":"SKIP","floor":48}],"player_experience":72199,"relics_obtained":[{"floor":6.0,"key":"Ancient Tea Set"},{"floor":9.0,"key":"Letter Opener"},{"floor":11.0,"key":"MagicBroom"},{"floor":25.0,"key":"Calipers"},{"floor":26.0,"key":"Ginger"},{"floor":29,"key":"Shuriken"},{"floor":34,"key":"Regal Pillow"},{"floor":34,"key":"Kunai"},{"floor":34,"key":"Old Coin"},{"floor":38,"key":"War Paint"},{"floor":42,"key":"Gambling Chip"},{"floor":43,"key":"HandmadeGrimoire"},{"floor":47,"key":"Bird Faced Urn"}],"event_choices":[{"damage_healed":0.0,"max_hp_gain":0.0,"max_hp_loss":6.0,"gold_gain":0.0,"event_name":"Golden Idol","player_choice":"Lose Max HP","floor":2.0,"gold_loss":0.0,"damage_taken":0.0,"relics_obtained":["Golden Idol"]},{"damage_healed":0.0,"max_hp_gain":0.0,"max_hp_loss":0.0,"gold_gain":0.0,"event_name":"Scrap Ooze","player_choice":"Success","floor":3.0,"gold_loss":0.0,"damage_taken":3.0,"relics_obtained":["Incense Burner"]},{"cards_removed":["Strike_MRS"],"damage_healed":0.0,"max_hp_gain":0.0,"max_hp_loss":0.0,"gold_gain":0.0,"event_name":"Bonfire Elementals","player_choice":"Offered Basic","floor":8.0,"gold_loss":0.0,"damage_taken":0.0},{"damage_healed":0.0,"max_hp_gain":0.0,"max_hp_loss":0.0,"gold_gain":0.0,"event_name":"Ghosts","player_choice":"Ignored","floor":20.0,"gold_loss":0.0,"damage_taken":0.0},{"damage_healed":0.0,"max_hp_gain":0.0,"max_hp_loss":0.0,"gold_gain":0.0,"event_name":"Accursed Blacksmith","player_choice":"Forge","floor":21.0,"gold_loss":0.0,"damage_taken":0.0,"cards_upgraded":["PowerUp"]},{"damage_healed":0.0,"max_hp_gain":0.0,"max_hp_loss":0.0,"gold_gain":0.0,"event_name":"Knowing Skull","player_choice":"","floor":24.0,"potions_obtained":[],"gold_loss":0.0,"damage_taken":6.0,"cards_obtained":[]},{"damage_healed":0,"gold_gain":0,"player_choice":"Paid","damage_taken":0,"relics_obtained":["Red Mask"],"max_hp_gain":0,"max_hp_loss":0,"event_name":"Tomb of Lord Red Mask","floor":39,"gold_loss":117},{"damage_healed":0,"gold_gain":0,"player_choice":"Max HP","damage_taken":0,"max_hp_gain":0,"max_hp_loss":4,"event_name":"Winding Halls","floor":45,"gold_loss":0}],"is_beta":false,"boss_relics":[{"not_picked":["Ectoplasm","Astrolabe"],"picked":"SacredBark"},{"not_picked":["Empty Cage","Sozu"],"picked":"Calling Bell"}],"items_purged_floors":[4,12,37],"is_endless":false,"potions_floor_spawned":[1,10,11,14,18,25,27,33,35,36,42,44],"ascension_level":0}}