{"host":"1c52r9kaxdyo25eq","time":1612444371,"event":{"mods":["AchievementEnabler","BaseMod","DeckTracker","Minty Spire (QoL Compilation)","Rare Cards Sparkle","SuperFastMode","everything is the same but u backflip on backflip"],"gold_per_floor":[114,114,124,140,28,28,41,41,41,73,90,101,101,101,101,174,174,146,71,71,121,137,172,172,192,217,217,266,276,309,324,324,403,403,415,440,305,305,305,331,331,358,358,15,35,35,48,48,48,48,48],"floor_reached":50,"language":"KOR","playtime":1360,"items_purged":["Defend_G","Defend_G"],"score":1176,"play_id":"e52a8478-9662-4c9d-a568-6d4faaef557d","local_time":"20210204221251","is_ascension_mode":true,"campfire_choices":[{"data":"Finisher","floor":6.0,"key":"SMITH"},{"data":"Calculated Gamble","floor":13.0,"key":"SMITH"},{"data":"Noxious Fumes","floor":15.0,"key":"SMITH"},{"data":"Neutralize","floor":24.0,"key":"SMITH"},{"data":"PiercingWail","floor":27.0,"key":"SMITH"},{"floor":32.0,"key":"REST"},{"floor":41.0,"key":"REST"},{"floor":46,"key":"RECALL"},{"data":"Well Laid Plans","floor":49,"key":"SMITH"}],"circlet_count":0,"master_deck":["AscendersBane","Defend_G","Defend_G","Survivor","Neutralize+1","Finisher+1","Backstab","Noxious Fumes+1","Calculated Gamble+1","Deadly Poison","Tactician","PiercingWail+1","Grand Finale","Dodge and Roll+1","Grand Finale+1","Reflex","After Image","Backflip","Finesse","Accuracy","Well Laid Plans+1"],"relics":["Ring of the Snake","Bottled Flame","Ninja Scroll","Oddly Smooth Stone","FossilizedHelix","Astrolabe","The Courier","Smiling Mask","Juzu Bracelet","InkBottle","Philosopher\u0027s Stone","CaptainsWheel","Happy Flower","StrikeDummy","Bottled Lightning","Pocketwatch"],"acts_visited":["Exordium","TheCity","TheBeyond"],"potions_floor_usage":[50],"damage_taken":[{"damage":3.0,"enemies":"Cultist","floor":1.0,"turns":4.0},{"damage":3.0,"enemies":"2 Louse","floor":3.0,"turns":2.0},{"damage":0.0,"enemies":"Small Slimes","floor":4.0,"turns":2.0},{"damage":0.0,"enemies":"Looter","floor":7.0,"turns":1.0},{"damage":0.0,"enemies":"Lagavulin","floor":10.0,"turns":1.0},{"damage":0.0,"enemies":"Blue Slaver","floor":11.0,"turns":1.0},{"damage":6.0,"enemies":"3 Louse","floor":12.0,"turns":2.0},{"damage":22.0,"enemies":"The Guardian","floor":16.0,"turns":8.0},{"damage":3.0,"enemies":"2 Thieves","floor":18.0,"turns":4.0},{"damage":0.0,"enemies":"Spheric Guardian","floor":22.0,"turns":1.0},{"damage":10.0,"enemies":"Slavers","floor":23.0,"turns":6.0},{"damage":0.0,"enemies":"Chosen and Byrds","floor":25.0,"turns":5.0},{"damage":0.0,"enemies":"Centurion and Healer","floor":29.0,"turns":5.0},{"damage":16.0,"enemies":"Gremlin Leader","floor":30.0,"turns":4.0},{"damage":5.0,"enemies":"3 Cultists","floor":31.0,"turns":5.0},{"damage":1.0,"enemies":"Collector","floor":33.0,"turns":6.0},{"damage":0.0,"enemies":"3 Darklings","floor":35.0,"turns":5.0},{"damage":2.0,"enemies":"Mind Bloom Boss Battle","floor":36.0,"turns":8.0},{"damage":32.0,"enemies":"Giant Head","floor":40.0,"turns":9.0},{"damage":0.0,"enemies":"Nemesis","floor":42.0,"turns":5.0},{"damage":0,"enemies":"3 Shapes","floor":45,"turns":2},{"damage":0,"enemies":"Maw","floor":47,"turns":9},{"damage":0,"enemies":"Time Eater","floor":50,"turns":5}],"seed_played":"-3534750751746683068","potions_obtained":[{"floor":1.0,"key":"FearPotion"},{"floor":3.0,"key":"PowerPotion"},{"floor":12.0,"key":"SkillPotion"},{"floor":18.0,"key":"DistilledChaos"},{"floor":23.0,"key":"GamblersBrew"},{"floor":25.0,"key":"Energy Potion"},{"floor":30.0,"key":"SmokeBomb"},{"floor":33.0,"key":"DuplicationPotion"},{"floor":40.0,"key":"SkillPotion"},{"floor":45,"key":"Weak Potion"}],"is_trial":false,"path_per_floor":["M","T","M","M","$","R","M","?","T","E","M","M","R","?","R","B",null,"M","?","$","?","M","E","R","M","T","R","T","M","E","M","R","B",null,"M","?","$","?","?","E","R","E","T","$","M","R","M","?","R","B"],"character_chosen":"THE_SILENT","items_purchased":["Noxious Fumes","Finesse","Accuracy","Well Laid Plans","Bottled Lightning"],"campfire_rested":2,"item_purchase_floors":[5,37,44,44,44],"current_hp_per_floor":[56,56,53,53,53,53,53,53,53,53,53,47,47,36,36,14,49,46,46,46,46,46,36,36,36,36,36,36,36,20,15,33,32,53,53,51,51,51,51,19,37,37,37,37,37,37,37,37,37,37,37],"gold":48,"neow_bonus":"REMOVE_TWO","is_daily":false,"chose_seed":false,"campfire_upgraded":6,"win_rate":0.0,"timestamp":1612444371,"path_taken":["M","?","?","?","$","R","M","?","T","E","?","M","R","?","R","BOSS","M","?","$","?","M","E","R","M","T","R","?","M","E","M","R","BOSS","M","?","$","?","?","E","R","E","T","$","M","R","M","?","R","BOSS"],"items_purchased_type":["Card","Card","Card","Card","Relic"],"build_version":"2020-12-22","purchased_purges":2,"victory":false,"max_hp_per_floor":[60,60,60,60,60,60,60,60,60,60,60,60,60,60,60,60,60,60,60,60,60,60,60,60,60,60,60,60,60,60,60,60,60,60,60,60,60,60,60,60,60,60,60,60,60,60,60,60,60,60,60],"card_choices":[{"not_picked":["Prepared","Deflect"],"picked":"Finisher","floor":1.0},{"not_picked":["Dodge and Roll","Predator"],"picked":"Backstab","floor":3.0},{"not_picked":["Cloak And Dagger","Prepared"],"picked":"Quick Slash","floor":4.0},{"not_picked":["Distraction","Finisher"],"picked":"Calculated Gamble","floor":7.0},{"not_picked":["Dagger Spray","Slice"],"picked":"Deadly Poison","floor":10.0},{"not_picked":["Flying Knee","Leg Sweep"],"picked":"Tactician","floor":11.0},{"not_picked":["Bouncing Flask","Crippling Poison"],"picked":"PiercingWail","floor":12.0},{"not_picked":["Doppelganger","Venomology"],"picked":"Grand Finale","floor":16.0},{"not_picked":["Setup","Dagger Throw","Dash"],"picked":"SKIP","floor":18.0},{"not_picked":["Cloak And Dagger","Poisoned Stab","Deflect"],"picked":"SKIP","floor":22.0},{"not_picked":["Deadly Poison","PiercingWail","Catalyst"],"picked":"SKIP","floor":23.0},{"not_picked":["Dodge and Roll+1","Heel Hook","Caltrops"],"picked":"SKIP","floor":25.0},{"not_picked":["Flying Knee","Cloak And Dagger"],"picked":"Reflex","floor":29.0},{"not_picked":["Wraith Form v2","Dagger Throw+1","Underhanded Strike"],"picked":"SKIP","floor":30.0},{"not_picked":["Dodge and Roll+1","Dagger Spray","Concentrate"],"picked":"SKIP","floor":31.0},{"not_picked":["Die Die Die","Storm of Steel"],"picked":"After Image","floor":33.0},{"not_picked":["Predator","Masterful Stab"],"picked":"Backflip","floor":35.0},{"not_picked":["Skewer","Blade Dance","Endless Agony"],"picked":"SKIP","floor":40.0},{"not_picked":["Dagger Spray+1","Escape Plan","Sucker Punch"],"picked":"SKIP","floor":42},{"not_picked":["Leg Sweep","Dagger Spray","Backflip"],"picked":"SKIP","floor":45},{"not_picked":["Sucker Punch","Masterful Stab","Backstab"],"picked":"SKIP","floor":47}],"player_experience":641466,"relics_obtained":[{"floor":2.0,"key":"Bottled Flame"},{"floor":9.0,"key":"Ninja Scroll"},{"floor":10.0,"key":"Oddly Smooth Stone"},{"floor":23.0,"key":"The Courier"},{"floor":26.0,"key":"Smiling Mask"},{"floor":28.0,"key":"Juzu Bracelet"},{"floor":30.0,"key":"InkBottle"},{"floor":36.0,"key":"CaptainsWheel"},{"floor":40.0,"key":"Happy Flower"},{"floor":42,"key":"StrikeDummy"}],"event_choices":[{"cards_removed":["Strike_G"],"damage_healed":0.0,"max_hp_gain":0.0,"max_hp_loss":0.0,"gold_gain":0.0,"event_name":"Purifier","player_choice":"Purged","floor":8.0,"gold_loss":0.0,"damage_taken":0.0},{"damage_healed":0.0,"max_hp_gain":0.0,"max_hp_loss":0.0,"gold_gain":0.0,"event_name":"Scrap Ooze","player_choice":"Success","floor":14.0,"gold_loss":0.0,"damage_taken":11.0,"relics_obtained":["FossilizedHelix"]},{"cards_removed":["All Out Attack"],"damage_healed":0.0,"max_hp_gain":0.0,"max_hp_loss":0.0,"gold_gain":0.0,"event_name":"Beggar","player_choice":"Gave Gold","floor":19.0,"gold_loss":75.0,"damage_taken":0.0},{"damage_healed":0.0,"max_hp_gain":0.0,"max_hp_loss":0.0,"gold_gain":50.0,"event_name":"Nest","player_choice":"Stole From Cult","floor":21.0,"gold_loss":0.0,"damage_taken":0.0},{"damage_healed":0.0,"max_hp_gain":0.0,"max_hp_loss":0.0,"gold_gain":0.0,"event_name":"MindBloom","player_choice":"Fight","floor":36.0,"gold_loss":0.0,"damage_taken":0.0},{"cards_removed":["Quick Slash"],"damage_healed":0.0,"max_hp_gain":0.0,"max_hp_loss":0.0,"gold_gain":0.0,"event_name":"Falling","player_choice":"Removed Attack","floor":38.0,"gold_loss":0.0,"damage_taken":0.0},{"damage_healed":0.0,"max_hp_gain":0.0,"max_hp_loss":0.0,"gold_gain":0.0,"event_name":"Tomb of Lord Red Mask","player_choice":"Ignored","floor":39.0,"gold_loss":0.0,"damage_taken":0.0},{"damage_healed":0,"gold_gain":0,"player_choice":"Gave Potion","damage_taken":0,"relics_obtained":["Pocketwatch"],"max_hp_gain":0,"max_hp_loss":0,"event_name":"WeMeetAgain","floor":48,"gold_loss":0}],"is_beta":false,"boss_relics":[{"not_picked":["Coffee Dripper","Black Star"],"picked":"Astrolabe"},{"not_picked":["Cursed Key","SacredBark"],"picked":"Philosopher\u0027s Stone"}],"items_purged_floors":[5,37],"is_endless":false,"potions_floor_spawned":[1,3,12,18,23,25,30,33,35,40,45],"killed_by":"Time Eater","ascension_level":20}}