{"host":"5mo0809oo9tcrmpl","time":1612407767,"event":{"mods":["BaseMod","Highlight Path","Minty Spire (QoL Compilation)","Relic Stats","Slay the Relics Exporter"],"gold_per_floor":[110,4,24,24,36,61,61,61,61,211,246,246,8,46,46,133,133,155,180,208,227,227,227,227],"floor_reached":23,"language":"ENG","playtime":743,"items_purged":["Doubt"],"score":418,"play_id":"e4b3195b-02ff-471a-b189-dbef4fef97c4","local_time":"20210203210247","is_ascension_mode":true,"campfire_choices":[{"data":"Uppercut","floor":7,"key":"SMITH"},{"floor":15,"key":"REST"}],"circlet_count":0,"master_deck":["AscendersBane","Strike_R","Strike_R","Strike_R","Strike_R","Strike_R+1","Defend_R","Defend_R","Defend_R","Defend_R","Bash","Headbutt","Shrug It Off+1","Pommel Strike+1","Uppercut+1","Bloodletting+1","Demon Form","Demon Form","Heavy Blade","True Grit+1","Havoc+1"],"relics":["Burning Blood","NeowsBlessing","Toxic Egg 2","Mango","Bottled Flame","Magic Flower","CeramicFish","Ornamental Fan","Snecko Eye"],"acts_visited":["Exordium","TheCity"],"potions_floor_usage":[6,6,21,23,23],"damage_taken":[{"damage":0,"enemies":"2 Louse","floor":1,"turns":1},{"damage":0,"enemies":"Cultist","floor":3,"turns":1},{"damage":0,"enemies":"Jaw Worm","floor":5,"turns":1},{"damage":22,"enemies":"Lagavulin","floor":6,"turns":7},{"damage":24,"enemies":"Gremlin Nob","floor":11,"turns":4},{"damage":19,"enemies":"Lagavulin","floor":14,"turns":5},{"damage":37,"enemies":"The Guardian","floor":16,"turns":10},{"damage":3,"enemies":"Spheric Guardian","floor":18,"turns":3},{"damage":14,"enemies":"3 Byrds","floor":19,"turns":5},{"damage":40,"enemies":"Cultist and Chosen","floor":20,"turns":5},{"damage":27,"enemies":"Shelled Parasite and Fungi","floor":21,"turns":6},{"damage":24,"enemies":"Slavers","floor":23,"turns":1}],"seed_played":"-4714045920356964030","potions_obtained":[{"floor":1,"key":"SkillPotion"},{"floor":3,"key":"AttackPotion"},{"floor":11,"key":"Explosive Potion"},{"floor":18,"key":"Ancient Potion"},{"floor":21,"key":"Explosive Potion"}],"is_trial":false,"path_per_floor":["M","?","M","$","M","E","R","?","T","?","E","?","$","E","R","B",null,"M","M","M","M","?","E"],"character_chosen":"IRONCLAD","items_purchased":["CeramicFish"],"campfire_rested":1,"item_purchase_floors":[13],"current_hp_per_floor":[74,74,75,75,75,73,73,73,73,73,55,28,28,18,44,16,71,77,72,41,23,23,0,0],"gold":227,"neow_bonus":"THREE_ENEMY_KILL","is_daily":false,"chose_seed":false,"campfire_upgraded":1,"win_rate":0.0,"timestamp":1612407767,"path_taken":["M","?","M","$","?","E","R","?","T","?","E","?","$","E","R","BOSS","M","M","M","M","?","E"],"items_purchased_type":["Relic"],"build_version":"2020-12-22","purchased_purges":1,"victory":false,"max_hp_per_floor":[75,75,75,75,75,89,89,89,89,89,89,89,89,89,89,89,89,89,89,89,89,89,89,89],"relic_stats":{"counters":[12,49],"Ornamental Fan":[36],"CeramicFish":45,"Magic Flower":[18],"Snecko Eye":[36,44,36,31],"obtain_stats":[{"Bottled Flame":9,"NeowsBlessing":0,"Ornamental Fan":14,"CeramicFish":13,"Magic Flower":11,"Snecko Eye":17,"Mango":6,"Toxic Egg 2":2,"Burning Blood":0},{"Bottled Flame":4,"NeowsBlessing":0,"Ornamental Fan":6,"CeramicFish":5,"Magic Flower":5,"Snecko Eye":7,"Mango":4,"Toxic Egg 2":1,"Burning Blood":0},{"Bottled Flame":10,"NeowsBlessing":0,"Ornamental Fan":19,"CeramicFish":14,"Magic Flower":14,"Snecko Eye":29,"Mango":10,"Toxic Egg 2":1,"Burning Blood":0}],"Burning Blood":73},"card_choices":[{"not_picked":["Warcry","Burning Pact"],"picked":"Headbutt","floor":1},{"not_picked":["Iron Wave","Dark Embrace"],"picked":"Shrug It Off+1","floor":3},{"not_picked":["Blood for Blood","Cleave"],"picked":"Pommel Strike","floor":5},{"not_picked":["Warcry+1","Feel No Pain"],"picked":"Uppercut","floor":6},{"not_picked":["Warcry+1","Headbutt"],"picked":"Bloodletting+1","floor":11},{"not_picked":["Barricade","Headbutt"],"picked":"Demon Form","floor":14},{"not_picked":["Impervious+1","Juggernaut"],"picked":"Demon Form","floor":16},{"not_picked":["Dual Wield+1","Clash+1"],"picked":"Heavy Blade","floor":18},{"not_picked":["Warcry+1","Thunderclap"],"picked":"True Grit+1","floor":19},{"not_picked":["Second Wind+1","Wild Strike"],"picked":"Havoc+1","floor":20},{"not_picked":["Rampage","Seeing Red+1","Perfected Strike"],"picked":"SKIP","floor":21}],"player_experience":1237215,"relics_obtained":[{"floor":6,"key":"Mango"},{"floor":9,"key":"Bottled Flame"},{"floor":11,"key":"Magic Flower"},{"floor":14,"key":"Ornamental Fan"}],"event_choices":[{"damage_healed":0,"gold_gain":0,"player_choice":"Paid Gold","damage_taken":0,"relics_obtained":["Toxic Egg 2"],"max_hp_gain":0,"max_hp_loss":0,"event_name":"WeMeetAgain","floor":2,"gold_loss":106},{"damage_healed":0,"gold_gain":0,"player_choice":"Leave","damage_taken":0,"max_hp_gain":0,"max_hp_loss":0,"event_name":"The Cleric","floor":8,"gold_loss":0},{"damage_healed":0,"gold_gain":150,"player_choice":"AGREE","damage_taken":0,"max_hp_gain":0,"max_hp_loss":0,"event_name":"Liars Game","floor":10,"gold_loss":0,"cards_obtained":["Doubt"]},{"damage_healed":0,"gold_gain":0,"player_choice":"Entered Light","damage_taken":27,"max_hp_gain":0,"max_hp_loss":0,"event_name":"Shining Light","floor":12,"gold_loss":0,"cards_upgraded":["Pommel Strike","Strike_R"]},{"damage_healed":0,"gold_gain":0,"player_choice":"Ignored","damage_taken":0,"max_hp_gain":0,"max_hp_loss":0,"event_name":"Ghosts","floor":22,"gold_loss":0}],"is_beta":false,"boss_relics":[{"not_picked":["Coffee Dripper","Black Star"],"picked":"Snecko Eye"}],"items_purged_floors":[13],"is_endless":false,"potions_floor_spawned":[1,3,11,18,21],"killed_by":"Slavers","ascension_level":20}}