{"host":"97uhrltlnmtdj0hv","time":1612405807,"event":{"mods":["2.2 Compatiblity","AchievementEnabler","Act Like it!","Aspiration","Bartender","BaseMod","Better Match","Better Note","Better Skull","Better Third Choice","BetterRewards","ChefMod","Colored Map","Colored Powertips","Conspire","Downfall","Elementarium","Energized Spire","Friendly Minions","Gensokyo","GifTheSpireLib","Gold Saver","Halation","Hallownest","Hermit","Hubris","Infinite Spire","Jorbs\u0027s Wanderer Trilogy","Koishi","Luminous","Marisa????????","Minty Spire (QoL Compilation)","Pale of the Ancients","Permanent Neow","Potionbrewer","Quick Restart","Rare Cards Sparkle","Reliquary","Replay The Spire","Reworked Bosses","Robot Space Explorer","Shade Mod","Somnambulant","Spicy Shops","Spikes Relics","StSLib","Stuff the Spire","SuperFastMode","The Blackbeard","The Bug Knight","The Cursed","The Dragon Tamer","The Druid","The Marked","The Necromancer","The Problem Sleuth","The Senshi","The Servant 0.9.4","The Vixen","TheVacant","Trackpad","Treasure Hunter","Wandering Minibosses","everything is the same but u backflip on backflip"],"gold_per_floor":[447,447,24,24,124,150,227,262,282,293,293,303,7,22,37,140,140,140,130,145,62,62,62,143,169,181,194,194,206,206,216,231,231,231],"floor_reached":33,"language":"ENG","playtime":1879,"items_purged":["Clumsy"],"score":302,"play_id":"2e5e7048-adbd-4941-ade1-880f19e86172","local_time":"20210203193007","is_ascension_mode":false,"campfire_choices":[{"data":"Shade:AnimateDead","floor":1,"key":"SMITH"},{"data":"Shade:OfferingToTheBeyond","floor":18,"key":"SMITH"},{"data":"Shade:AuraOfUnlife","floor":23,"key":"SMITH"},{"floor":30,"key":"REST"}],"circlet_count":0,"master_deck":["Shade:Strike_Shade","Shade:Strike_Shade","Shade:Strike_Shade","Shade:Strike_Shade","Shade:Defend_Shade","Shade:Defend_Shade","Shade:Defend_Shade","Shade:Defend_Shade","Shade:AnimateDead+1","Shade:CarefulCut","Shade:PressTheAttack","Shade:Premonition","Shade:Awaken","TH:Mimic","Shade:CommandSoldier","TH:TreasureMap","TH:CursedSword+1","Shade:Bonestorm","Shade:GreyBargain","Shade:GraveStillness","Shade:FingerOfDeath","Shade:AncientSpear","Shade:AuraOfUnlife","Shade:CommandSoldier","Shade:Bite_Shade","Shade:Carnophage","TH:DeckOfManyThings","Shade:OfferingToTheBeyond+1","stsjorbsmod:DemonicCoup","stsjorbsmod:Sacrifice","Elementarium:GildedEssence","Shade:Carnophage","Shade:FleshToFlesh+1","Shade:Bite_Shade+1","Shade:Bite_Shade","Shade:AuraOfUnlife+1","TH:ArmorSpikes","Shade:GoDigging+1","Elementarium:StickyTar","Shade:FreshBones","Shade:Putrefaction","Shade:DangerousRitual+1","Shade:CallWraith+1"],"relics":["Shade:YorickSkull","downfall:HeartsMalice","aspiration:SeaSaltIceCream","aspiration:Nostalgia","stsjorbsmod:BookOfTrialsRelic","SlaversCollar","infinitespire:PuzzleCube","infinitespire:EmpoweringShard","SnailShell","Blue Doll","CosmicIsotope","hubris:Reverence","reliquary:Aerogel","wanderingMiniBosses:Inkheart"],"acts_visited":["Exordium","Exordium"],"potions_floor_usage":[21,29,31,31,33],"damage_taken":[{"damage":0,"enemies":"2 Louse","floor":2,"turns":1},{"damage":0,"enemies":"downfall:FleeingMerchant","floor":3,"turns":1},{"damage":0,"enemies":"Small Slimes","floor":4,"turns":1},{"damage":15,"enemies":"Lagavulin","floor":6,"turns":7},{"damage":2,"enemies":"3 Sentries","floor":8,"turns":6},{"damage":1,"enemies":"Cultist","floor":9,"turns":6},{"damage":0,"enemies":"Large Slime","floor":10,"turns":4},{"damage":3,"enemies":"3 Louse","floor":12,"turns":2},{"damage":0,"enemies":"downfall:FleeingMerchant","floor":13,"turns":4},{"damage":2,"enemies":"Exordium Wildlife","floor":14,"turns":3},{"damage":4,"enemies":"Blue Slaver","floor":15,"turns":3},{"damage":10,"enemies":"SI_SHIV_ARCHETYPE","floor":16,"turns":9},{"damage":1,"enemies":"Elementarium:2_ELEMENTALS","floor":20,"turns":5},{"damage":1,"enemies":"downfall:FleeingMerchant","floor":21,"turns":4},{"damage":15,"enemies":"Nightmare","floor":25,"turns":6},{"damage":20,"enemies":"Elementarium:MUD_AND_TAR_GOLEMS","floor":26,"turns":7},{"damage":1,"enemies":"Elementarium:VoidBeast","floor":27,"turns":7},{"damage":21,"enemies":"Elementarium:VOID_CORRUPTION_AND_ORB_OF_FIRE","floor":29,"turns":7},{"damage":8,"enemies":"Elementarium:Hydrostalker","floor":31,"turns":9},{"damage":29,"enemies":"Elementarium:3_ELEMENTALS","floor":32,"turns":6},{"damage":52,"enemies":"DF_ARCHETYPE_CLAW","floor":33,"turns":5}],"seed_played":"-6476743353909654318","potions_obtained":[{"floor":6,"key":"Regen Potion"},{"floor":8,"key":"potionbrewer:CleansingPotion"},{"floor":9,"key":"Swift Potion"},{"floor":15,"key":"hexamod:SoulburnPotion"},{"floor":26,"key":"potionbrewer:BlacksmithPotion"},{"floor":27,"key":"BlessingOfTheForge"},{"floor":32,"key":"hexamod:SoulburnPotion"}],"is_trial":false,"path_per_floor":["R","M","$","M","?","E","T","E","M","M","?","M","$","M","M","B",null,"R","?","M","$","?","R","T","NM","M","M","?","M","R","M","M","B"],"character_chosen":"SHADE","items_purchased":["aspiration:SeaSaltIceCream","aspiration:Nostalgia","Blue Doll","Shade:AuraOfUnlife","Shade:CommandSoldier","Shade:Bite_Shade","Shade:AuraOfUnlife"],"campfire_rested":1,"item_purchase_floors":[3,3,13,13,13,21,21],"current_hp_per_floor":[65,65,65,65,65,50,50,48,47,47,54,51,51,49,45,39,65,65,65,64,64,64,64,64,50,36,41,41,24,43,58,34,0,0],"gold":231,"neow_bonus":"THREE_ENEMY_KILL","is_daily":false,"chose_seed":false,"campfire_upgraded":3,"win_rate":0.0,"timestamp":1612405807,"path_taken":["R","M","$","M","?","E","T","E","M","M","?","M","$","?","M","BOSS","R","?","M","$","?","R","T","NM","M","M","?","M","R","?","M","BOSS"],"items_purchased_type":["Relic","Relic","Relic","Card","Card","Card","Card"],"build_version":"2020-12-22","purchased_purges":1,"victory":false,"max_hp_per_floor":[65,65,65,65,65,65,65,65,65,65,65,65,65,65,65,65,65,65,65,65,65,65,65,65,65,65,65,65,65,65,65,65,65,65],"card_choices":[{"not_picked":["Shade:GreyBargain","Shade:SkeletonHug"],"picked":"Shade:PressTheAttack","floor":2},{"not_picked":["Shade:PoundOfFlesh","Shade:WallOfFlesh"],"picked":"Shade:Premonition","floor":3},{"not_picked":["Shade:SkeletonHug","Shade:FuneraryArmor"],"picked":"Shade:Awaken","floor":4},{"not_picked":["TH:ElvenBoots"],"picked":"TH:Mimic","floor":6},{"not_picked":["Shade:FuneraryJewels","Shade:Excise"],"picked":"Shade:CommandSoldier","floor":6},{"not_picked":["TH:CursedSword"],"picked":"TH:TreasureMap","floor":7},{"not_picked":["TH:Mimic"],"picked":"TH:CursedSword","floor":8},{"not_picked":["Shade:TouchOfTheGrave","Shade:FleshLikeOak"],"picked":"Shade:Bonestorm","floor":8},{"not_picked":["Shade:OminousRitual","Shade:SkeletonHug"],"picked":"Shade:GreyBargain","floor":9},{"not_picked":["Shade:Awaken","Shade:Brains"],"picked":"Shade:GraveStillness","floor":10},{"not_picked":["Shade:GreyBargain","Shade:Trample"],"picked":"Shade:FingerOfDeath","floor":12},{"not_picked":["Shade:GreyBargain","Shade:GraveStillness"],"picked":"Shade:AncientSpear","floor":13},{"not_picked":["Shade:FleshToFlesh","Shade:Bonestorm"],"picked":"Shade:Bite_Shade","floor":14},{"not_picked":["Shade:Frenzy","Shade:CommandSoldier"],"picked":"Shade:Carnophage","floor":15},{"not_picked":["TH:CursedSword"],"picked":"TH:DeckOfManyThings","floor":16},{"not_picked":["Shade:LoseControl","Shade:Tombstone"],"picked":"Shade:OfferingToTheBeyond","floor":16},{"not_picked":["Shade:SkeletonArmy","Shade:StitchTogether"],"picked":"Shade:Carnophage","floor":20},{"not_picked":["Shade:CoffinDance","Shade:Asphyxiate"],"picked":"Shade:FleshToFlesh+1","floor":21},{"not_picked":["TH:ElvenBoots"],"picked":"TH:ArmorSpikes","floor":24},{"not_picked":["Shade:Frenzy","Shade:WallOfFlesh+1"],"picked":"Shade:GoDigging+1","floor":25},{"not_picked":["TH:DeckOfManyThings","TH:EnergyPotion"],"picked":"SKIP","floor":25},{"not_picked":["Shade:Premonition","Shade:FleshToFlesh+1"],"picked":"Shade:FreshBones","floor":26},{"not_picked":["Shade:BoneShards","Shade:Excise"],"picked":"Shade:Putrefaction","floor":27},{"not_picked":["Shade:WallOfFlesh","Shade:GreyBargain"],"picked":"Shade:DangerousRitual+1","floor":29},{"not_picked":["Shade:FeralStrike+1","Shade:SkeletonHug","Shade:FuneraryJewels"],"picked":"SKIP","floor":31},{"not_picked":["Shade:Premonition","Shade:SkeletonHug+1"],"picked":"Shade:CallWraith+1","floor":32}],"player_experience":438754,"relics_obtained":[{"floor":6,"key":"infinitespire:PuzzleCube"},{"floor":7,"key":"infinitespire:EmpoweringShard"},{"floor":8,"key":"SnailShell"},{"floor":24,"key":"hubris:Reverence"},{"floor":25,"key":"reliquary:Aerogel"},{"floor":29,"key":"wanderingMiniBosses:Inkheart"}],"event_choices":[{"damage_healed":0,"gold_gain":0,"player_choice":"Toss","damage_taken":0,"max_hp_gain":0,"max_hp_loss":0,"event_name":"Elementarium:OnrushingOffering","floor":19,"gold_loss":10,"cards_obtained":["Elementarium:GildedEssence"]},{"damage_healed":0,"gold_gain":0,"player_choice":"Pray","damage_taken":0,"max_hp_gain":0,"max_hp_loss":0,"event_name":"Elementarium:VoidShrine","floor":22,"gold_loss":0,"cards_upgraded":["TH:CursedSword"]},{"damage_healed":0,"gold_gain":0,"player_choice":"Leave","damage_taken":0,"max_hp_gain":0,"max_hp_loss":0,"event_name":"conspire:Investor","floor":28,"gold_loss":0}],"is_beta":false,"boss_relics":[{"not_picked":["hubris:RunicObelisk","Fusion Hammer"],"picked":"CosmicIsotope"}],"items_purged_floors":[3],"is_endless":true,"potions_floor_spawned":[6,8,9,15,20,26,27,32],"killed_by":"DF_ARCHETYPE_CLAW","ascension_level":0}}