{"host":"BaronFel","time":1612405143,"event":{"mods":["BaseMod","Filter the Spire","Highlight Path","Minty Spire (QoL Compilation)","Relic Stats","ojb\u0027s Info Mod"],"gold_per_floor":[11,11,35,35,35,35,59,59,108,124,167,167],"floor_reached":11,"language":"ENG","playtime":837,"items_purged":[],"score":146,"play_id":"30feee74-4b72-40e9-afd4-5ff0bd9262ab","local_time":"20210203201903","is_ascension_mode":true,"campfire_choices":[{"data":"Chrysalis","floor":6,"key":"SMITH"},{"floor":8,"key":"REST"}],"circlet_count":0,"master_deck":["AscendersBane","Strike_B","Strike_B+1","Strike_B","Strike_B","Defend_B","Defend_B","Defend_B","Defend_B","Zap","Dualcast","Chrysalis+1","Glacier+1","All For One","Go for the Eyes","Capacitor","Beam Cell"],"relics":["Cracked Core","Golden Idol","Art of War","Vajra"],"acts_visited":["Exordium"],"potions_floor_usage":[11],"damage_taken":[{"damage":12,"enemies":"Jaw Worm","floor":1,"turns":3},{"damage":0,"enemies":"2 Louse","floor":3,"turns":2},{"damage":7,"enemies":"Small Slimes","floor":7,"turns":3},{"damage":18,"enemies":"3 Louse","floor":10,"turns":5},{"damage":17,"enemies":"Gremlin Nob","floor":11,"turns":4}],"seed_played":"-4531799617202688729","potions_obtained":[{"floor":1,"key":"PowerPotion"},{"floor":7,"key":"Dexterity Potion"}],"is_trial":false,"path_per_floor":["M","?","M","?","?","R","M","R","T","M","E"],"character_chosen":"DEFECT","items_purchased":[],"campfire_rested":1,"item_purchase_floors":[],"current_hp_per_floor":[52,52,52,57,36,36,29,49,49,31,14,14],"gold":167,"neow_bonus":"RANDOM_COLORLESS_2","is_daily":false,"chose_seed":false,"campfire_upgraded":1,"win_rate":0.0,"timestamp":1612405143,"path_taken":["M","?","M","?","?","R","M","R","T","M","E"],"items_purchased_type":[],"build_version":"2020-12-18","purchased_purges":0,"victory":false,"max_hp_per_floor":[71,64,64,69,69,69,69,69,69,69,69,69],"relic_stats":{"counters":[5,17],"Golden Idol":22,"Art of War":[2],"obtain_stats":[{"Golden Idol":2,"Vajra":11,"Art of War":9,"Cracked Core":0},{"Golden Idol":1,"Vajra":5,"Art of War":3,"Cracked Core":0},{"Golden Idol":3,"Vajra":17,"Art of War":8,"Cracked Core":0}]},"card_choices":[{"not_picked":["Metamorphosis","Violence"],"picked":"Chrysalis","floor":0.0},{"not_picked":["Conserve Battery","Cold Snap"],"picked":"Glacier","floor":1},{"not_picked":["Turbo","Barrage"],"picked":"All For One","floor":3},{"not_picked":["Reprogram","Conserve Battery"],"picked":"Go for the Eyes","floor":7},{"not_picked":["Force Field","Turbo"],"picked":"Capacitor","floor":10},{"not_picked":["Sweeping Beam","Hologram"],"picked":"Beam Cell","floor":11}],"player_experience":1123895,"relics_obtained":[{"floor":9,"key":"Art of War"},{"floor":11,"key":"Vajra"}],"event_choices":[{"damage_healed":0,"gold_gain":0,"player_choice":"Lose Max HP","damage_taken":0,"relics_obtained":["Golden Idol"],"max_hp_gain":0,"max_hp_loss":7,"event_name":"Golden Idol","floor":2,"gold_loss":0},{"damage_healed":0,"gold_gain":0,"player_choice":"Donut","damage_taken":0,"max_hp_gain":5,"max_hp_loss":0,"event_name":"Big Fish","floor":4,"gold_loss":0},{"damage_healed":0,"gold_gain":0,"player_choice":"Entered Light","damage_taken":21,"max_hp_gain":0,"max_hp_loss":0,"event_name":"Shining Light","floor":5,"gold_loss":0,"cards_upgraded":["Strike_B","Glacier"]}],"is_beta":true,"boss_relics":[],"items_purged_floors":[],"is_endless":false,"potions_floor_spawned":[1,7],"killed_by":"Gremlin Nob","ascension_level":20}}