{"host":"sav7uxregyirlf69","time":1612438335,"event":{"mods":["AchievementEnabler","BaseMod","Colored Map","DeckTracker","Keyboard Shortcuts","Minty Spire (QoL Compilation)","READ ME - Guardian Mod","StSLib","SuperFastMode"],"gold_per_floor":[110,125,175,191,201,236,255,255,255],"floor_reached":8,"language":"KOR","playtime":177,"items_purged":[],"score":120,"play_id":"4ea136b0-a454-45ae-88cc-87943fbe1d31","local_time":"20210204203215","is_ascension_mode":true,"campfire_choices":[],"circlet_count":0,"master_deck":["AscendersBane","Strike_R","Strike_R","Strike_R","Strike_R","Strike_R","Defend_R","Defend_R","Defend_R","Defend_R","Bash","Bludgeon","Second Wind","Ghostly Armor","Pummel","Bludgeon","Havoc"],"relics":["Burning Blood","Blood Vial"],"acts_visited":["Exordium"],"potions_floor_usage":[6,8],"damage_taken":[{"damage":5.0,"enemies":"2 Louse","floor":1.0,"turns":3.0},{"damage":0.0,"enemies":"Cultist","floor":2.0,"turns":3.0},{"damage":12,"enemies":"Jaw Worm","floor":4,"turns":3},{"damage":11,"enemies":"Looter","floor":5,"turns":4},{"damage":40,"enemies":"3 Sentries","floor":6,"turns":10},{"damage":11,"enemies":"3 Louse","floor":7,"turns":4},{"damage":23,"enemies":"Lagavulin","floor":8,"turns":4}],"seed_played":"1515320941188415321","potions_obtained":[{"floor":1.0,"key":"SpeedPotion"},{"floor":5,"key":"SmokeBomb"},{"floor":6,"key":"SkillPotion"}],"is_trial":false,"path_per_floor":["M","M","?","M","M","E","M","E"],"character_chosen":"IRONCLAD","items_purchased":[],"campfire_rested":0,"item_purchase_floors":[],"current_hp_per_floor":[68,68,62,56,51,17,14,0,0],"gold":255,"neow_bonus":"THREE_RARE_CARDS","is_daily":false,"chose_seed":false,"campfire_upgraded":0,"win_rate":0.0,"timestamp":1612438335,"path_taken":["M","M","?","?","M","E","M","E"],"items_purchased_type":[],"build_version":"2020-12-22","purchased_purges":0,"victory":false,"max_hp_per_floor":[68,68,68,68,68,68,68,68,68],"card_choices":[{"not_picked":["Impervious","Berserk"],"picked":"Bludgeon","floor":0.0},{"not_picked":["Headbutt","Thunderclap"],"picked":"Second Wind","floor":1.0},{"not_picked":["Flex","Twin Strike"],"picked":"Ghostly Armor","floor":2.0},{"not_picked":["Thunderclap","Havoc"],"picked":"Pummel","floor":4},{"not_picked":["Iron Wave","Anger","Sword Boomerang"],"picked":"SKIP","floor":5},{"not_picked":["Flame Barrier","Heavy Blade"],"picked":"Bludgeon","floor":6},{"not_picked":["True Grit","Intimidate"],"picked":"Havoc","floor":7}],"player_experience":1485834,"relics_obtained":[{"floor":6,"key":"Blood Vial"}],"event_choices":[{"damage_healed":0,"gold_gain":50,"player_choice":"Touch","damage_taken":6,"max_hp_gain":0,"max_hp_loss":0,"event_name":"FaceTrader","floor":3,"gold_loss":0}],"is_beta":false,"boss_relics":[],"items_purged_floors":[],"is_endless":false,"potions_floor_spawned":[1,5,6],"killed_by":"Lagavulin","ascension_level":20}}