{"host":"sc1hixkxd1yg22vf","time":1612460732,"event":{"mods":["AchievementEnabler","BaseMod","Bestiary","Colored Map","Hermit","Minty Spire (QoL Compilation)","Quick Restart","Rare Cards Sparkle","StSLib"],"gold_per_floor":[110,110,125,58,71,100,100,130,130,130,141,157,175,209,209,307,307,317,327,427,267,284,284,312,312,362,395,413,70,169,179,179,179,179],"floor_reached":33,"language":"ENG","playtime":1194,"items_purged":["hermit:Defend_Hermit","hermit:TakeCover"],"score":332,"play_id":"4fe8af04-7ec7-47c5-899c-6a6ee63e9031","local_time":"20210204131532","is_ascension_mode":false,"campfire_choices":[{"data":"hermit:Determination","floor":7,"key":"SMITH"},{"data":"hermit:Desperado","floor":10,"key":"SMITH"},{"floor":15,"key":"REST"},{"data":"hermit:BlackWind","floor":23,"key":"SMITH"},{"floor":25,"key":"REST"},{"data":"hermit:LoneWolf","floor":32,"key":"SMITH"}],"circlet_count":0,"master_deck":["hermit:Strike_Hermit","hermit:Strike_Hermit","hermit:Strike_Hermit","hermit:Strike_Hermit","hermit:Defend_Hermit","hermit:Defend_Hermit","hermit:Defend_Hermit","hermit:Snapshot","hermit:Covet","hermit:Quickdraw+1","hermit:Coalescence","hermit:Determination+1","hermit:Desperado+1","hermit:LoneWolf+1","hermit:LowProfile","hermit:Showdown","hermit:BlackWind+1","hermit:LowProfile","hermit:Brawl","hermit:Desperado","hermit:Maintenance+1","hermit:Coalescence","hermit:FlashPowder+1"],"relics":["hermit:Momento","NeowsBlessing","StrikeDummy","Peace Pipe","Lizard Tail","Ginger","Sozu","Bottled Flame","Bag of Marbles","Strawberry","Pear"],"acts_visited":["Exordium","TheCity"],"potions_floor_usage":[6,6,8,16,18],"damage_taken":[{"damage":0,"enemies":"Small Slimes","floor":1,"turns":1},{"damage":0,"enemies":"Cultist","floor":3,"turns":1},{"damage":0,"enemies":"2 Louse","floor":5,"turns":1},{"damage":30,"enemies":"3 Sentries","floor":6,"turns":8},{"damage":9,"enemies":"Lagavulin","floor":8,"turns":4},{"damage":8,"enemies":"Exordium Thugs","floor":11,"turns":5},{"damage":13,"enemies":"Lots of Slimes","floor":12,"turns":3},{"damage":0,"enemies":"Looter","floor":13,"turns":3},{"damage":9,"enemies":"Gremlin Nob","floor":14,"turns":4},{"damage":43,"enemies":"The Guardian","floor":16,"turns":9},{"damage":26,"enemies":"3 Byrds","floor":18,"turns":5},{"damage":12,"enemies":"2 Thieves","floor":19,"turns":4},{"damage":6,"enemies":"Cultist and Chosen","floor":22,"turns":4},{"damage":30,"enemies":"Slavers","floor":24,"turns":5},{"damage":5,"enemies":"Book of Stabbing","floor":27,"turns":3},{"damage":0,"enemies":"Snake Plant","floor":28,"turns":1},{"damage":0,"enemies":"Snecko","floor":31,"turns":1},{"damage":36,"enemies":"Collector","floor":33,"turns":3}],"seed_played":"1005806126498452214","potions_obtained":[{"floor":1,"key":"Explosive Potion"},{"floor":5,"key":"LiquidMemories"},{"floor":6,"key":"SkillPotion"},{"floor":14,"key":"ColorlessPotion"},{"floor":16,"key":"DistilledChaos"}],"is_trial":false,"path_per_floor":["M","?","M","$","M","E","R","E","T","R","M","M","M","E","R","B",null,"M","M","?","$","M","R","E","R","T","E","M","$","?","M","R","B"],"character_chosen":"HERMIT","items_purchased":["hermit:Determination","hermit:Brawl","hermit:Desperado","Pear"],"campfire_rested":2,"item_purchase_floors":[4,21,21,29],"current_hp_per_floor":[75,75,75,75,75,45,45,36,36,36,28,15,15,6,28,24,75,49,37,37,37,31,31,1,23,23,25,25,35,35,35,35,0,0],"gold":179,"neow_bonus":"THREE_ENEMY_KILL","is_daily":false,"chose_seed":false,"campfire_upgraded":4,"win_rate":0.0,"timestamp":1612460732,"path_taken":["M","?","?","?","?","E","R","E","T","R","M","M","?","E","R","BOSS","M","M","?","?","M","R","E","R","T","E","?","$","?","M","R","BOSS"],"items_purchased_type":["Card","Card","Card","Relic"],"build_version":"2020-12-22","purchased_purges":2,"victory":false,"max_hp_per_floor":[75,75,75,75,75,75,75,75,75,75,75,75,75,75,75,75,75,75,75,75,75,75,75,75,75,75,82,82,92,92,92,92,92,92],"card_choices":[{"not_picked":["hermit:LoneWolf","hermit:FlashPowder"],"picked":"hermit:Quickdraw","floor":1},{"not_picked":["hermit:Shortfuse","hermit:BigShot"],"picked":"hermit:Coalescence","floor":3},{"not_picked":["hermit:CalledShot","hermit:HighCaliber","hermit:WideOpen"],"picked":"SKIP","floor":5},{"not_picked":["hermit:TakeAim","hermit:Feint"],"picked":"hermit:Desperado","floor":6},{"not_picked":["hermit:WideOpen","hermit:Grudge","hermit:CalledShot"],"picked":"SKIP","floor":8},{"not_picked":["hermit:Scavenge","hermit:Quickdraw","hermit:ShadowCloak"],"picked":"SKIP","floor":11},{"not_picked":["hermit:EternalForm","hermit:Grudge"],"picked":"hermit:LoneWolf","floor":12},{"not_picked":["hermit:WideOpen","hermit:Misfire"],"picked":"hermit:LowProfile","floor":13},{"not_picked":["hermit:ShadowCloak","hermit:Dive"],"picked":"hermit:Showdown","floor":14},{"not_picked":["hermit:Dissolve","hermit:EternalForm"],"picked":"hermit:BlackWind","floor":16},{"not_picked":["hermit:Cheat+1","hermit:Enervate+1"],"picked":"hermit:LowProfile","floor":18},{"not_picked":["hermit:LoneWolf","hermit:Enervate","hermit:Roulette"],"picked":"SKIP","floor":19},{"not_picked":["hermit:WideOpen+1","hermit:Feint+1"],"picked":"hermit:Maintenance+1","floor":22},{"not_picked":["hermit:Maintenance","hermit:Shortfuse"],"picked":"hermit:TakeCover","floor":24},{"not_picked":["hermit:NoHoldsBarred","hermit:Adapt"],"picked":"hermit:Coalescence","floor":27},{"not_picked":["hermit:FullyLoaded","hermit:Shortfuse","hermit:CalledShot"],"picked":"SKIP","floor":28},{"not_picked":["hermit:Feint","hermit:Grudge"],"picked":"hermit:FlashPowder+1","floor":31}],"player_experience":69277,"relics_obtained":[{"floor":6,"key":"StrikeDummy"},{"floor":8,"key":"Peace Pipe"},{"floor":9,"key":"Lizard Tail"},{"floor":14,"key":"Ginger"},{"floor":24,"key":"Bottled Flame"},{"floor":26,"key":"Bag of Marbles"},{"floor":27,"key":"Strawberry"}],"event_choices":[{"damage_healed":0,"gold_gain":0,"player_choice":"Forge","damage_taken":0,"max_hp_gain":0,"max_hp_loss":0,"event_name":"Accursed Blacksmith","floor":2,"gold_loss":0,"cards_upgraded":["hermit:Quickdraw"]},{"damage_healed":0,"gold_gain":100,"player_choice":"Pray","damage_taken":0,"max_hp_gain":0,"max_hp_loss":0,"event_name":"Golden Shrine","floor":20,"gold_loss":0},{"damage_healed":0,"gold_gain":99,"player_choice":"Stole From Cult","damage_taken":0,"max_hp_gain":0,"max_hp_loss":0,"event_name":"Nest","floor":30,"gold_loss":0}],"is_beta":false,"boss_relics":[{"not_picked":["hermit:DentedPlate","Velvet Choker"],"picked":"Sozu"}],"items_purged_floors":[21,29],"is_endless":false,"potions_floor_spawned":[1,5,6,14,16,24,27],"killed_by":"Collector","ascension_level":0}}