{"host":"x5w9zppki4gdwvc7","time":1612426086,"event":{"mods":["AchievementEnabler","BaseMod","Colored Powertips","DeckTracker","Minty Spire (QoL Compilation)","SuperFastMode"],"gold_per_floor":[109,184,184,196,209,209,223,234,314,314,328,328,370,397,397,503,503,523,498,514,514,514],"floor_reached":21,"language":"ENG","playtime":1037,"items_purged":[],"score":222,"play_id":"bf6ed2e6-470f-45e3-a708-f85ba4786ec4","local_time":"20210204090806","is_ascension_mode":true,"campfire_choices":[{"data":"Shrug It Off","floor":6,"key":"SMITH"},{"data":"Flame Barrier","floor":10,"key":"SMITH"},{"data":"Bash","floor":12,"key":"SMITH"},{"data":"Body Slam","floor":15,"key":"SMITH"}],"circlet_count":0,"master_deck":["Strike_R","Strike_R","Strike_R","Defend_R","Defend_R","Defend_R","Defend_R","Bash+1","Shrug It Off+1","Flame Barrier+1","Body Slam+1","Fire Breathing","Barricade"],"relics":["Burning Blood","Regal Pillow","Torii","Meat on the Bone","CeramicFish","Empty Cage"],"acts_visited":["Exordium","TheCity"],"potions_floor_usage":[13,16,19],"damage_taken":[{"damage":10,"enemies":"Small Slimes","floor":1,"turns":3},{"damage":7,"enemies":"2 Louse","floor":4,"turns":3},{"damage":1,"enemies":"Jaw Worm","floor":5,"turns":3},{"damage":2,"enemies":"Red Slaver","floor":7,"turns":6},{"damage":8,"enemies":"3 Louse","floor":8,"turns":6},{"damage":0,"enemies":"2 Fungi Beasts","floor":11,"turns":4},{"damage":11,"enemies":"3 Sentries","floor":13,"turns":12},{"damage":12,"enemies":"Exordium Thugs","floor":14,"turns":7},{"damage":37,"enemies":"The Guardian","floor":16,"turns":16},{"damage":21,"enemies":"Shell Parasite","floor":18,"turns":8},{"damage":39,"enemies":"2 Thieves","floor":19,"turns":5},{"damage":42,"enemies":"Centurion and Healer","floor":20,"turns":15},{"damage":30,"enemies":"Sentry and Sphere","floor":21,"turns":3}],"seed_played":"-711159558425038823","potions_obtained":[{"floor":1,"key":"AttackPotion"},{"floor":5,"key":"Explosive Potion"},{"floor":11,"key":"PowerPotion"},{"floor":13,"key":"Block Potion"},{"floor":16,"key":"Regen Potion"},{"floor":18,"key":"AttackPotion"}],"is_trial":false,"path_per_floor":["M","?","?","M","M","R","M","M","T","R","M","R","E","M","R","B",null,"M","M","M","M"],"character_chosen":"IRONCLAD","items_purchased":[],"campfire_rested":0,"item_purchase_floors":[],"current_hp_per_floor":[76,65,53,52,57,57,61,59,59,59,65,65,60,54,54,35,80,65,44,20,0,0],"gold":514,"neow_bonus":"RANDOM_COMMON_RELIC","is_daily":false,"chose_seed":false,"campfire_upgraded":4,"win_rate":0.0,"timestamp":1612426086,"path_taken":["M","?","?","M","M","R","M","M","T","R","M","R","E","M","R","BOSS","M","M","M","M"],"items_purchased_type":[],"build_version":"2020-12-22","purchased_purges":0,"victory":false,"max_hp_per_floor":[80,80,80,80,80,80,80,80,80,80,80,80,80,80,80,80,80,80,80,80,80,80],"card_choices":[{"not_picked":["Power Through","Warcry","Combust"],"picked":"SKIP","floor":1},{"not_picked":["Wild Strike","True Grit"],"picked":"Shrug It Off","floor":4},{"not_picked":["Twin Strike","Perfected Strike","Carnage"],"picked":"SKIP","floor":5},{"not_picked":["Flex","True Grit","Pommel Strike"],"picked":"SKIP","floor":7},{"not_picked":["Evolve","True Grit"],"picked":"Flame Barrier","floor":8},{"not_picked":["Heavy Blade","Dropkick","Clothesline"],"picked":"SKIP","floor":11},{"not_picked":["Power Through","Armaments"],"picked":"Body Slam","floor":13},{"not_picked":["Brutality","Combust"],"picked":"Fire Breathing","floor":14},{"not_picked":["Offering","Corruption"],"picked":"Barricade","floor":16},{"not_picked":["True Grit","Twin Strike+1","Rage"],"picked":"SKIP","floor":18},{"not_picked":["True Grit","Second Wind","Perfected Strike"],"picked":"SKIP","floor":19},{"not_picked":["Body Slam","Perfected Strike","Battle Trance"],"picked":"SKIP","floor":20}],"player_experience":452038,"relics_obtained":[{"floor":9,"key":"Meat on the Bone"},{"floor":13,"key":"CeramicFish"}],"event_choices":[{"damage_healed":0,"gold_gain":75,"player_choice":"Gather Gold","damage_taken":11,"max_hp_gain":0,"max_hp_loss":0,"event_name":"World of Goop","floor":2,"gold_loss":0},{"damage_healed":0,"gold_gain":0,"player_choice":"Success","damage_taken":12,"relics_obtained":["Torii"],"max_hp_gain":0,"max_hp_loss":0,"event_name":"Scrap Ooze","floor":3,"gold_loss":0}],"is_beta":false,"boss_relics":[{"not_picked":["Sozu","Runic Pyramid"],"picked":"Empty Cage"}],"items_purged_floors":[],"is_endless":false,"potions_floor_spawned":[1,5,11,13,16,18],"killed_by":"Sentry and Sphere","ascension_level":4}}