{"host":"0gq2f9xwdze0ceg1","time":1612405116,"event":{"mods":["Arknights","BaseMod","Colored Powertips","Duelist Mod","Hermit","Marisa????????","Minty Spire (QoL Compilation)","Robot Space Explorer","StSLib","The Animator","The Bug Knight","The Cursed","The Dragon Tamer","The Forsaken","The Poker Player","The Senshi","The Servant 0.9.4"],"gold_per_floor":[119,133,147,163,10,10,24,1,1,1,19,19,37,49,49,144,144,160,174,188,44,44,44],"floor_reached":22,"language":"SPA","playtime":1818,"items_purged":[],"score":182,"play_id":"c4c2be4b-3599-45ac-ac58-e28ac4a71f89","local_time":"20210203231836","is_ascension_mode":false,"campfire_choices":[{"data":"hermit:LoneWolf","floor":6,"key":"SMITH"},{"data":"hermit:Shortfuse","floor":10,"key":"SMITH"},{"floor":15,"key":"REST"}],"circlet_count":0,"master_deck":["hermit:Strike_Hermit","hermit:Strike_Hermit","hermit:Strike_Hermit","hermit:Strike_Hermit","hermit:Defend_Hermit","hermit:Defend_Hermit","hermit:Defend_Hermit","hermit:Defend_Hermit","hermit:Snapshot","hermit:Covet","hermit:TrackingShot","hermit:EyeOfTheStorm","hermit:Shortfuse+1","hermit:LowProfile","hermit:Vantage","hermit:LoneWolf+1","hermit:SprayPray","hermit:BigShot","hermit:Deadeye","hermit:HighCaliber","hermit:GoldenBullet","hermit:Dissolve","hermit:Dive+1","hermit:Combo","hermit:CursedWeapon+1","hermit:FinalCanter","hermit:GhostlyPresence"],"relics":["hermit:Momento","NeowsBlessing","Mercury Hourglass","CultistMask","Cursed Key"],"acts_visited":["Exordium","TheCity"],"potions_floor_usage":[16,16,22,22,22],"damage_taken":[{"damage":0,"enemies":"2 Louse","floor":1,"turns":1},{"damage":0,"enemies":"Small Slimes","floor":2,"turns":1},{"damage":0,"enemies":"Cultist","floor":3,"turns":1},{"damage":15,"enemies":"Large Slime","floor":4,"turns":5},{"damage":5,"enemies":"Exordium Wildlife","floor":7,"turns":4},{"damage":0,"enemies":"2 Fungi Beasts","floor":11,"turns":2},{"damage":10,"enemies":"Looter","floor":13,"turns":3},{"damage":14,"enemies":"Exordium Wildlife","floor":14,"turns":4},{"damage":48,"enemies":"Slime Boss","floor":16,"turns":9},{"damage":5,"enemies":"3 Byrds","floor":18,"turns":5},{"damage":19,"enemies":"Shell Parasite","floor":19,"turns":7},{"damage":43,"enemies":"Chosen and Byrds","floor":20,"turns":8},{"damage":10,"enemies":"Centurion and Healer","floor":22,"turns":3}],"seed_played":"1155958957641378324","potions_obtained":[{"floor":1,"key":"Fire Potion"},{"floor":2,"key":"hermit:BlackBile"},{"floor":11,"key":"Weak Potion"},{"floor":14,"key":"Energy Potion"},{"floor":16,"key":"Explosive Potion"},{"floor":19,"key":"Block Potion"},{"floor":20,"key":"BlessingOfTheForge"}],"is_trial":false,"path_per_floor":["M","M","M","M","$","R","M","?","T","R","M","?","M","M","R","B",null,"M","M","M","$","M"],"character_chosen":"HERMIT","items_purchased":["hermit:Vantage","hermit:LoneWolf","hermit:SprayPray","hermit:FinalCanter","hermit:GhostlyPresence"],"campfire_rested":1,"item_purchase_floors":[5,5,5,21,21],"current_hp_per_floor":[75,75,75,60,60,60,55,55,55,55,55,55,45,31,53,5,75,70,51,8,8,0,0],"gold":44,"neow_bonus":"THREE_ENEMY_KILL","is_daily":false,"chose_seed":false,"campfire_upgraded":2,"win_rate":0.0,"timestamp":1612405116,"path_taken":["M","M","M","M","$","R","M","?","T","R","M","?","?","M","R","BOSS","M","M","M","$","M"],"items_purchased_type":["Card","Card","Card","Card","Card"],"build_version":"2020-12-22","purchased_purges":0,"victory":false,"max_hp_per_floor":[75,75,75,75,75,75,75,75,75,75,75,75,75,75,75,75,75,75,75,75,75,75,75],"card_choices":[{"not_picked":["hermit:Malice","hermit:Midnight"],"picked":"hermit:TrackingShot","floor":1},{"not_picked":["hermit:LowProfile","hermit:Misfire"],"picked":"hermit:EyeOfTheStorm","floor":2},{"not_picked":["hermit:Malice","hermit:WideOpen"],"picked":"hermit:Shortfuse","floor":3},{"not_picked":["hermit:TrackingShot","hermit:TakeCover"],"picked":"hermit:LowProfile","floor":4},{"not_picked":["hermit:CursedWeapon","hermit:LuckOfTheDraw"],"picked":"hermit:BigShot","floor":7},{"not_picked":["hermit:Misfire","hermit:Vantage"],"picked":"hermit:Deadeye","floor":11},{"not_picked":["hermit:FullyLoaded","hermit:PistolWhip"],"picked":"hermit:HighCaliber","floor":13},{"not_picked":["hermit:Manifest","hermit:Desperado"],"picked":"hermit:GoldenBullet","floor":14},{"not_picked":["hermit:FatalDesire","hermit:Roughhouse"],"picked":"hermit:Dissolve","floor":16},{"not_picked":["hermit:WideOpen","hermit:GhostlyPresence"],"picked":"hermit:Dive+1","floor":18},{"not_picked":["hermit:Desperado","hermit:SprayPray"],"picked":"hermit:Combo","floor":19},{"not_picked":["hermit:PistolWhip","hermit:Desperado"],"picked":"hermit:CursedWeapon+1","floor":20}],"player_experience":144927,"relics_obtained":[{"floor":9,"key":"Mercury Hourglass"}],"event_choices":[{"damage_healed":0,"gold_gain":0,"player_choice":"Left Gold","damage_taken":0,"max_hp_gain":0,"max_hp_loss":0,"event_name":"World of Goop","floor":8,"gold_loss":23},{"damage_healed":0,"gold_gain":0,"player_choice":"Trade","damage_taken":0,"relics_obtained":["CultistMask"],"max_hp_gain":0,"max_hp_loss":0,"event_name":"FaceTrader","floor":12,"gold_loss":0}],"is_beta":false,"boss_relics":[{"not_picked":["theForsaken:PaleLantern","Velvet Choker"],"picked":"Cursed Key"}],"items_purged_floors":[],"is_endless":false,"potions_floor_spawned":[1,2,11,14,16,19,20],"killed_by":"Centurion and Healer","ascension_level":0}}