{"host":"kxz5izodaorfb9am","time":1612478425,"event":{"mods":["BaseMod","GifTheSpireLib","Minty Spire (QoL Compilation)","Shop Mod","StSLib"],"gold_per_floor":[117,127,147,72,72,22,45,65,91,111,111,128,148,166,166,262,312,322,342,342,342],"floor_reached":20,"language":"ENG","playtime":904,"items_purged":["Strike_R"],"score":187,"play_id":"f461a093-9c37-4da0-bffc-91107ef5cc84","local_time":"20210204234025","is_ascension_mode":true,"campfire_choices":[{"data":"Inflame","floor":11,"key":"SMITH"},{"data":"Sword Boomerang","floor":15,"key":"SMITH"}],"circlet_count":0,"master_deck":["Strike_R+1","Strike_R","Strike_R","Strike_R","Defend_R","Defend_R","Defend_R","Bash","Inflame+1","Sword Boomerang+1","Hemokinesis","Pummel","Demon Form","Shrug It Off","Armaments+1","Sword Boomerang+1"],"relics":["Burning Blood","CaptainsWheel","Tiny Chest","Art of War","Tiny House"],"acts_visited":["Exordium","TheCity"],"potions_floor_usage":[8,13,13,14,18,18],"damage_taken":[{"damage":1,"enemies":"Cultist","floor":1,"turns":4},{"damage":2,"enemies":"Jaw Worm","floor":2,"turns":4},{"damage":7,"enemies":"Small Slimes","floor":3,"turns":3},{"damage":3,"enemies":"Blue Slaver","floor":8,"turns":2},{"damage":18,"enemies":"Red Slaver","floor":10,"turns":3},{"damage":20,"enemies":"Gremlin Gang","floor":12,"turns":5},{"damage":10,"enemies":"Exordium Thugs","floor":13,"turns":3},{"damage":8,"enemies":"Looter","floor":14,"turns":2},{"damage":37,"enemies":"Slime Boss","floor":16,"turns":9},{"damage":20,"enemies":"2 Thieves","floor":18,"turns":3},{"damage":31,"enemies":"3 Byrds","floor":19,"turns":6},{"damage":40,"enemies":"Snake Plant","floor":20,"turns":2}],"seed_played":"1086405926072740491","potions_obtained":[{"floor":3,"key":"Fire Potion"},{"floor":10,"key":"Swift Potion"},{"floor":12,"key":"Energy Potion"},{"floor":13,"key":"AttackPotion"},{"floor":14,"key":"Weak Potion"},{"floor":17,"key":"HeartOfIron"}],"is_trial":false,"path_per_floor":["M","M","M","$","?","?","T","M","T","M","R","M","M","M","R","B",null,"M","M","M"],"character_chosen":"IRONCLAD","items_purchased":[],"campfire_rested":0,"item_purchase_floors":[],"current_hp_per_floor":[72,72,71,71,71,71,71,72,72,60,60,46,42,40,40,9,77,63,38,0,0],"gold":342,"neow_bonus":"ONE_RARE_RELIC","is_daily":false,"chose_seed":false,"campfire_upgraded":2,"win_rate":0.0,"timestamp":1612478425,"path_taken":["M","M","?","$","?","?","?","?","T","M","R","M","M","M","R","BOSS","M","?","M"],"items_purchased_type":[],"build_version":"2020-12-22","purchased_purges":1,"victory":false,"max_hp_per_floor":[72,72,72,72,72,72,72,72,72,72,72,72,72,72,72,72,77,77,77,77,77],"card_choices":[{"not_picked":["Sword Boomerang","Perfected Strike"],"picked":"Inflame","floor":1},{"not_picked":["Warcry","Armaments"],"picked":"Sword Boomerang","floor":2},{"not_picked":["Feel No Pain","Sever Soul","Reckless Charge"],"picked":"SKIP","floor":3},{"not_picked":["Disarm","Havoc","Flex"],"picked":"SKIP","floor":8},{"not_picked":["Cleave","Warcry"],"picked":"Hemokinesis","floor":10},{"not_picked":["Heavy Blade","Body Slam","Burning Pact"],"picked":"SKIP","floor":12},{"not_picked":["Anger","Feel No Pain","Dark Embrace"],"picked":"SKIP","floor":13},{"not_picked":["Sentinel","Battle Trance"],"picked":"Pummel","floor":14},{"not_picked":["Impervious","Reaper"],"picked":"Demon Form","floor":16},{"not_picked":["Inflame","Dropkick"],"picked":"Shrug It Off","floor":17},{"not_picked":["Body Slam","Flex"],"picked":"Armaments+1","floor":18},{"not_picked":["Thunderclap+1","Wild Strike"],"picked":"Sword Boomerang+1","floor":19}],"player_experience":281634,"relics_obtained":[{"floor":7,"key":"Tiny Chest"},{"floor":9,"key":"Art of War"}],"event_choices":[{"damage_healed":0,"gold_gain":0,"player_choice":"Ignored","damage_taken":0,"max_hp_gain":0,"max_hp_loss":0,"event_name":"Liars Game","floor":5,"gold_loss":0},{"cards_removed":["Defend_R"],"damage_healed":0,"gold_gain":0,"player_choice":"Card Removal","damage_taken":0,"max_hp_gain":0,"max_hp_loss":0,"event_name":"The Cleric","floor":6,"gold_loss":50}],"is_beta":false,"boss_relics":[{"not_picked":["Snecko Eye","Runic Dome"],"picked":"Tiny House"}],"items_purged_floors":[4],"is_endless":false,"potions_floor_spawned":[3,10,12,13,14],"killed_by":"Snake Plant","ascension_level":2}}