{"host":"xiain65d2hovry7l","time":1612430100,"event":{"mods":["2.2 Compatiblity","Act Like it!","BaseMod","Challenge The Spire","Colored Map","Colored Powertips","Downfall","Friendly Minions","Minty Spire (QoL Compilation)","StSLib"],"gold_per_floor":[230,230,255,287,332,344,37,37,37,37],"floor_reached":9,"language":"ENG","playtime":439,"items_purged":["Strike_R","Strike_R"],"score":150,"play_id":"82d842da-3bc4-4dd1-af22-bf2c96acb64b","local_time":"20210204101500","daily_mods":["challengethespire:Platinum Difficulty","challengethespire:Elite Rush","Uncertain Future"],"is_ascension_mode":true,"campfire_choices":[{"data":"Blind","floor":2.0,"key":"SMITH"},{"data":"Demon Form","floor":8,"key":"SMITH"}],"circlet_count":0,"master_deck":["AscendersBane","Strike_R","Strike_R","Strike_R","Defend_R","Defend_R+1","Defend_R+1","Defend_R","Bash","Blind+1","Demon Form+1","Pommel Strike","Offering","Disarm","Iron Wave","Shrug It Off"],"relics":["Burning Blood","Black Star","Sling","PreservedInsect","War Paint","Meat on the Bone","InkBottle","Eternal Feather","MawBank","Blue Candle","Bottled Tornado","Philosopher\u0027s Stone","Toolbox"],"acts_visited":["Exordium"],"potions_floor_usage":[5],"damage_taken":[{"damage":29.0,"enemies":"Gremlin Nob","floor":3.0,"turns":4.0},{"damage":19,"enemies":"Lagavulin","floor":4,"turns":8},{"damage":32,"enemies":"3 Sentries","floor":5,"turns":6},{"damage":45,"enemies":"Slavers","floor":9,"turns":4}],"seed_played":"-7575979770634670198","potions_obtained":[{"floor":3.0,"key":"ElixirPotion"}],"is_trial":true,"path_per_floor":["$","R","E","E","E","T","$","R","E"],"character_chosen":"IRONCLAD","items_purchased":["Blind","Demon Form","Pommel Strike","War Paint","Shrug It Off","Toolbox"],"campfire_rested":0,"item_purchase_floors":[1,1,1,1,7,7],"current_hp_per_floor":[68,68,45,44,30,30,30,39,0,0],"gold":37,"neow_bonus":"","is_daily":false,"chose_seed":false,"campfire_upgraded":2,"win_rate":0.0,"timestamp":1612430100,"path_taken":["$","R","E","E","E","T","$","R","E"],"items_purchased_type":["Card","Card","Card","Relic","Card","Relic"],"build_version":"2020-12-22","purchased_purges":2,"victory":false,"max_hp_per_floor":[75,75,75,75,75,75,75,75,75,75],"card_choices":[],"player_experience":690811,"relics_obtained":[{"floor":3.0,"key":"Meat on the Bone"},{"floor":3.0,"key":"InkBottle"},{"floor":4,"key":"Eternal Feather"},{"floor":4,"key":"MawBank"},{"floor":5,"key":"Blue Candle"},{"floor":5,"key":"Bottled Tornado"}],"event_choices":[],"is_beta":false,"boss_relics":[{"not_picked":["Calling Bell","Snecko Eye"],"picked":"Philosopher\u0027s Stone"}],"items_purged_floors":[1,7],"is_endless":false,"potions_floor_spawned":[3],"killed_by":"Slavers","ascension_level":20}}