{"host":"1fg1a150gjswaegv","time":1612427150,"event":{"mods":["AchievementEnabler","BaseMod","Downfall","Hermit","Minty Spire (QoL Compilation)","StSLib"],"gold_per_floor":[99,112,112,122,135,35,62,79,99,109,144,54,88,105,119,217,217,217,230,241,241,261,361,361,0,0,100,111,77,77,96,112,213,263,163,174,191,206,206,133,133,133,147,147,161,178,178,205,105,105,105,131,0,0,0,0,0,0],"floor_reached":56,"language":"ENG","playtime":5712,"items_purged":["hexamod:Strike"],"score":845,"play_id":"cda21b34-98cc-4c3c-8632-af4db8ab1111","local_time":"20210204022550","is_ascension_mode":false,"campfire_choices":[{"floor":1,"key":"RECALL"},{"data":"hexamod:NightmareStrike","floor":6,"key":"SMITH"},{"floor":18,"key":"REST"},{"floor":26,"key":"REST"},{"data":"hexamod:ForkedFlame","floor":35,"key":"SMITH"},{"floor":42,"key":"REST"},{"floor":44,"key":"REST"},{"floor":49,"key":"REST"},{"floor":54,"key":"REST"}],"circlet_count":0,"master_deck":["hexamod:Strike","hexamod:Strike+1","hexamod:Defend+1","hexamod:Defend","hexamod:Defend","hexamod:Sear","hexamod:Float","hexamod:Firestarter","hexamod:InspiringFlames","hexamod:NightmareStrike+1","hexamod:DynamicBlow+1","hexamod:SpectersWail","hexamod:ThermalTransfer","hexamod:FastForward","hexamod:TimeWarp","hexamod:HeatMetal","hexamod:FastForward","hexamod:StepThrough","hexamod:SearingWound","hexamod:GhostShield","hexamod:Firestarter","hexamod:Rewind","hexamod:Rewind+1","hexamod:Rewind","J.A.X.","hexamod:ParanormalForm","hexamod:TimeWarp","hexamod:EmpoweredFlame","hexamod:ThermalTransfer","hexamod:GhostLash","hexamod:EtherealExpedition","hexamod:InspiringFlames+1","hexamod:ForkedFlame+1","hexamod:RadiantFlame","hexamod:ThermalTransfer","hexamod:RecurringNightmare","hexamod:SixthSeal","hexamod:ShieldOfDarkness+1","hexamod:BacktrackSmack+1","hexamod:BacktrackSmack","hexamod:ThermalTransfer","hexamod:GhostOfSpireFuture","hexamod:ForkedFlame","hexamod:HeatShield+1","expansioncontent:InvincibleStrength","expansioncontent:YouAreMine","expansioncontent:AwakenDeath","hexamod:ExtraCrispy","hexamod:HeatCrush","expansioncontent:Chronoboost"],"relics":["hexamod:SpiritBrand","downfall:HeartBlessingRed","Lantern","PreservedInsect","Nunchaku","SlaversCollar","Letter Opener","MutagenicStrength","Gremlin Horn","Thread and Needle","Pantograph","ClockworkSouvenir","Tiny House","downfall:HeartBlessingBlue","Mercury Hourglass","Meat on the Bone","downfall:HeartBlessingGreen","Shuriken"],"acts_visited":["Exordium","TheCity","TheBeyond","TheEnding"],"potions_floor_usage":[11,16,16,20,23,28,28,32,38,46,46,50,55,55],"damage_taken":[{"damage":4,"enemies":"Jaw Worm","floor":2,"turns":4},{"damage":0,"enemies":"Cultist","floor":4,"turns":3},{"damage":2,"enemies":"2 Louse","floor":5,"turns":3},{"damage":0,"enemies":"2 Fungi Beasts","floor":8,"turns":3},{"damage":14,"enemies":"Exordium Wildlife","floor":9,"turns":4},{"damage":4,"enemies":"3 Louse","floor":10,"turns":2},{"damage":6,"enemies":"Gremlin Nob","floor":11,"turns":3},{"damage":5,"enemies":"downfall:FleeingMerchant","floor":12,"turns":4},{"damage":8,"enemies":"Lagavulin","floor":13,"turns":3},{"damage":2,"enemies":"Large Slime","floor":14,"turns":6},{"damage":3,"enemies":"2 Fungi Beasts","floor":15,"turns":3},{"damage":29,"enemies":"IC_STATUS_ARCHETYPE","floor":16,"turns":5},{"damage":0,"enemies":"Chosen","floor":19,"turns":4},{"damage":8,"enemies":"Spheric Guardian","floor":20,"turns":4},{"damage":32,"enemies":"3 Cultists","floor":22,"turns":5},{"damage":11,"enemies":"downfall:Augmenter","floor":23,"turns":4},{"damage":6,"enemies":"downfall:FleeingMerchant","floor":25,"turns":4},{"damage":3,"enemies":"SI_SHIV_ARCHETYPE","floor":27,"turns":3},{"damage":0,"enemies":"Snecko","floor":28,"turns":5},{"damage":0,"enemies":"downfall:FleeingMerchant","floor":29,"turns":2},{"damage":0,"enemies":"Snake Plant","floor":31,"turns":2},{"damage":0,"enemies":"Cultist and Chosen","floor":32,"turns":5},{"damage":24,"enemies":"WA_ARCHETYPE_CALM","floor":33,"turns":7},{"damage":10,"enemies":"3 Darklings","floor":36,"turns":5},{"damage":6,"enemies":"3 Shapes","floor":37,"turns":3},{"damage":31,"enemies":"Sphere and 2 Shapes","floor":38,"turns":6},{"damage":27,"enemies":"Spire Growth","floor":43,"turns":4},{"damage":14,"enemies":"3 Darklings","floor":45,"turns":4},{"damage":21,"enemies":"Maw","floor":46,"turns":6},{"damage":0,"enemies":"Nemesis","floor":48,"turns":3},{"damage":54,"enemies":"DF_ARCHETYPE_ORBS","floor":50,"turns":12},{"damage":106,"enemies":"downfall:CharBossMerchant","floor":52,"turns":8},{"damage":64,"enemies":"downfall:NeowBoss","floor":55,"turns":16},{"damage":82,"enemies":"downfall:NeowBossFinal","floor":56,"turns":5}],"seed_played":"-4558432389407795425","potions_obtained":[{"floor":3,"key":"hexamod:SoulburnPotion"},{"floor":3,"key":"Slimebound:ThreeZeroPotion"},{"floor":3,"key":"SkillPotion"},{"floor":10,"key":"FairyPotion"},{"floor":13,"key":"bronze:BurnAndBuffPotion"},{"floor":16,"key":"LiquidMemories"},{"floor":22,"key":"Regen Potion"},{"floor":23,"key":"Block Potion"},{"floor":27,"key":"Weak Potion"},{"floor":31,"key":"Fruit Juice"},{"floor":32,"key":"Ancient Potion"},{"floor":34,"key":"BlessingOfTheForge"},{"floor":36,"key":"hexamod:EctoCoolerPotion"},{"floor":52,"key":"Fire Potion"}],"is_trial":false,"path_per_floor":["R","M","?","M","M","R","T","M","M","M","E","$","E","M","M","B",null,"R","M","M","?","M","?","T","$","R","?","M","$","?","M","M","B",null,"R","M","M","M","?","$","T","R","M","R","M","M","?","E","R","B",null,"E","$","R","B","B"],"character_chosen":"THE_SPIRIT","items_purchased":["hexamod:EmpoweredFlame","Gremlin Horn","hexamod:ThermalTransfer","hexamod:ForkedFlame","hexamod:RadiantFlame","ClockworkSouvenir","EssenceOfSteel","expansioncontent:Chronoboost","Weak Potion"],"campfire_rested":6,"item_purchase_floors":[25,25,25,29,29,29,40,53,53],"current_hp_per_floor":[77,73,73,73,71,71,71,71,57,53,47,42,34,32,29,23,77,77,77,69,69,37,38,38,32,55,52,52,52,38,38,43,44,92,102,92,86,55,55,55,55,85,58,88,74,53,43,43,73,56,102,32,32,62,35,0,0,0],"gold":0,"neow_bonus":"TEN_PERCENT_HP_BONUS","is_daily":false,"chose_seed":false,"campfire_upgraded":2,"win_rate":0.0,"timestamp":1612427150,"path_taken":["R","M","?","?","?","R","T","M","M","M","E","$","E","M","M","BOSS","R","M","M","?","M","?","T","$","R","?","M","$","?","M","M","BOSS","R","M","M","M","?","$","T","R","M","R","M","M","?","E","R","BOSS","E","$","R","BOSS","BOSS"],"items_purchased_type":["Card","Relic","Card","Card","Card","Relic","Potion","Card","Potion"],"build_version":"2020-12-22","purchased_purges":1,"victory":false,"max_hp_per_floor":[77,77,77,77,77,77,77,77,77,77,77,77,77,77,77,77,77,77,77,77,77,77,77,77,77,77,77,77,77,82,82,87,87,92,102,102,102,102,102,102,102,102,102,102,102,102,102,102,102,102,102,102,102,102,102,102,102,102],"card_choices":[{"not_picked":["hexamod:NightmareGuise","hexamod:EtherealExpedition"],"picked":"hexamod:Firestarter","floor":2},{"not_picked":["hexamod:SwordOfDarkness","hexamod:Hexaguard"],"picked":"hexamod:InspiringFlames","floor":4},{"not_picked":["hexamod:RetreatToShadows","hexamod:BacktrackSmack"],"picked":"hexamod:NightmareStrike","floor":5},{"not_picked":["hexamod:NightmareGuise","hexamod:ShieldOfDarkness"],"picked":"hexamod:DynamicBlow","floor":8},{"not_picked":["hexamod:GhostShield","hexamod:Incineration"],"picked":"hexamod:SpectersWail","floor":9},{"not_picked":["hexamod:Rewind","hexamod:UnlimitedPower"],"picked":"hexamod:ThermalTransfer","floor":10},{"not_picked":["hexamod:Haunt","hexamod:BacktrackSmack"],"picked":"hexamod:FastForward","floor":11},{"not_picked":["hexamod:FourthSeal","hexamod:RetreatToShadows"],"picked":"hexamod:TimeWarp","floor":12},{"not_picked":["hexamod:SoulSteal","hexamod:FourthSeal"],"picked":"hexamod:HeatMetal","floor":13},{"not_picked":["hexamod:Rewind","hexamod:ThermalTransfer"],"picked":"hexamod:FastForward","floor":14},{"not_picked":["hexamod:RainOfEmbers","hexamod:ShieldOfDarkness"],"picked":"hexamod:StepThrough","floor":15},{"not_picked":["hexamod:TimeOfNeed","hexamod:GhostOfSpirePresent"],"picked":"hexamod:SearingWound","floor":16},{"not_picked":["hexamod:SwordOfDarkness","hexamod:NightmareGuise"],"picked":"hexamod:GhostShield","floor":19},{"not_picked":["hexamod:FirstSeal","hexamod:SpectersWail+1"],"picked":"hexamod:Firestarter","floor":20},{"not_picked":["hexamod:FifthSeal","hexamod:HeatMetal"],"picked":"hexamod:Rewind","floor":22},{"not_picked":[],"picked":"J.A.X.","floor":23},{"not_picked":["hexamod:FastForward","hexamod:ThermalTransfer"],"picked":"hexamod:ParanormalForm","floor":23},{"not_picked":["hexamod:ExtraCrispy","hexamod:NecessarySacrifice"],"picked":"hexamod:TimeWarp","floor":25},{"not_picked":["hexamod:BacktrackSmack","hexamod:HeatMetal"],"picked":"hexamod:GhostLash","floor":27},{"not_picked":["hexamod:GhostShield","hexamod:InspiringFlames"],"picked":"hexamod:EtherealExpedition","floor":28},{"not_picked":["hexamod:SecondSeal","hexamod:ParanormalForm"],"picked":"hexamod:InspiringFlames+1","floor":29},{"not_picked":["hexamod:ShieldOfDarkness","hexamod:Haunt+1"],"picked":"hexamod:ThermalTransfer","floor":31},{"not_picked":["hexamod:FastForward","hexamod:EmpoweredFlame"],"picked":"hexamod:RecurringNightmare","floor":32},{"not_picked":["hexamod:UnlimitedPower","hexamod:TimeOfNeed"],"picked":"hexamod:SixthSeal","floor":33},{"not_picked":["hexamod:Again+1","hexamod:SwordOfDarkness"],"picked":"hexamod:ShieldOfDarkness+1","floor":34},{"not_picked":["hexamod:FastForward","hexamod:Haunt"],"picked":"hexamod:BacktrackSmack+1","floor":36},{"not_picked":["hexamod:FifthSeal","hexamod:InspiringFlames"],"picked":"hexamod:BacktrackSmack","floor":37},{"not_picked":["hexamod:ThirdSeal","hexamod:SpectersWail+1"],"picked":"hexamod:ThermalTransfer","floor":38},{"not_picked":["hexamod:ExtraCrispy","hexamod:GhostShield"],"picked":"hexamod:GhostOfSpireFuture","floor":43},{"not_picked":["hexamod:GhostShield","hexamod:SpectralAdrenaline+1"],"picked":"hexamod:ForkedFlame","floor":45},{"not_picked":["hexamod:HeatMetal","hexamod:SpectersWail+1"],"picked":"hexamod:HeatShield+1","floor":46},{"not_picked":["expansioncontent:YouAreMine","expansioncontent:LastStand"],"picked":"expansioncontent:InvincibleStrength","floor":47},{"not_picked":["expansioncontent:PrepareCrush","expansioncontent:GuardianWhirl"],"picked":"expansioncontent:YouAreMine","floor":47},{"not_picked":["expansioncontent:PolyBeam","expansioncontent:InvincibleStrength"],"picked":"expansioncontent:AwakenDeath","floor":47},{"not_picked":["hexamod:Haunt+1","hexamod:SixthSeal"],"picked":"hexamod:ExtraCrispy","floor":48},{"not_picked":["hexamod:RetreatToShadows+1","hexamod:SecondSeal"],"picked":"hexamod:HeatCrush","floor":52}],"player_experience":37793,"relics_obtained":[{"floor":7,"key":"Lantern"},{"floor":11,"key":"PreservedInsect"},{"floor":13,"key":"Nunchaku"},{"floor":23,"key":"MutagenicStrength"},{"floor":27,"key":"Thread and Needle"},{"floor":27,"key":"Pantograph"},{"floor":41,"key":"Mercury Hourglass"},{"floor":48,"key":"Meat on the Bone"},{"floor":52,"key":"Shuriken"}],"event_choices":[{"damage_healed":0,"gold_gain":0,"player_choice":"Got Potions","damage_taken":0,"max_hp_gain":0,"max_hp_loss":0,"event_name":"Lab","floor":3,"gold_loss":0}],"is_beta":false,"boss_relics":[{"not_picked":["Velvet Choker","Sozu"],"picked":"SlaversCollar"},{"not_picked":["Philosopher\u0027s Stone","bronze:MakeshiftBattery"],"picked":"Tiny House"}],"items_purged_floors":[12],"is_endless":false,"potions_floor_spawned":[4,10,13,14,15,16,22,23,27,31,32,36,45,52],"killed_by":"downfall:NeowBossFinal","ascension_level":0}}