{"host":"78wmvn6ehym28k8f","time":1612449575,"event":{"mods":["BaseMod","BetterRewards","Minty Spire (QoL Compilation)","Relic Sorter","Relic Stats","StSLib"],"gold_per_floor":[368,121,121,141,154,154,173,173,199,199,199,211,223,238,238,333,383,393,239,249,348,273,273,273,273,273,286,286,286,297,351,351,453,453,465,196,196,196],"floor_reached":37,"language":"ENG","playtime":4819,"items_purged":["Strike_G","Strike_G"],"score":359,"play_id":"c43711e0-43e8-4a36-9b0b-f351e411c432","local_time":"20210204073935","is_ascension_mode":false,"campfire_choices":[{"floor":6.0,"key":"REST"},{"floor":8.0,"key":"REST"},{"data":"All Out Attack","floor":11.0,"key":"SMITH"},{"floor":15.0,"key":"REST"},{"data":"Blade Dance","floor":23.0,"key":"SMITH"},{"data":"Poisoned Stab","floor":25.0,"key":"SMITH"},{"floor":28.0,"key":"REST"},{"floor":32.0,"key":"REST"}],"circlet_count":0,"master_deck":["Strike_G+1","Strike_G+1","Defend_G+1","Defend_G+1","Defend_G+1","Defend_G+1","Defend_G+1","Survivor","Neutralize","Dagger Spray","Deadly Poison","Deadly Poison","Dagger Spray","All Out Attack+1","Dagger Throw","Blade Dance+1","Poisoned Stab+1","After Image+1","Dodge and Roll","Dagger Spray","Slice","Backflip+1","Sucker Punch+1","Bane+1","Venomology","Poisoned Stab","Apotheosis"],"relics":["Ring of the Snake","Orichalcum","Happy Flower","Tiny House","Kunai","Ancient Tea Set","HoveringKite"],"acts_visited":[],"potions_floor_usage":[35,37],"damage_taken":[{"damage":20.0,"enemies":"Jaw Worm","floor":1.0,"turns":6.0},{"damage":6.0,"enemies":"2 Louse","floor":4.0,"turns":2.0},{"damage":0.0,"enemies":"Cultist","floor":5.0,"turns":4.0},{"damage":30.0,"enemies":"Gremlin Gang","floor":7.0,"turns":4.0},{"damage":16.0,"enemies":"3 Louse","floor":12.0,"turns":3.0},{"damage":0.0,"enemies":"2 Fungi Beasts","floor":13.0,"turns":3.0},{"damage":5.0,"enemies":"Looter","floor":14.0,"turns":3.0},{"damage":1.0,"enemies":"Slime Boss","floor":16.0,"turns":7.0},{"damage":12.0,"enemies":"Shell Parasite","floor":18.0,"turns":5.0},{"damage":11.0,"enemies":"Chosen","floor":20.0,"turns":5.0},{"damage":23.0,"enemies":"Snake Plant","floor":27.0,"turns":5.0},{"damage":17.0,"enemies":"Cultist and Chosen","floor":30.0,"turns":7.0},{"damage":10.0,"enemies":"Automaton","floor":33.0,"turns":10.0},{"damage":31,"enemies":"3 Darklings","floor":35,"turns":9},{"damage":47,"enemies":"2 Orb Walkers","floor":37,"turns":3}],"seed_played":"-4870997418168606529","potions_obtained":[{"floor":7.0,"key":"DistilledChaos"},{"floor":12.0,"key":"SteroidPotion"},{"floor":13.0,"key":"BlessingOfTheForge"},{"floor":14.0,"key":"Weak Potion"},{"floor":17.0,"key":"PowerPotion"},{"floor":30.0,"key":"GamblersBrew"}],"is_trial":false,"path_per_floor":["M","$","?","M","M","R","M","R","T","?","R","M","M","M","R","B",null,"M","$","M","?","?","R","?","R","T","M","R","?","M","T","R","B",null,"M","$","?"],"character_chosen":"THE_SILENT","items_purchased":["Orichalcum","Deadly Poison","Slice","Apotheosis","Weak Potion","ColorlessPotion"],"campfire_rested":5,"item_purchase_floors":[2,2,19,36,36,36],"current_hp_per_floor":[50,50,50,44,44,65,35,56,56,56,56,40,40,35,56,55,75,63,63,52,52,52,52,52,52,52,29,51,51,34,34,56,46,75,44,44,0,0],"gold":196,"neow_bonus":"TWO_FIFTY_GOLD","is_daily":false,"chose_seed":false,"campfire_upgraded":3,"win_rate":0.0,"timestamp":1612449575,"path_taken":["M","$","?","M","M","R","M","R","T","?","R","?","M","M","R","BOSS","M","$","?","?","?","R","?","R","T","M","R","?","M","?","R","BOSS","M","$","?"],"items_purchased_type":["Relic","Card","Card","Card","Potion","Potion"],"build_version":"2020-12-22","purchased_purges":2,"victory":false,"max_hp_per_floor":[70,70,70,70,70,70,70,70,70,70,70,70,70,70,70,70,75,75,75,75,75,75,75,75,75,75,75,75,75,75,75,75,75,75,75,75,75,75],"relic_stats":{"Happy Flower":[4],"counters":[2,12],"HoveringKite":[5],"Kunai":[3],"Orichalcum":[6],"obtain_stats":[{"Tiny House":0,"Happy Flower":0,"HoveringKite":0,"Kunai":0,"Orichalcum":0,"Ancient Tea Set":0,"Ring of the Snake":0},{"Tiny House":0,"Happy Flower":0,"HoveringKite":0,"Kunai":0,"Orichalcum":0,"Ancient Tea Set":0,"Ring of the Snake":0},{"Tiny House":0,"Happy Flower":0,"HoveringKite":0,"Kunai":0,"Orichalcum":0,"Ancient Tea Set":0,"Ring of the Snake":0}],"Ring of the Snake":[4]},"card_choices":[{"not_picked":["Escape Plan","Dagger Throw"],"picked":"Dagger Spray","floor":1.0},{"not_picked":["Endless Agony","Blade Dance"],"picked":"Deadly Poison","floor":4.0},{"not_picked":["Leg Sweep","Bane"],"picked":"Dagger Spray","floor":5.0},{"not_picked":["Bane","Well Laid Plans"],"picked":"All Out Attack","floor":7.0},{"not_picked":["Masterful Stab","Dodge and Roll"],"picked":"Dagger Throw","floor":12.0},{"not_picked":["Underhanded Strike","Corpse Explosion"],"picked":"Blade Dance","floor":13.0},{"not_picked":["Dash","Deadly Poison"],"picked":"Poisoned Stab","floor":14.0},{"not_picked":["Malaise","Unload"],"picked":"After Image","floor":16.0},{"not_picked":["Prepared","Flying Knee"],"picked":"Dodge and Roll","floor":17.0},{"not_picked":["Bane+1","Sucker Punch"],"picked":"Dagger Spray","floor":18.0},{"not_picked":["Dagger Throw","Underhanded Strike"],"picked":"Backflip+1","floor":20.0},{"not_picked":["Underhanded Strike","Bullet Time"],"picked":"Sucker Punch+1","floor":27.0},{"not_picked":["Flying Knee","Slice"],"picked":"Bane+1","floor":30.0},{"not_picked":["Doppelganger","Die Die Die"],"picked":"Venomology","floor":33.0},{"not_picked":["Flying Knee","PiercingWail"],"picked":"Poisoned Stab","floor":35}],"player_experience":7552,"relics_obtained":[{"floor":9.0,"key":"Happy Flower"},{"floor":26.0,"key":"Kunai"},{"floor":31.0,"key":"Ancient Tea Set"}],"event_choices":[{"damage_healed":0.0,"max_hp_gain":0.0,"max_hp_loss":0.0,"gold_gain":0.0,"event_name":"Golden Wing","player_choice":"Ignored","floor":3.0,"gold_loss":0.0,"damage_taken":0.0},{"cards_removed":["Doubt"],"damage_healed":0.0,"max_hp_gain":0.0,"max_hp_loss":0.0,"gold_gain":0.0,"event_name":"Purifier","player_choice":"Purged","floor":10.0,"gold_loss":0.0,"damage_taken":0.0},{"damage_healed":0.0,"max_hp_gain":0.0,"max_hp_loss":0.0,"gold_gain":99.0,"event_name":"Nest","player_choice":"Stole From Cult","floor":21.0,"gold_loss":0.0,"damage_taken":0.0},{"cards_removed":["Strike_G"],"damage_healed":0.0,"max_hp_gain":0.0,"max_hp_loss":0.0,"gold_gain":0.0,"event_name":"Beggar","player_choice":"Gave Gold","floor":22.0,"gold_loss":75.0,"damage_taken":0.0},{"damage_healed":0.0,"max_hp_gain":0.0,"max_hp_loss":0.0,"gold_gain":0.0,"event_name":"Back to Basics","player_choice":"Simplicity","floor":24.0,"gold_loss":0.0,"damage_taken":0.0,"cards_upgraded":["Strike_G","Strike_G","Defend_G","Defend_G","Defend_G","Defend_G","Defend_G"]},{"damage_healed":0.0,"max_hp_gain":0.0,"max_hp_loss":0.0,"gold_gain":0.0,"event_name":"The Mausoleum","player_choice":"Ignored","floor":29.0,"gold_loss":0.0,"damage_taken":0.0},{"damage_healed":0,"gold_gain":0,"player_choice":"Fight","damage_taken":0,"max_hp_gain":0,"max_hp_loss":0,"event_name":"Mysterious Sphere","floor":37,"gold_loss":0}],"is_beta":false,"boss_relics":[{"not_picked":["Runic Dome","Runic Pyramid"],"picked":"Tiny House"},{"not_picked":["Sozu","Philosopher\u0027s Stone"],"picked":"HoveringKite"}],"items_purged_floors":[2,19],"is_endless":false,"potions_floor_spawned":[7,12,13,14,20,30],"killed_by":"2 Orb Walkers","ascension_level":0}}