{"host":"07r93aoh0acudpwr","time":1612405429,"event":{"mods":["AchievementEnabler","Art Attack!","Ascension Reborn","Ascension Unlocker","Aspiration","BaseMod","Beaked The Cultist","Better Third Choice","BetterRewards","Bossed Relics","Conspire","Custom Start","Defuse TimeMaze Blight","Downfall","Duelist Mod","Energized Spire","Evolution","Grow up Mod","GungeonMod","Halation","Hermit","Hero for Fun","Hubris","Jedi Mod","Minty Spire (QoL Compilation)","QueenMod","RRrroohrrRGHHhhh!!","Replay The Spire","Small Relic Pack","Spikes Relics","StSLib","The Bug Knight","The Construct","The Hierophant","The Saiyan","Trackpad","Wandering Minibosses","Warlord Emblem","[IsaacMod]????"],"gold_per_floor":[119,4,4,20,44,44,44,44],"floor_reached":7,"language":"ENG","playtime":118,"items_purged":[],"score":99,"play_id":"47d78acc-5ed0-4a27-9038-b5309085a113","local_time":"20210203212349","is_ascension_mode":true,"campfire_choices":[{"floor":6,"key":"RECALL"}],"circlet_count":0,"master_deck":["ArtAttackMod:ArtAttack","Strike_P","Strike_P","Strike_P","Strike_P","Defend_P","Defend_P","Defend_P","Defend_P","Eruption","Vigilance","Wallop","EmptyFist"],"relics":["PureWater","EVO:Axolotl","HushsDoor","BelialBook","rorgmod:Ceramic Fish","DemoMod:GnawedKey","hubris:Icosahedron"],"acts_visited":["Exordium"],"potions_floor_usage":[],"damage_taken":[{"damage":24,"enemies":"Jaw Worm","floor":1,"turns":2},{"damage":0,"enemies":"2 Louse","floor":4,"turns":2},{"damage":99999999,"enemies":"Gremlin Nob","floor":7,"turns":2}],"seed_played":"6822051694655970198","potions_obtained":[],"is_trial":false,"path_per_floor":["M","$","?","M","T","R","E"],"character_chosen":"WATCHER","items_purchased":["DemoMod:GnawedKey"],"campfire_rested":0,"item_purchase_floors":[2],"current_hp_per_floor":[68,78,88,98,108,118,0,0],"gold":44,"neow_bonus":"RANDOM_COMMON_RELIC","is_daily":false,"chose_seed":false,"campfire_upgraded":0,"win_rate":0.0,"timestamp":1612405429,"path_taken":["M","$","?","?","?","R","E"],"items_purchased_type":["Relic"],"build_version":"2020-12-22","purchased_purges":0,"victory":false,"max_hp_per_floor":[92,102,112,122,132,142,142,142],"card_choices":[{"not_picked":[],"picked":"SuicideKing","floor":0},{"not_picked":["Halt","PathToVictory"],"picked":"Wallop","floor":1},{"not_picked":["ThirdEye","Protect"],"picked":"EmptyFist","floor":4}],"player_experience":170039,"relics_obtained":[],"event_choices":[],"is_beta":false,"boss_relics":[],"items_purged_floors":[],"is_endless":false,"potions_floor_spawned":[],"killed_by":"Gremlin Nob","ascension_level":5}}