{"host":"6q94iy5iz6612v89","time":1612476762,"event":{"mods":["2.2 Compatiblity","AchievementEnabler","BaseMod","Colored Map","DeckTracker","Keyboard Shortcuts","Minty Spire (QoL Compilation)","Permanent Neow","StSLib","SuperFastMode"],"gold_per_floor":[362,379,379,41,58,90,105,55,55,69,87,121,141,170,170,241,291,310,310,78,78,88,88,105,136,184,204,229,247,265,281,281,281,281],"floor_reached":33,"language":"KOR","playtime":894,"items_purged":["Strike_B","Strike_B","Strike_B"],"score":676,"play_id":"d1573dd0-d51c-4724-8a11-b40bd3f5c1f2","local_time":"20210205071242","is_ascension_mode":true,"campfire_choices":[{"data":"Electrodynamics","floor":15.0,"key":"SMITH"},{"data":"Go for the Eyes","floor":23.0,"key":"SMITH"},{"data":"Blizzard","floor":32,"key":"SMITH"}],"circlet_count":0,"master_deck":["AscendersBane","Strike_B","Defend_B","Defend_B","Defend_B","Defend_B","Zap","Dualcast+1","Sunder+1","Conserve Battery","Rip and Tear","Cold Snap","Go for the Eyes+1","Electrodynamics+1","Coolheaded","Blizzard+1","Glacier","Coolheaded"],"relics":["Membership Card","Mercury Hourglass","Orichalcum","Bag of Preparation","Singing Bowl","Pocketwatch","Tiny House","Oddly Smooth Stone","Bag of Marbles","Nloth\u0027s Gift","Lizard Tail","DataDisk"],"acts_visited":["Exordium","TheCity"],"potions_floor_usage":[28,30,33,33],"damage_taken":[{"damage":11.0,"enemies":"2 Louse","floor":1.0,"turns":3.0},{"damage":6.0,"enemies":"Cultist","floor":2.0,"turns":3.0},{"damage":0.0,"enemies":"Small Slimes","floor":5.0,"turns":2.0},{"damage":8.0,"enemies":"Gremlin Nob","floor":6.0,"turns":3.0},{"damage":0.0,"enemies":"Exordium Thugs","floor":7.0,"turns":3.0},{"damage":1.0,"enemies":"Red Slaver","floor":10.0,"turns":3.0},{"damage":0.0,"enemies":"Lots of Slimes","floor":11.0,"turns":2.0},{"damage":5.0,"enemies":"3 Sentries","floor":12.0,"turns":4.0},{"damage":2.0,"enemies":"Exordium Wildlife","floor":13.0,"turns":2.0},{"damage":0.0,"enemies":"Gremlin Nob","floor":14.0,"turns":3.0},{"damage":24.0,"enemies":"The Guardian","floor":16.0,"turns":9.0},{"damage":0.0,"enemies":"3 Byrds","floor":18.0,"turns":2.0},{"damage":2.0,"enemies":"Chosen","floor":22.0,"turns":3.0},{"damage":13.0,"enemies":"Centurion and Healer","floor":24.0,"turns":4.0},{"damage":35.0,"enemies":"Slavers","floor":25.0,"turns":3.0},{"damage":0,"enemies":"Chosen and Byrds","floor":27,"turns":5},{"damage":24,"enemies":"Gremlin Leader","floor":28,"turns":5},{"damage":0,"enemies":"Cultist and Chosen","floor":29,"turns":5},{"damage":10,"enemies":"Snake Plant","floor":30,"turns":5},{"damage":4,"enemies":"Centurion and Healer","floor":31,"turns":5},{"damage":48,"enemies":"Collector","floor":33,"turns":11}],"seed_played":"4167691113668059902","potions_obtained":[{"floor":2.0,"key":"Fire Potion"},{"floor":7.0,"key":"Explosive Potion"},{"floor":11.0,"key":"FearPotion"},{"floor":12.0,"key":"EntropicBrew"},{"floor":16.0,"key":"Swift Potion"},{"floor":25.0,"key":"PotionOfCapacity"},{"floor":28,"key":"EssenceOfDarkness"},{"floor":29,"key":"AttackPotion"},{"floor":30,"key":"Fire Potion"}],"is_trial":false,"path_per_floor":["M","M","?","$","M","E","M","$","T","M","M","E","M","E","R","B",null,"M","?","$","?","M","R","M","E","T","M","E","M","M","M","R","B"],"character_chosen":"DEFECT","items_purchased":["Membership Card","Mercury Hourglass","Oddly Smooth Stone","Bag of Marbles"],"campfire_rested":0,"item_purchase_floors":[4,4,20,20],"current_hp_per_floor":[53,47,47,47,47,39,39,39,39,38,38,35,35,37,37,15,63,63,63,63,63,63,63,64,29,29,31,9,9,44,42,42,0,0],"gold":281,"neow_bonus":"TWO_FIFTY_GOLD","is_daily":false,"chose_seed":false,"campfire_upgraded":3,"win_rate":0.0,"timestamp":1612476762,"path_taken":["M","M","?","$","M","E","M","?","T","M","M","E","M","E","R","BOSS","M","?","$","?","M","R","M","E","T","M","E","?","M","M","R","BOSS"],"items_purchased_type":["Relic","Relic","Relic","Relic"],"build_version":"2020-12-22","purchased_purges":3,"victory":false,"max_hp_per_floor":[64,64,64,64,64,64,64,64,64,64,64,66,68,70,70,72,77,77,77,77,77,79,79,81,81,81,83,85,85,87,89,89,89,89],"card_choices":[{"not_picked":["Hologram","Stack"],"picked":"Sunder","floor":1.0},{"not_picked":["White Noise","Stack"],"picked":"Conserve Battery","floor":2.0},{"not_picked":["Stack","Chill"],"picked":"Rip and Tear","floor":5.0},{"not_picked":["Auto Shields","Compile Driver"],"picked":"Cold Snap","floor":6.0},{"not_picked":["Auto Shields","Leap"],"picked":"Go for the Eyes","floor":7.0},{"not_picked":["Undo","Coolheaded"],"picked":"Electrodynamics","floor":10.0},{"not_picked":["Sweeping Beam","Stack","Go for the Eyes"],"picked":"SKIP","floor":11.0},{"not_picked":["Steam","FTL","Undo"],"picked":"Singing Bowl","floor":12.0},{"not_picked":["Skim","Stack","Gash"],"picked":"Singing Bowl","floor":13.0},{"not_picked":["Go for the Eyes","Creative AI","Undo"],"picked":"Singing Bowl","floor":14.0},{"not_picked":["Machine Learning","Fission","Meteor Strike"],"picked":"Singing Bowl","floor":16.0},{"not_picked":["Sunder","Static Discharge"],"picked":"Coolheaded","floor":17.0},{"not_picked":["BootSequence","Leap"],"picked":"Blizzard","floor":18.0},{"not_picked":["Steam","Streamline","Meteor Strike"],"picked":"Singing Bowl","floor":22.0},{"not_picked":["Darkness","Beam Cell","Steam"],"picked":"Singing Bowl","floor":24.0},{"not_picked":["Beam Cell+1","Turbo"],"picked":"Glacier","floor":25.0},{"not_picked":["Gash","Hello World","Redo"],"picked":"Singing Bowl","floor":27},{"not_picked":["Steam","Rip and Tear+1","Lockon"],"picked":"Singing Bowl","floor":28},{"not_picked":["Aggregate","Gash"],"picked":"Coolheaded","floor":29},{"not_picked":["Rebound","Gash+1","Turbo"],"picked":"Singing Bowl","floor":30},{"not_picked":["Scrape+1","Meteor Strike","Auto Shields"],"picked":"Singing Bowl","floor":31}],"player_experience":1462514,"relics_obtained":[{"floor":6.0,"key":"Orichalcum"},{"floor":9.0,"key":"Bag of Preparation"},{"floor":12.0,"key":"Singing Bowl"},{"floor":14.0,"key":"Pocketwatch"},{"floor":25.0,"key":"Lizard Tail"},{"floor":28,"key":"DataDisk"}],"event_choices":[{"damage_healed":0.0,"max_hp_gain":0.0,"max_hp_loss":0.0,"gold_gain":0.0,"event_name":"Upgrade Shrine","player_choice":"Upgraded","floor":3.0,"gold_loss":0.0,"damage_taken":0.0,"cards_upgraded":["Sunder"]},{"damage_healed":0.0,"max_hp_gain":0.0,"max_hp_loss":0.0,"gold_gain":0.0,"event_name":"Match and Keep!","player_choice":"0 cards matched","floor":19.0,"gold_loss":0.0,"damage_taken":0.0,"cards_obtained":[]},{"damage_healed":0.0,"max_hp_gain":0.0,"max_hp_loss":0.0,"gold_gain":0.0,"event_name":"N\u0027loth","player_choice":"Traded Relic","floor":21.0,"relics_lost":["Cracked Core"],"gold_loss":0.0,"damage_taken":0.0,"relics_obtained":["Nloth\u0027s Gift"]}],"is_beta":false,"boss_relics":[{"not_picked":["Snecko Eye","Black Star"],"picked":"Tiny House"}],"items_purged_floors":[4,8,20],"is_endless":false,"potions_floor_spawned":[2,7,11,12,16,25,28,29,30],"killed_by":"Collector","ascension_level":20}}