{"host":"rm0ctv8qd8mnbkg1","time":1612439448,"event":{"mods":["BaseMod","BetterRewards","Colored Map","DNKmod","Dark Map","Defuse TimeMaze Blight","Friendly Minions","Hubris","Hunter ??","Infinite Spire","Minty Spire (QoL Compilation)","MostiFishMod","Permanent Neow","Quarter Circle Forward PUNCH!","RRrroohrrRGHHhhh!!","Rare Cards Sparkle","Relic Sorter","Reliquary","Replay The Spire","RumiaBox-????????","Shade Mod","Shop Mod","Spicy Shops","Spire Arcade","StS++","StSLib","The Dragon Tamer","The Poker Player","The Servant 0.9.4","Wandering Minibosses","[IsaacMod]????","??????REMEMod"],"gold_per_floor":[10111,9574,9574,9584,8996,8996,9021,9033,9084,9097,9097,9110,9122,9132,9132,9228,9228,9246,8996,8646,8646,8666,8666,8724,8737,8737,8737,8737,8737],"floor_reached":27,"language":"ENG","playtime":841,"items_purged":[],"score":385,"play_id":"43f557c2-62af-4437-9e1b-33194a16e39a","local_time":"20210204115048","is_ascension_mode":false,"metric_token":2067,"campfire_choices":[{"data":"1","floor":6,"key":"LIFT"},{"data":"2","floor":11,"key":"LIFT"},{"data":"3","floor":15,"key":"LIFT"},{"data":"DTMod:Harmonize","floor":23,"key":"SMITH"}],"dtmod_dragon_data":[34,50,-1,-1,0,0],"circlet_count":0,"master_deck":["DTMod:Strike","DTMod:Strike","DTMod:Strike","DTMod:Strike","DTMod:DoubleHit","DTMod:TargetDefense","DTMod:TargetDefense","DTMod:TargetDefense","DTMod:TargetDefense","DTMod:SwitchingTactic","EpicFetus","DTMod:InvisibleFlame","DTMod:QuickFly","DTMod:CalculatedDefense","DTMod:SneakAttack","DTMod:DarkBreath","DTMod:FlameSlash","DTMod:Haste","DTMod:BreakAttack","DTMod:ComboAttack","DTMod:StarRain","DTMod:MagicField","DTMod:Harmonize+1","DTMod:Weaken","GremboGang","DTMod:CalculatedDefense","DTMod:SealedStrike","DTMod:SneakAttack","DTMod:InvisibleFlame","DTMod:BizarreTactic"],"relics":["DTMod:PactStone","REME_ComplimentaryCards","HushsDoor","DaveBox","DianDianMeat","SatanicBible","Girya","Sling","Vajra","HandDrill","infinitespire:Lucky Rock","SalivaCoin","infinitespire:Broken Mirror","reliquary:SilkGlove","rorgmod:Black Star","GuppysTail","wanderingMiniBosses:CarrionFlame","Orichalcum","qcfpunch:Red_Headband","Bird Faced Urn"],"acts_visited":["Exordium","TheCity"],"potions_floor_usage":[],"damage_taken":[{"damage":0,"enemies":"2 Louse","floor":1,"turns":2},{"damage":0,"enemies":"Cultist","floor":4,"turns":3},{"damage":0,"enemies":"3 Sentries","floor":7,"turns":2},{"damage":0,"enemies":"Small Slimes","floor":8,"turns":2},{"damage":0,"enemies":"Looter","floor":10,"turns":2},{"damage":0,"enemies":"Large Slime","floor":12,"turns":2},{"damage":0,"enemies":"Gremlin Gang","floor":13,"turns":1},{"damage":0,"enemies":"Lots of Slimes","floor":14,"turns":2},{"damage":0,"enemies":"The Guardian","floor":16,"turns":5},{"damage":0,"enemies":"2 Thieves","floor":18,"turns":2},{"damage":0,"enemies":"Spheric Guardian","floor":22,"turns":8},{"damage":0,"enemies":"Slavers","floor":24,"turns":2},{"damage":0,"enemies":"Centurion and Healer","floor":25,"turns":2},{"damage":0,"enemies":"Shelled Parasite and Fungi","floor":27,"turns":2}],"seed_played":"5359610986507956899","potions_obtained":[{"floor":1,"key":"Energy Potion"},{"floor":4,"key":"FairyPotion"}],"is_trial":false,"path_per_floor":["M","$","?","M","$","R","E","M","T","M","R","M","M","M","R","B",null,"M","?","$","?","M","R","E","M","T","M"],"character_chosen":"THE_DT","items_purchased":["Girya","Sling","DTMod:CalculatedDefense","DTMod:DarkBreath","DTMod:FlameSlash","HandDrill","infinitespire:Lucky Rock","SalivaCoin","GuppysTail","DTMod:Harmonize","DTMod:CalculatedDefense","DTMod:SealedStrike","DTMod:SneakAttack"],"campfire_rested":0,"item_purchase_floors":[2,2,2,5,5,5,5,5,17,17,20,20,20],"current_hp_per_floor":[1003,1006,999,1003,1014,1014,1021,1029,1029,1038,1038,1048,1059,1059,1059,1059,1065,1078,1092,1140,1140,1158,1158,1177,1177,1177,1177,1177,1177],"gold":8737,"neow_bonus":"HUNDRED_GOLD","is_daily":false,"chose_seed":false,"campfire_upgraded":1,"win_rate":0.0,"timestamp":1612439448,"path_taken":["M","$","?","M","$","R","E","M","T","M","R","M","?","M","R","BOSS","M","?","$","?","M","R","E","M","T","M"],"items_purchased_type":["Relic","Relic","Card","Card","Card","Relic","Relic","Relic","Relic","Card","Card","Card","Card"],"build_version":"2020-12-22","purchased_purges":0,"victory":false,"max_hp_per_floor":[1003,1006,1006,1010,1021,1021,1028,1036,1036,1045,1045,1055,1066,1066,1066,1066,1065,1078,1092,1140,1140,1158,1158,1177,1177,1177,1177,1177,1177],"card_choices":[{"not_picked":[],"picked":"EpicFetus","floor":0},{"not_picked":["DTMod:Feint","DTMod:BlazingStrike"],"picked":"DTMod:QuickFly","floor":1},{"not_picked":["DTMod:Threaten","DTMod:Shift"],"picked":"DTMod:SneakAttack","floor":4},{"not_picked":["DTMod:QuickFly","DTMod:MagicField"],"picked":"DTMod:Haste","floor":7},{"not_picked":["DTMod:BurningEnergy","DTMod:BuildUp"],"picked":"DTMod:BreakAttack","floor":8},{"not_picked":["Bomb","DTMod:Punisher"],"picked":"DTMod:ComboAttack","floor":10},{"not_picked":["DTMod:Shift","DTMod:BreakAttack"],"picked":"DTMod:StarRain","floor":12},{"not_picked":["DTMod:EchoTactic","DTMod:BlazingStrike"],"picked":"DTMod:MagicField","floor":13},{"not_picked":["DTMod:BlazingStrike","DTMod:BizarreTactic","DTMod:RepeatStrike"],"picked":"SKIP","floor":14},{"not_picked":["DTMod:CleansingStrike","DTMod:Cover"],"picked":"DTMod:Weaken","floor":18},{"not_picked":["DTMod:EchoTactic","DTMod:Astonish"],"picked":"DTMod:InvisibleFlame","floor":22},{"not_picked":["DTMod:Astonish","DTMod:Cover+1"],"picked":"DTMod:BizarreTactic","floor":24},{"not_picked":["DTMod:Hide","DTMod:MagicField+1","DTMod:RecklessFlurry+1"],"picked":"SKIP","floor":25}],"player_experience":208437,"relics_obtained":[{"floor":7,"key":"infinitespire:Broken Mirror"},{"floor":9,"key":"reliquary:SilkGlove"},{"floor":22,"key":"wanderingMiniBosses:CarrionFlame"},{"floor":24,"key":"Orichalcum"},{"floor":24,"key":"qcfpunch:Red_Headband"},{"floor":26,"key":"Bird Faced Urn"}],"event_choices":[{"damage_healed":0,"gold_gain":0,"player_choice":"Success","damage_taken":7,"relics_obtained":["Vajra"],"max_hp_gain":0,"max_hp_loss":0,"event_name":"Scrap Ooze","floor":3,"gold_loss":0}],"is_beta":false,"boss_relics":[{"not_picked":["StSpp:Magatama","Replay:Ancient Bell"],"picked":"rorgmod:Black Star"},{"not_picked":[]}],"items_purged_floors":[],"is_endless":false,"potions_floor_spawned":[1,4,8,10,24,25],"killed_by":"Shelled Parasite and Fungi","ascension_level":0}}