{"host":"Doisman","time":1612477210,"event":{"mods":["AchievementEnabler","BaseMod","Better Note","Curses Come First","Minty Spire (QoL Compilation)","Permanent Neow","Relic Stats","Replay The Spire","StSLib"],"gold_per_floor":[112,112,112,112,137,137,178,192,215,215,234,273,273,286,286,416,516,530,530,544,544,558,558,594,594,594,594,844,879,902,902,902,1004,1054,1071,503,517,517,517,517,542,542,593,611,611,407,407,440,440,440],"floor_reached":51,"language":"ENG","playtime":2046,"items_purged":["Decay","Strike_P"],"score":988,"play_id":"98df3962-9471-4a5f-bc42-318c6710bb03","local_time":"20210204162010","is_ascension_mode":true,"campfire_choices":[{"floor":6.0,"key":"REST"},{"data":"WreathOfFlame","floor":10.0,"key":"SMITH"},{"floor":13.0,"key":"REST"},{"data":"WindmillStrike","floor":15.0,"key":"SMITH"},{"floor":23,"key":"REST"},{"data":"WheelKick","floor":25,"key":"SMITH"},{"data":"FlurryOfBlows","floor":27,"key":"SMITH"},{"floor":32,"key":"REST"},{"data":"ReplayUltimateDefense","floor":40,"key":"SMITH"},{"data":"WindmillStrike","floor":42,"key":"SMITH"},{"data":"DevaForm","floor":45,"key":"SMITH"},{"floor":49,"key":"REST"}],"circlet_count":0,"master_deck":["Strike_P","Strike_P","Strike_P","Defend_P","Defend_P","Defend_P","Defend_P","Eruption+1","Vigilance+1","FlyingSleeves+1","Protect","WreathOfFlame+1","WheelKick+1","WindmillStrike+1","Crescendo","MasterReality","ThirdEye+1","TalkToTheHand+1","FlurryOfBlows+1","EmptyFist+1","Replay:LoomingThreat","MentalFortress+1","DevaForm+1","Omniscience","SandsOfTime","WindmillStrike+1","JustLucky","DeceiveReality","Fasting2","FlyingSleeves","Protect","Madness","ReplayUltimateDefense+1","ReplayTheSpireMod:Private Reserves","Sanctity","Pot Of Greed","Pot Of Greed","Pot Of Greed","Pot Of Greed","ClearTheMind","CutThroughFate","Fasting2+1"],"relics":["Sozu","Bloody Idol","Pen Nib","Replay:Mystery Machine","Regal Pillow","Replay:Wanted Poster","Simple Rune","Lizard Tail","WingedGreaves","Tiny House","Replay:WaspNest","Strawberry","Grinning Jar","Oddly Smooth Stone"],"acts_visited":["Exordium","TheCity","TheBeyond"],"potions_floor_usage":[],"damage_taken":[{"damage":0.0,"enemies":"2 Louse","floor":1.0,"turns":2.0},{"damage":31.0,"enemies":"Lagavulin","floor":7.0,"turns":5.0},{"damage":0.0,"enemies":"Small Slimes","floor":8.0,"turns":2.0},{"damage":6.0,"enemies":"Jaw Worm","floor":11.0,"turns":2.0},{"damage":10.0,"enemies":"Gremlin Nob","floor":12.0,"turns":4.0},{"damage":0.0,"enemies":"Large Slime","floor":14.0,"turns":3.0},{"damage":6.0,"enemies":"Hexaghost","floor":16.0,"turns":6.0},{"damage":0.0,"enemies":"Spheric Guardian","floor":18.0,"turns":2.0},{"damage":37.0,"enemies":"Shell Parasite","floor":20.0,"turns":4.0},{"damage":7,"enemies":"Snake Plant","floor":22,"turns":3},{"damage":0,"enemies":"Gremlin Leader","floor":24,"turns":6},{"damage":23,"enemies":"Slavers","floor":29,"turns":5},{"damage":10,"enemies":"Centurion and Healer","floor":30,"turns":4},{"damage":61,"enemies":"Collector","floor":33,"turns":9},{"damage":24,"enemies":"3 Darklings","floor":35,"turns":5},{"damage":3,"enemies":"Orb Walker","floor":37,"turns":4},{"damage":0,"enemies":"Giant Head","floor":41,"turns":7},{"damage":14,"enemies":"Transient","floor":44,"turns":5},{"damage":11,"enemies":"Nemesis","floor":48,"turns":11},{"damage":0,"enemies":"Time Eater","floor":50,"turns":7}],"seed_played":"8119416486676463454","potions_obtained":[],"is_trial":false,"path_per_floor":["M","?","?","?","T","R","E","M","T","R","M","E","R","M","R","B",null,"M","?","M","?","M","R","E","R","T","R","?","E","M","?","R","B",null,"M","$","M","?","?","R","E","R","T","M","R","$","?","E","R","B",null],"character_chosen":"WATCHER","items_purchased":["JustLucky","DeceiveReality","Fasting2","FlyingSleeves","Replay:WaspNest","ClearTheMind","CutThroughFate"],"campfire_rested":5,"item_purchase_floors":[36,36,36,36,36,46,46],"current_hp_per_floor":[72,58,40,40,40,61,30,30,30,30,24,14,50,50,50,44,72,72,72,35,35,28,64,64,64,64,64,64,41,31,31,67,11,77,58,58,60,60,50,50,62,62,67,58,58,58,58,52,84,84],"gold":440,"neow_bonus":"BOSS_RELIC","is_daily":false,"chose_seed":false,"campfire_upgraded":7,"win_rate":0.0,"timestamp":1612477210,"path_taken":["M","?","?","?","?","R","E","M","T","R","M","E","R","M","R","BOSS","M","?","M","?","?","R","E","R","T","R","?","E","?","?","R","BOSS","M","$","M","?","?","R","E","R","T","M","R","$","?","E","R","BOSS"],"items_purchased_type":["Card","Card","Card","Card","Relic","Card","Card"],"build_version":"2020-12-18","purchased_purges":2,"victory":true,"max_hp_per_floor":[72,72,72,72,72,72,72,72,72,72,72,72,72,72,72,72,72,72,72,72,72,72,72,72,72,72,72,72,72,72,72,72,72,77,77,77,77,77,77,77,84,84,84,84,84,84,84,84,84,84],"relic_stats":{"Sozu":7,"Regal Pillow":52,"Lizard Tail":0,"counters":[20,96],"Bloody Idol":40,"Pen Nib":[19],"obtain_stats":[{"Regal Pillow":9,"Tiny House":34,"Golden Idol":3,"Oddly Smooth Stone":48,"Pen Nib":5,"Replay:WaspNest":36,"Replay:Mystery Machine":7,"Pet Ghost":12,"Sozu":0,"Replay:Wanted Poster":17,"Lizard Tail":26,"Bloody Idol":31,"Strawberry":41,"Simple Rune":24,"WingedGreaves":29,"PureWater":0,"Grinning Jar":43},{"Regal Pillow":3,"Tiny House":14,"Golden Idol":1,"Oddly Smooth Stone":19,"Pen Nib":1,"Replay:WaspNest":15,"Replay:Mystery Machine":2,"Pet Ghost":5,"Sozu":0,"Replay:Wanted Poster":7,"Lizard Tail":11,"Bloody Idol":13,"Strawberry":17,"Simple Rune":11,"WingedGreaves":12,"PureWater":0,"Grinning Jar":17},{"Regal Pillow":9,"Tiny House":57,"Golden Idol":2,"Oddly Smooth Stone":89,"Pen Nib":2,"Replay:WaspNest":62,"Replay:Mystery Machine":7,"Pet Ghost":15,"Sozu":0,"Replay:Wanted Poster":24,"Lizard Tail":39,"Bloody Idol":48,"Strawberry":73,"Simple Rune":39,"WingedGreaves":44,"PureWater":0,"Grinning Jar":73}]},"card_choices":[{"not_picked":["Weave","Replay:Hum"],"picked":"FlyingSleeves","floor":1.0},{"not_picked":["FollowUp","Worship"],"picked":"Protect","floor":7.0},{"not_picked":["Replay:ManipulateFuture","SashWhip"],"picked":"WreathOfFlame","floor":8.0},{"not_picked":["Evaluate","SashWhip"],"picked":"WheelKick","floor":11.0},{"not_picked":["EmptyFist","Nirvana"],"picked":"WindmillStrike","floor":12.0},{"not_picked":["Protect","Blasphemy"],"picked":"Crescendo","floor":14.0},{"not_picked":["Replay:AllIn","Devotion"],"picked":"MasterReality","floor":16.0},{"not_picked":["Pray+1","Worship"],"picked":"ThirdEye+1","floor":18.0},{"not_picked":["EmptyBody","Wallop"],"picked":"TalkToTheHand+1","floor":20},{"not_picked":["Nirvana","ThirdEye"],"picked":"FlurryOfBlows","floor":22},{"not_picked":["SashWhip","CrushJoints"],"picked":"EmptyFist+1","floor":24},{"not_picked":["Blasphemy","Replay:AllIn"],"picked":"Replay:LoomingThreat","floor":28},{"not_picked":["Replay:Anticipation","BowlingBash"],"picked":"MentalFortress+1","floor":29},{"not_picked":["JustLucky","FlyingSleeves"],"picked":"DevaForm","floor":30},{"not_picked":["SpiritShield","Brilliance"],"picked":"Omniscience","floor":33},{"not_picked":["EmptyBody","Adaptation"],"picked":"SandsOfTime","floor":34},{"not_picked":["Consecrate+1","Nirvana"],"picked":"WindmillStrike","floor":35},{"not_picked":["CarveReality+1","Prostrate"],"picked":"Protect","floor":37},{"not_picked":["Midas Touch","Swift Strike"],"picked":"Madness","floor":39},{"not_picked":["Jack Of All Trades","PanicButton"],"picked":"ReplayUltimateDefense","floor":39},{"not_picked":["ReplayTheSpireMod:Brewmster","Good Instincts"],"picked":"ReplayTheSpireMod:Private Reserves","floor":39},{"not_picked":["Replay:ManipulateFuture+1","Worship"],"picked":"Sanctity","floor":41},{"not_picked":["CrushJoints+1","BattleHymn+1","Swivel"],"picked":"SKIP","floor":44},{"not_picked":["EmptyBody","BattleHymn"],"picked":"Fasting2+1","floor":48}],"player_experience":1079525,"relics_obtained":[{"floor":5.0,"key":"Pen Nib"},{"floor":7.0,"key":"Replay:Mystery Machine"},{"floor":9.0,"key":"Regal Pillow"},{"floor":12.0,"key":"Pet Ghost"},{"floor":24,"key":"Simple Rune"},{"floor":26,"key":"Lizard Tail"},{"floor":29,"key":"WingedGreaves"},{"floor":41,"key":"Strawberry"},{"floor":43,"key":"Grinning Jar"},{"floor":48,"key":"Oddly Smooth Stone"}],"event_choices":[{"damage_healed":0.0,"max_hp_gain":0.0,"max_hp_loss":0.0,"gold_gain":0.0,"event_name":"Shining Light","player_choice":"Entered Light","floor":2.0,"gold_loss":0.0,"damage_taken":14.0,"cards_upgraded":["FlyingSleeves","Vigilance"]},{"damage_healed":0.0,"max_hp_gain":0.0,"max_hp_loss":0.0,"gold_gain":0.0,"event_name":"Golden Idol","player_choice":"Take Damage","floor":3.0,"gold_loss":0.0,"damage_taken":18.0,"relics_obtained":["Golden Idol"]},{"damage_healed":0.0,"max_hp_gain":0.0,"max_hp_loss":0.0,"gold_gain":0.0,"event_name":"Wheel of Change","player_choice":"Cursed","floor":19.0,"gold_loss":0.0,"damage_taken":0.0,"cards_obtained":["Decay"]},{"damage_healed":0,"gold_gain":0,"player_choice":"Ignored","damage_taken":0,"max_hp_gain":0,"max_hp_loss":0,"event_name":"betterNote:BetterNote","floor":21,"gold_loss":0,"cards_obtained":["Bash"]},{"damage_healed":0,"gold_gain":0,"player_choice":"Gave Idol","damage_taken":0,"relics_obtained":["Bloody Idol"],"max_hp_gain":0,"max_hp_loss":0,"event_name":"Forgotten Altar","floor":31,"relics_lost":["Golden Idol"],"gold_loss":0},{"damage_healed":0,"gold_gain":0,"player_choice":"Memory 3","damage_taken":10,"max_hp_gain":0,"max_hp_loss":0,"event_name":"SensoryStone","floor":39,"gold_loss":0}],"is_beta":true,"boss_relics":[{"not_picked":["Fusion Hammer","Busted Crown"],"picked":"Replay:Wanted Poster"},{"not_picked":["Pandora\u0027s Box","Runic Dome"],"picked":"Tiny House"}],"items_purged_floors":[36,46],"is_endless":false,"potions_floor_spawned":[1,11,16,30,35,44],"ascension_level":1}}