{"host":"c6u7e77myxvw4d0m","time":1612438700,"event":{"mods":["AchievementEnabler","BaseMod","Bestiary","Colored Map","Colored Powertips","Minty Spire (QoL Compilation)","Rare Cards Sparkle","Relic Stats","everything is the same but u backflip on backflip"],"gold_per_floor":[110,125,43,43,43,75,89,122,146,146,15,33,87,106,106,106,106],"floor_reached":16,"language":"ENG","playtime":988,"items_purged":["Injury"],"score":270,"play_id":"f5dc83e9-8a23-4cb5-a103-7f2c350a175f","local_time":"20210204133820","is_ascension_mode":true,"campfire_choices":[{"data":"Well Laid Plans","floor":15,"key":"SMITH"}],"circlet_count":0,"master_deck":["AscendersBane","Strike_G","Strike_G","Strike_G","Strike_G+1","Strike_G","Defend_G","Defend_G","Defend_G","Defend_G","Defend_G","Survivor+1","Neutralize","Dagger Throw","Finisher","Slice","Dodge and Roll","Acrobatics","Blade Dance","Cloak And Dagger","Dagger Spray","Footwork","Well Laid Plans+1"],"relics":["Ring of the Snake","NeowsBlessing","Lantern","Bag of Marbles","Smiling Mask","Golden Idol","Oddly Smooth Stone"],"acts_visited":["Exordium"],"potions_floor_usage":[8,16,16],"damage_taken":[{"damage":0,"enemies":"Cultist","floor":1,"turns":1},{"damage":0,"enemies":"Jaw Worm","floor":2,"turns":1},{"damage":0,"enemies":"Gremlin Nob","floor":6,"turns":1},{"damage":0,"enemies":"Small Slimes","floor":7,"turns":1},{"damage":19,"enemies":"Lagavulin","floor":8,"turns":7},{"damage":0,"enemies":"Exordium Thugs","floor":12,"turns":4},{"damage":0,"enemies":"Looter","floor":14,"turns":3},{"damage":20,"enemies":"The Guardian","floor":16,"turns":6}],"seed_played":"-2266542589325058651","potions_obtained":[{"floor":6,"key":"SmokeBomb"},{"floor":7,"key":"Dexterity Potion"},{"floor":12,"key":"Block Potion"}],"is_trial":false,"path_per_floor":["M","M","$","?","?","E","M","E","T","?","$","M","T","M","R","B"],"character_chosen":"THE_SILENT","items_purchased":["Slice","Dodge and Roll","Dagger Spray","Energy Potion"],"campfire_rested":0,"item_purchase_floors":[3,3,11,11],"current_hp_per_floor":[59,59,59,39,39,39,39,20,20,20,20,20,20,20,20,0,0],"gold":106,"neow_bonus":"THREE_ENEMY_KILL","is_daily":false,"chose_seed":false,"campfire_upgraded":1,"win_rate":0.0,"timestamp":1612438700,"path_taken":["M","M","?","?","?","E","?","E","T","?","?","M","?","M","R","BOSS"],"items_purchased_type":["Card","Card","Card","Potion"],"build_version":"2020-12-22","purchased_purges":1,"victory":false,"max_hp_per_floor":[66,66,66,66,66,66,66,66,66,66,66,66,66,66,66,66,66],"relic_stats":{"counters":[8,24],"Golden Idol":8,"Smiling Mask":25,"obtain_stats":[{"Lantern":6,"NeowsBlessing":0,"Golden Idol":10,"Oddly Smooth Stone":13,"Bag of Marbles":8,"Smiling Mask":9,"Ring of the Snake":0},{"Lantern":3,"NeowsBlessing":0,"Golden Idol":5,"Oddly Smooth Stone":6,"Bag of Marbles":5,"Smiling Mask":5,"Ring of the Snake":0},{"Lantern":3,"NeowsBlessing":0,"Golden Idol":11,"Oddly Smooth Stone":15,"Bag of Marbles":11,"Smiling Mask":11,"Ring of the Snake":0}],"Ring of the Snake":[16]},"card_choices":[{"not_picked":["Outmaneuver","Eviscerate"],"picked":"Dagger Throw","floor":1},{"not_picked":["Cloak And Dagger","Flying Knee"],"picked":"Finisher","floor":2},{"not_picked":["Outmaneuver","Deflect"],"picked":"Acrobatics","floor":6},{"not_picked":["Leg Sweep","Accuracy"],"picked":"Blade Dance","floor":7},{"not_picked":["Dodge and Roll","Dagger Throw"],"picked":"Cloak And Dagger","floor":8},{"not_picked":["Bane","Burst"],"picked":"Footwork","floor":12},{"not_picked":["Crippling Poison","Predator"],"picked":"Well Laid Plans","floor":14}],"player_experience":657879,"relics_obtained":[{"floor":6,"key":"Lantern"},{"floor":8,"key":"Bag of Marbles"},{"floor":9,"key":"Smiling Mask"},{"floor":13,"key":"Oddly Smooth Stone"}],"event_choices":[{"damage_healed":0,"gold_gain":0,"player_choice":"Entered Light","damage_taken":20,"max_hp_gain":0,"max_hp_loss":0,"event_name":"Shining Light","floor":4,"gold_loss":0,"cards_upgraded":["Strike_G","Survivor"]},{"damage_healed":0,"gold_gain":0,"player_choice":"Leave","damage_taken":0,"max_hp_gain":0,"max_hp_loss":0,"event_name":"FaceTrader","floor":5,"gold_loss":0},{"damage_healed":0,"gold_gain":0,"player_choice":"Take Wound","damage_taken":0,"relics_obtained":["Golden Idol"],"max_hp_gain":0,"max_hp_loss":0,"event_name":"Golden Idol","floor":10,"gold_loss":0,"cards_obtained":["Injury"]}],"is_beta":false,"boss_relics":[],"items_purged_floors":[11],"is_endless":false,"potions_floor_spawned":[6,7,12],"killed_by":"The Guardian","ascension_level":20}}