{"host":"1mv6gj0zv8k9e9tz","time":1612414194,"event":{"mods":["AchievementEnabler","BaseMod","Better Third Choice","Colored Map","DeckTracker","Highlight Path","KOR Keyword Fix","Keyboard Shortcuts","Minty Spire (QoL Compilation)","Permanent Neow","Quick Restart","Rare Cards Sparkle","StSLib","SuperFastMode","everything is the same but u backflip on backflip"],"gold_per_floor":[119,137,155,28,28,28,28,48,48,48,48,48,64,83,83,157,157,171,171,182,196,209,209,209,209],"floor_reached":24,"language":"KOR","playtime":803,"items_purged":[],"score":352,"play_id":"21f1eab1-f905-4fb9-9271-47ed4e5efdd7","local_time":"20210204134954","is_ascension_mode":true,"campfire_choices":[{"data":"Zap","floor":6,"key":"SMITH"},{"data":"Dualcast","floor":10,"key":"SMITH"},{"data":"Double Energy","floor":12,"key":"SMITH"},{"data":"Consume","floor":15,"key":"SMITH"},{"data":"Self Repair","floor":23,"key":"SMITH"}],"circlet_count":0,"master_deck":["AscendersBane","Strike_B","Strike_B","Strike_B","Strike_B","Defend_B","Defend_B","Defend_B","Defend_B","Zap+1","Dualcast+1","BootSequence","Consume+1","Hologram","Chill","Double Energy+1","Sweeping Beam","Self Repair+1","Ball Lightning","Echo Form","Defragment+1","Turbo+1","Self Repair","Reinforced Body","Echo Form","Go for the Eyes+1"],"relics":["Inserter","Prayer Wheel","Sozu"],"acts_visited":["Exordium","TheCity"],"potions_floor_usage":[16],"damage_taken":[{"damage":4.0,"enemies":"2 Louse","floor":1.0,"turns":3.0},{"damage":2.0,"enemies":"Jaw Worm","floor":2.0,"turns":4.0},{"damage":18.0,"enemies":"Small Slimes","floor":3.0,"turns":4.0},{"damage":21,"enemies":"Red Slaver","floor":8,"turns":6},{"damage":17,"enemies":"Exordium Thugs","floor":13,"turns":5},{"damage":0,"enemies":"3 Louse","floor":14,"turns":5},{"damage":21,"enemies":"Hexaghost","floor":16,"turns":9},{"damage":28,"enemies":"3 Byrds","floor":18,"turns":5},{"damage":16,"enemies":"2 Thieves","floor":20,"turns":4},{"damage":17,"enemies":"Snecko","floor":21,"turns":7},{"damage":22,"enemies":"Centurion and Healer","floor":22,"turns":7},{"damage":45,"enemies":"Slavers","floor":24,"turns":3}],"seed_played":"1462379489586535823","potions_obtained":[{"floor":1.0,"key":"FairyPotion"},{"floor":8,"key":"SpeedPotion"},{"floor":14,"key":"DistilledChaos"}],"is_trial":false,"path_per_floor":["M","M","M","$","?","R","$","M","T","R","$","R","M","M","R","B",null,"M","?","M","M","M","R","E"],"character_chosen":"DEFECT","items_purchased":["Chill","Double Energy"],"campfire_rested":0,"item_purchase_floors":[4,4],"current_hp_per_floor":[60,58,40,40,40,40,40,19,19,19,19,19,2,9,9,20,58,37,37,28,39,38,38,0,0],"gold":209,"neow_bonus":"BOSS_RELIC","is_daily":false,"chose_seed":false,"campfire_upgraded":5,"win_rate":0.0,"timestamp":1612414194,"path_taken":["M","M","M","$","?","R","$","M","T","R","?","R","M","M","R","BOSS","M","?","M","M","M","R","E"],"items_purchased_type":["Card","Card"],"build_version":"2020-12-22","purchased_purges":0,"victory":false,"max_hp_per_floor":[71,71,71,71,71,71,71,71,71,71,71,71,71,71,71,71,71,71,71,71,71,71,71,71,71],"card_choices":[{"not_picked":["Barrage","Compile Driver"],"picked":"BootSequence","floor":1.0},{"not_picked":["Auto Shields","Turbo"],"picked":"Consume","floor":2.0},{"not_picked":["Sweeping Beam","Compile Driver"],"picked":"Hologram","floor":3.0},{"not_picked":["Doom and Gloom","Chaos"],"picked":"Sweeping Beam","floor":8},{"not_picked":["Compile Driver","Conserve Battery"],"picked":"Self Repair","floor":13},{"not_picked":["Barrage","Streamline","Stack"],"picked":"SKIP","floor":13},{"not_picked":["Sweeping Beam","Reprogram"],"picked":"Ball Lightning","floor":14},{"not_picked":["Gash","Sweeping Beam","All For One"],"picked":"SKIP","floor":14},{"not_picked":["Reboot","Thunder Strike"],"picked":"Echo Form","floor":16},{"not_picked":["Conserve Battery","Sweeping Beam"],"picked":"Defragment+1","floor":18},{"not_picked":["Beam Cell","Self Repair","Stack"],"picked":"SKIP","floor":18},{"not_picked":["Beam Cell","Self Repair","Stack"],"picked":"SKIP","floor":18},{"not_picked":["Beam Cell","Rebound"],"picked":"Turbo+1","floor":20},{"not_picked":["Streamline","Leap"],"picked":"Self Repair","floor":20},{"not_picked":["Sunder","Steam+1"],"picked":"Reinforced Body","floor":21},{"not_picked":["Go for the Eyes","Stack"],"picked":"Echo Form","floor":21},{"not_picked":["Steam","Double Energy"],"picked":"Go for the Eyes+1","floor":22},{"not_picked":["Steam Power","Rebound","Sunder"],"picked":"SKIP","floor":22}],"player_experience":621834,"relics_obtained":[{"floor":9,"key":"Prayer Wheel"}],"event_choices":[{"damage_healed":0,"gold_gain":0,"player_choice":"Ignored","damage_taken":28,"max_hp_gain":0,"max_hp_loss":0,"event_name":"betterThird:BetterSerpent","floor":5,"gold_loss":0},{"damage_healed":0,"gold_gain":0,"player_choice":"Ignored","damage_taken":0,"max_hp_gain":0,"max_hp_loss":0,"event_name":"Vampires","floor":19,"gold_loss":0}],"is_beta":false,"boss_relics":[{"not_picked":["Runic Dome","Fusion Hammer"],"picked":"Sozu"}],"items_purged_floors":[],"is_endless":false,"potions_floor_spawned":[1,8,14,18,21,22],"killed_by":"Slavers","ascension_level":17}}