{"host":"27tk4xseidcli2mr","time":1612468093,"event":{"mods":["2.2 Compatiblity","AchievementEnabler","Aspiration","BaseMod","Better Third Choice","Conspire","Custom Start","Downfall","GungeonMod","Hubris","Infinite Spire","Jorbs\u0027s Wanderer Trilogy","Minty Spire (QoL Compilation)","Replay The Spire","StSLib","SuperFastMode","[IsaacMod]????"],"gold_per_floor":[109,9,21,21,21,21,21,21,52,52,120,144,206,315,315,315,315,351,351],"floor_reached":18,"language":"ENG","playtime":439,"items_purged":[],"score":160,"play_id":"058d4cdf-3b71-43fb-8c32-e06a6d96e659","local_time":"20210204204813","is_ascension_mode":true,"campfire_choices":[{"data":"conspire:SpireCoStock","floor":8,"key":"SMITH"},{"data":"conspire:SpireCoStock","floor":10,"key":"SMITH"},{"floor":15,"key":"REST"},{"floor":17,"key":"REST"}],"circlet_count":0,"master_deck":["Strike_P","Strike_P+1","Strike_P","Strike_P","Defend_P","Defend_P","Defend_P+1","Defend_P","Eruption","Vigilance","conspire:SpireCoStock+1","conspire:SpireCoStock+1","Delirium","Consecrate"],"relics":["PureWater","HushsDoor","GuppysTail","NeowsBlessing","Ring of Peace","Ring of Fangs","aspiration:HatOfInfinitePower","DeadEye","SalivaCoin","conspire:DecoderRing","DemoMod:Antibody"],"acts_visited":["Exordium"],"potions_floor_usage":[14,14],"damage_taken":[{"damage":0,"enemies":"2 Louse","floor":1,"turns":1},{"damage":0,"enemies":"Small Slimes","floor":3,"turns":1},{"damage":0,"enemies":"3 Sentries","floor":9,"turns":2},{"damage":0,"enemies":"Jaw Worm","floor":12,"turns":4},{"damage":0,"enemies":"2 Fungi Beasts","floor":13,"turns":2},{"damage":37,"enemies":"Hiden Room Battle","floor":14,"turns":6},{"damage":22,"enemies":"The Guardian","floor":18,"turns":9}],"seed_played":"-3854883923292935410","potions_obtained":[{"floor":1,"key":"BlessingOfTheForge"},{"floor":9,"key":"SteroidPotion"},{"floor":12,"key":"ColorlessPotion"}],"is_trial":false,"path_per_floor":["M","?","M","?","PTL","PTL","?","R","E","R","T","M","M","?","R","?","R","B"],"character_chosen":"WATCHER","items_purchased":[],"campfire_rested":2,"item_purchase_floors":[],"current_hp_per_floor":[72,72,72,58,58,58,58,58,58,58,58,58,58,6,27,27,48,26,26],"gold":351,"neow_bonus":"THREE_ENEMY_KILL","is_daily":false,"chose_seed":false,"campfire_upgraded":2,"win_rate":0.0,"timestamp":1612468093,"path_taken":["M","?","M","?","PTL","PTL","?","R","E","R","T","?","M","?","R","?","R","BOSS"],"items_purchased_type":[],"build_version":"2020-12-22","purchased_purges":0,"victory":false,"max_hp_per_floor":[72,72,72,72,72,72,72,72,72,72,72,72,72,72,72,72,72,72,72],"card_choices":[{"not_picked":["Replay:Battleflow","SashWhip","Sanctity"],"picked":"SKIP","floor":1},{"not_picked":["Indignation","Prostrate","Collect"],"picked":"SKIP","floor":3},{"not_picked":["Devotion","Replay:BluntJabs","Prostrate"],"picked":"SKIP","floor":9},{"not_picked":["SignatureMove","Prostrate"],"picked":"Bomb","floor":12},{"not_picked":["Collect","WheelKick","Halt"],"picked":"SKIP","floor":13},{"not_picked":["FlyingSleeves","Prostrate"],"picked":"Consecrate","floor":14}],"player_experience":1330481,"relics_obtained":[{"floor":7,"key":"Ring of Peace"},{"floor":7,"key":"Ring of Fangs"},{"floor":9,"key":"aspiration:HatOfInfinitePower"},{"floor":11,"key":"DeadEye"},{"floor":14,"key":"SalivaCoin"},{"floor":14,"key":"conspire:DecoderRing"},{"floor":16,"key":"DemoMod:Antibody"}],"event_choices":[{"damage_healed":0,"gold_gain":0,"player_choice":"Invest 2","damage_taken":0,"max_hp_gain":0,"max_hp_loss":0,"event_name":"conspire:Investor","floor":2,"gold_loss":0},{"damage_healed":72,"gold_gain":0,"player_choice":"Upgrade","damage_taken":14,"max_hp_gain":0,"max_hp_loss":72,"event_name":"betterThird:BetterShining","floor":4,"gold_loss":0,"cards_upgraded":["Defend_P","Strike_P"]},{"damage_healed":0,"gold_gain":0,"player_choice":"Fight","damage_taken":0,"max_hp_gain":0,"max_hp_loss":0,"event_name":"HidenRoomEvent","floor":14,"gold_loss":0}],"is_beta":false,"boss_relics":[],"items_purged_floors":[],"is_endless":false,"potions_floor_spawned":[1,9,12],"killed_by":"The Guardian","ascension_level":4}}