{"host":"za9ilm1uiwmpmin1","time":1612476028,"event":{"mods":["AchievementEnabler","Act Like it!","Arknights","BaseMod","Dota2Spire","Downfall","Friendly Minions","Lobotomy","LobotomyExtend","Minty Spire (QoL Compilation)","MostiFishMod","Reorder Act Four","RumiaBox-露米娅的神秘盒子","StSLib","TestMod","Waifu the Spire","[IsaacMod]以撒尖塔","【功能Mod】混沌之环修复补丁"],"gold_per_floor":[119,135,146,160,160,188,188,221,221,248,265,265,281,301,301,380,380,400,419,435,435,447,481,500,512,538,569,569,589,622,634,634,708,708,708,734,779,793,803,833,833,862,914,914,948,948,961,975,975,975,975,975,416,416,443,443],"floor_reached":57,"language":"ZHS","playtime":1364,"items_purged":["ats:Strike G","ats:Strike V","ats:Strike S"],"score":3092,"play_id":"81fcb5e9-86e0-4a68-a073-cfdeacac8482","local_time":"20210205060028","is_ascension_mode":true,"campfire_choices":[{"data":"ats:Sashimi Platter","floor":7.0,"key":"SMITH"},{"data":"ats:Armor Crushing Shot","floor":12.0,"key":"SMITH"},{"data":"ats:Thorns","floor":15.0,"key":"SMITH"},{"data":"ats:Soul Absorption","floor":28,"key":"SMITH"},{"data":"ats:Calcification","floor":32,"key":"SMITH"},{"floor":44,"key":"RECALL"},{"data":"ats:Red Shift","floor":49,"key":"SMITH"},{"data":"ats:Defend","floor":54,"key":"SMITH"}],"circlet_count":0,"master_deck":["AscendersBane","ats:Strike C","ats:Armor Crushing Shot+1","ats:Defend","ats:Defend","ats:Defend","ats:Defend+1","ats:Emotion Absorption+1","ats:Sashimi Platter+1","ats:Thorns+1","ats:Soul Absorption+1","ats:Calcification+1","ats:Red Shift+1","ats:Demon Strength"],"relics":["DaveBox","HushsDoor","testmod-TestBox","testmod-ArcanaOfDestiny","YumHeart","White Beast Statue","EasyGame_NEW","SynthV:TestCard","LetterFromLob","ats:Originium","testmod-FatalChain","Dota2Spire:MantaStyle","testmod-Brilliant","Dota2Spire:ShadowBlade","expansioncontent:StudyCardRelic","SatanicBible","Ancient Tea Set","testmod-InjuryResistance","Orichalcum","GuanYuAspect","Anchor","ThornShield","testmod-ObsoleteBoomerang","Centennial Puzzle","Dota2Spire:LotusOrb","DeadEye","Blue Candle","TheBible","BelialBook","SharpPlug"],"acts_visited":["Exordium","TheCity","TheBeyond","TheEnding"],"potions_floor_usage":[16,16,16,33,50,56,56,56],"damage_taken":[{"damage":0.0,"enemies":"Cultist","floor":1.0,"turns":3.0},{"damage":4.0,"enemies":"Small Slimes","floor":2.0,"turns":3.0},{"damage":5.0,"enemies":"2 Louse","floor":3.0,"turns":3.0},{"damage":0.0,"enemies":"Red Slaver","floor":4.0,"turns":3.0},{"damage":32.0,"enemies":"Lagavulin","floor":6.0,"turns":9.0},{"damage":40.0,"enemies":"Gremlin Nob","floor":8.0,"turns":5.0},{"damage":0.0,"enemies":"3 Sentries","floor":10.0,"turns":1.0},{"damage":0.0,"enemies":"Looter","floor":11.0,"turns":2.0},{"damage":0.0,"enemies":"Large Slime","floor":13.0,"turns":2.0},{"damage":0.0,"enemies":"Exordium Thugs","floor":14.0,"turns":1.0},{"damage":0,"enemies":"The Guardian","floor":16,"turns":7},{"damage":0,"enemies":"3 Byrds","floor":18,"turns":1},{"damage":0,"enemies":"2 Thieves","floor":19,"turns":1},{"damage":0,"enemies":"Chosen and Byrds","floor":20,"turns":2},{"damage":0,"enemies":"Snake Plant","floor":22,"turns":2},{"damage":0,"enemies":"Gremlin Leader","floor":23,"turns":2},{"damage":0,"enemies":"3 Cultists","floor":24,"turns":1},{"damage":0,"enemies":"Cultist and Chosen","floor":25,"turns":1},{"damage":0,"enemies":"Slavers","floor":27,"turns":1},{"damage":0,"enemies":"Snake Plant","floor":29,"turns":1},{"damage":0,"enemies":"Gremlin Leader","floor":30,"turns":1},{"damage":0,"enemies":"Snecko","floor":31,"turns":3},{"damage":0,"enemies":"Automaton","floor":33,"turns":3},{"damage":0,"enemies":"2 Orb Walkers","floor":37,"turns":1},{"damage":0,"enemies":"Orb Walker","floor":38,"turns":1},{"damage":0,"enemies":"3 Shapes","floor":39,"turns":1},{"damage":0,"enemies":"Nemesis","floor":40,"turns":3},{"damage":0,"enemies":"Reptomancer","floor":42,"turns":1},{"damage":0,"enemies":"Nemesis","floor":45,"turns":3},{"damage":0,"enemies":"Spire Growth","floor":47,"turns":2},{"damage":0,"enemies":"Writhing Mass","floor":48,"turns":2},{"damage":0,"enemies":"Donu and Deca","floor":50,"turns":3},{"damage":0,"enemies":"Shield and Spear","floor":55,"turns":2},{"damage":0,"enemies":"The Heart","floor":56,"turns":4}],"seed_played":"-2315143937119578427","potions_obtained":[{"floor":1.0,"key":"Dota2Spire:Clarity"},{"floor":2.0,"key":"SkillPotion"},{"floor":3.0,"key":"Swift Potion"},{"floor":16,"key":"testmod-SpacePotion"},{"floor":20,"key":"AttackPotion"},{"floor":22,"key":"BlessingOfTheForge"},{"floor":23,"key":"Strength Potion"},{"floor":30,"key":"Block Potion"},{"floor":31,"key":"PowerPotion"},{"floor":37,"key":"Block Potion"},{"floor":45,"key":"testmod-TestPotion"},{"floor":55,"key":"ColorlessPotion"}],"is_trial":false,"path_per_floor":["M","M","M","M","?","E","R","E","T","E","M","R","M","M","R","B",null,"M","M","M","?","M","E","M","M","T","E","R","M","E","M","R","B",null,"M","T","?","M","M","E","?","E","T","R","E","?","M","M","R","B",null,null,"$","R","E","B",null],"character_chosen":"DOCTOR_CLASS","items_purchased":["SatanicBible","ats:Soul Absorption","TheBible","BelialBook","Strength Potion"],"campfire_rested":0,"item_purchase_floors":[17,17,53,53,53],"current_hp_per_floor":[64,60,55,55,55,48,48,35,35,44,44,69,71,71,71,71,53,53,53,53,53,53,53,53,53,53,53,53,53,53,53,53,53,20,20,20,20,20,20,20,19,19,19,19,19,17,19,19,19,19,19,19,19,19,19,19],"gold":443,"neow_bonus":"BOSS_RELIC","is_daily":false,"chose_seed":false,"campfire_upgraded":7,"win_rate":0.0,"timestamp":1612476028,"path_taken":["M","M","M","M","?","E","R","E","T","E","M","R","M","M","R","BOSS","M","M","?","?","M","E","M","M","T","E","R","M","E","M","R","BOSS","M","?","?","M","?","E","?","E","T","R","E","?","M","M","R","BOSS","$","R","E","BOSS"],"items_purchased_type":["Relic","Card","Relic","Relic","Potion"],"build_version":"2020-12-22","purchased_purges":3,"victory":true,"max_hp_per_floor":[71,71,71,71,71,71,71,71,71,71,71,71,71,71,71,71,53,53,53,53,53,53,53,53,53,53,53,53,53,53,53,53,53,20,20,20,20,20,20,20,19,19,19,19,19,19,19,19,19,19,19,19,19,19,19,19],"card_choices":[{"not_picked":["ats:Support Order","ats:Ignite","ats:Beaten Up"],"picked":"SKIP","floor":1.0},{"not_picked":["ats:Very Hot Blade","ats:Absolute Focus","ats:Apocalypse","ats:Explosion Area Strengthen","ats:Flexible Camouflage"],"picked":"SKIP","floor":2.0},{"not_picked":["ats:Cat Scratch","ats:Revitalization","ats:Wolf Pack","ats:Directed Diagnosis","ats:Very Hot Blade"],"picked":"SKIP","floor":3.0},{"not_picked":["ats:Magnetic Hammer","ats:Rapid Magazine","ats:Very Hot Blade","ats:Ignite","ats:Apocalypse"],"picked":"SKIP","floor":4.0},{"not_picked":["ats:Soul Absorption","ats:Chain Hook","ats:Healing Strengthening","Bomb"],"picked":"ats:Sashimi Platter","floor":6.0},{"not_picked":["ats:Charging Defense","ats:Literary Storm","ats:Encircling Forest","ats:Overload","ats:Rat Pack"],"picked":"SKIP","floor":8.0},{"not_picked":["ats:Burning Ground","ats:Poison Spread","ats:Shell Defense","ats:Ignite","ats:Guard Mode"],"picked":"SKIP","floor":10.0},{"not_picked":["ats:Collapsing Strike","ats:Ignite","ats:Literary Storm","ats:Hammer On","ats:Assault Order"],"picked":"SKIP","floor":11.0},{"not_picked":["ats:Ignite","ats:Collapsing Strike","ats:Absolute Focus","ats:Sword Rain"],"picked":"ats:Thorns","floor":13.0},{"not_picked":["ats:Defend Order","ats:Flame Of Heaven","ats:Blood Oath","ats:Flexible Camouflage","ats:Powerful Strike"],"picked":"SKIP","floor":14.0},{"not_picked":["ats:Very Hot Blade","ats:Red Shift","ats:Shell Defense","ats:Consecutive Shot Auto","ats:Composite Medical Shells"],"picked":"SKIP","floor":18},{"not_picked":["ats:Cat Scratch","ats:Ignite","ats:Very Hot Blade+1","ats:Healing Drone"],"picked":"ats:Calcification","floor":19},{"not_picked":["ats:Collapsing Strike","ats:Healing Strengthening","ats:Apocalypse","ats:Blood Oath"],"picked":"ats:Red Shift","floor":20},{"not_picked":["ats:Very Hot Blade","ats:Assault Order+1","ats:Explosion Area Strengthen","ats:Curse Doll"],"picked":"ats:Demon Strength","floor":22},{"not_picked":["ats:Rat Pack","ats:Assault Order","ats:Beaten Up","ats:Magnetic Hammer","ats:Flexible Camouflage"],"picked":"SKIP","floor":23},{"not_picked":["ats:Guard Mode","ats:Very Hot Blade+1","ats:Absolute Focus","ats:Encircling Forest","ats:Flexible Camouflage"],"picked":"SKIP","floor":24},{"not_picked":["ats:Flexible Camouflage","ats:Cat Scratch","ats:Ambush","ats:Closed Bolt Burst Fire","ats:Shell Defense"],"picked":"SKIP","floor":25},{"not_picked":["ats:Curse Doll","ats:Encircling Forest","ats:Explosion Area Strengthen+1","ats:Composite Medical Shells+1","ats:Powerful Strike"],"picked":"SKIP","floor":27},{"not_picked":["ats:Sashimi Platter","ats:Cat Scratch","ats:Apocalypse+1","ats:Curse Doll+1","ats:Flexible Camouflage"],"picked":"SKIP","floor":29},{"not_picked":["ats:Shell Defense+1","ats:Leaping Hammer","ats:Phantom","ats:Guardian Obelisk","ats:Thorns"],"picked":"SKIP","floor":30},{"not_picked":["ats:Steam Pump","ats:Flexible Camouflage","ats:Fractured Body","ats:Automatic Cover","ats:Consecutive Shot Auto"],"picked":"SKIP","floor":31},{"not_picked":["ats:Flexible Camouflage","ats:Healing Drone","ats:Explosion Area Strengthen+1","ats:Shell Defense+1","ats:Curse Doll"],"picked":"SKIP","floor":38},{"not_picked":["ats:Counter Healing Mode","ats:Healing Strengthening","ats:Apocalypse","ats:Phantom","ats:Hammer On+1"],"picked":"SKIP","floor":39},{"not_picked":["ats:Revitalization+1","ats:Assault Order","ats:Closed Bolt Burst Fire","ats:Explosion Area Strengthen","ats:Fractured Body"],"picked":"SKIP","floor":40},{"not_picked":["ats:Hammer On","ats:Soul Rend","ats:Blood Oath","ats:Ignite+1","ats:Composite Medical Shells"],"picked":"SKIP","floor":42},{"not_picked":["ats:Poison Spread","ats:Apocalypse+1","ats:Flexible Camouflage+1","ats:Ignite","ats:Magnetic Hammer"],"picked":"SKIP","floor":45},{"not_picked":["ats:Powerful Strike","ats:Very Hot Blade","ats:Blood Oath","ats:Cat Scratch","ats:Curse Doll+1"],"picked":"SKIP","floor":47},{"not_picked":["ats:Dogmatic Field","ats:Mental Burst","ats:Hammer On+1","ats:Leaping Hammer","ats:Serious Mode"],"picked":"SKIP","floor":48},{"not_picked":["ats:Explosion Area Strengthen","ats:Mental Burst","ats:Cat Scratch","ats:Healing Drone+1","ats:Support Order"],"picked":"SKIP","floor":55}],"player_experience":951166,"relics_obtained":[{"floor":1.0,"key":"SynthV:TestCard"},{"floor":1.0,"key":"LetterFromLob"},{"floor":6.0,"key":"ats:Originium"},{"floor":6.0,"key":"testmod-FatalChain"},{"floor":8.0,"key":"ats:Originium"},{"floor":8.0,"key":"Dota2Spire:MantaStyle"},{"floor":9.0,"key":"testmod-Brilliant"},{"floor":10.0,"key":"ats:Originium"},{"floor":10.0,"key":"Dota2Spire:ShadowBlade"},{"floor":23,"key":"ats:Originium"},{"floor":23,"key":"Ancient Tea Set"},{"floor":27,"key":"testmod-InjuryResistance"},{"floor":30,"key":"Orichalcum"},{"floor":36,"key":"Anchor"},{"floor":37,"key":"ThornShield"},{"floor":40,"key":"testmod-ObsoleteBoomerang"},{"floor":42,"key":"Centennial Puzzle"},{"floor":43,"key":"Dota2Spire:LotusOrb"},{"floor":45,"key":"DeadEye"},{"floor":55,"key":"SharpPlug"}],"event_choices":[{"damage_healed":0.0,"max_hp_gain":0.0,"max_hp_loss":0.0,"gold_gain":0.0,"event_name":"Accursed Blacksmith","player_choice":"Forge","floor":5.0,"gold_loss":0.0,"damage_taken":0.0,"cards_upgraded":["ats:Emotion Absorption"]},{"damage_healed":0,"gold_gain":0,"player_choice":"Ignored","damage_taken":0,"max_hp_gain":0,"max_hp_loss":0,"event_name":"Vampires","floor":21,"gold_loss":0},{"damage_healed":0,"gold_gain":0,"player_choice":"Fight","damage_taken":0,"max_hp_gain":0,"max_hp_loss":0,"event_name":"Mysterious Sphere","floor":37,"gold_loss":0},{"damage_healed":0,"gold_gain":0,"player_choice":"Max HP","damage_taken":0,"max_hp_gain":0,"max_hp_loss":1,"event_name":"Winding Halls","floor":41,"gold_loss":0}],"is_beta":false,"boss_relics":[{"not_picked":["testmod-GoldenSoul","HereWithMe"],"picked":"expansioncontent:StudyCardRelic"},{"not_picked":[]},{"not_picked":["testmod-IncinerationGenerator","sneckomod:SneckoTalon"],"picked":"GuanYuAspect"},{"not_picked":[]}],"items_purged_floors":[17,34,53],"is_endless":false,"potions_floor_spawned":[1,2,3,4,6,8,10,11,13,14,16,18,19,20,22,23,24,25,27,29,30,31,33,37,38,39,40,42,45,47,48,55],"ascension_level":17}}