{"host":"fpfqy36ymrhhouft","time":1612467152,"event":{"mods":["100% Spire Juice","Act Like it!","Arknights","BaseMod","Colored Powertips","Downfall","Gensokyo","Hermit","Marisa????????","Minty Spire (QoL Compilation)","Reliquary","Replay The Spire","Spire Arcade","StSLib"],"gold_per_floor":[99,117,135,147,166,26,50,50,62,73,98,98,17,49,63,263,263,263],"floor_reached":16,"language":"ENG","playtime":1991,"items_purged":[],"score":114,"play_id":"bde2ecd1-dd0a-4275-91d2-18067c772306","local_time":"20210204123232","is_ascension_mode":false,"campfire_choices":[{"data":"champ:Taunt","floor":1.0,"key":"SMITH"}],"circlet_count":0,"master_deck":["champ:Strike","champ:Strike","champ:Strike","champ:Strike","champ:Defend","champ:Defend","champ:Defend","champ:Defend","champ:Execute","champ:Taunt+1","champ:CalledShot","champ:RapidStrikes","champ:Duel","champ:StrikeOfGenius","champ:RapidStrikes","champ:SkillfulDodge","champ:CalledShot","downfall:Icky","champ:FlashCut","champ:SkillfulDodge"],"relics":["champ:ChampionCrown","NeowsBlessing","Torii","Replay:Mystery Machine","MealTicket","reliquary:PorcupineQuills","ReplayTheSpireMod:Ring of Addiction","Ring of Hypnosis","Toy Ornithopter","Potion Belt","reliquary:WeakTea","Gremlin Food"],"acts_visited":["Gensokyo:Gensokyo"],"potions_floor_usage":[14,16,16,16,16,16],"damage_taken":[{"damage":0.0,"enemies":"Gensokyo:2_Kodama","floor":2.0,"turns":1.0},{"damage":0.0,"enemies":"Gensokyo:Gryphon","floor":3.0,"turns":1.0},{"damage":0.0,"enemies":"Gensokyo:Python","floor":4.0,"turns":1.0},{"damage":20.0,"enemies":"Gensokyo:CorruptedTreant","floor":5.0,"turns":5.0},{"damage":20.0,"enemies":"Gensokyo:2_Rabbits","floor":9.0,"turns":6.0},{"damage":22.0,"enemies":"Gensokyo:LivingMonolith","floor":10.0,"turns":4.0},{"damage":38.0,"enemies":"Gensokyo:Cirno","floor":11.0,"turns":8.0},{"damage":27,"enemies":"Gensokyo:Aya","floor":14,"turns":5},{"damage":11,"enemies":"Gensokyo:VengefulSpirit","floor":15,"turns":5},{"damage":54,"enemies":"DF_ARCHETYPE_STREAMLINE","floor":16,"turns":9}],"seed_played":"2409395651510675102","potions_obtained":[{"floor":3.0,"key":"FearPotion"},{"floor":4.0,"key":"champ:CounterPotion"},{"floor":12,"key":"Adrenaline Potion"},{"floor":12,"key":"hexamod:SoulburnPotion"},{"floor":12,"key":"Elixir"},{"floor":14,"key":"EssenceOfSteel"}],"is_trial":false,"path_per_floor":["R","M","M","M","M","?","T","?","M","M","E","?","COS","E","M","B"],"character_chosen":"THE_CHAMP","items_purchased":[],"campfire_rested":0,"item_purchase_floors":[],"current_hp_per_floor":[90,90,90,90,90,90,90,72,72,60,32,32,32,20,19,0,0,0],"gold":263,"neow_bonus":"THREE_ENEMY_KILL","is_daily":false,"chose_seed":false,"campfire_upgraded":1,"win_rate":0.0,"timestamp":1612467152,"path_taken":["R","M","?","M","?","?","T","?","M","M","E","?","COS","E","M","BOSS"],"items_purchased_type":[],"build_version":"2020-12-22","purchased_purges":0,"victory":false,"max_hp_per_floor":[90,90,90,90,90,90,90,90,90,90,90,90,90,90,90,90,90,90],"card_choices":[{"not_picked":["champ:AdrenalArmor","champ:Haymaker"],"picked":"champ:CalledShot","floor":2.0},{"not_picked":["champ:DefensiveShout","champ:PreciseThrust"],"picked":"champ:RapidStrikes","floor":3.0},{"not_picked":["champ:Haymaker","champ:BerserkersShout"],"picked":"champ:Duel","floor":4.0},{"not_picked":["champ:DefensiveShout","champ:Circumvent"],"picked":"champ:StrikeOfGenius","floor":5.0},{"not_picked":["champ:Circumvent","champ:CrownThrow"],"picked":"champ:RapidStrikes","floor":9.0},{"not_picked":["champ:Haymaker","champ:EnragedBash"],"picked":"champ:SkillfulDodge","floor":10.0},{"not_picked":["champ:Circumvent","champ:PreciseThrust"],"picked":"champ:CalledShot","floor":11},{"not_picked":["champ:FanOfKnives","champ:Circumvent"],"picked":"champ:FlashCut","floor":14},{"not_picked":["champ:DeathBlow","champ:TornadoPunch"],"picked":"champ:SkillfulDodge","floor":15}],"player_experience":764546,"relics_obtained":[{"floor":7.0,"key":"Replay:Mystery Machine"},{"floor":11,"key":"reliquary:PorcupineQuills"},{"floor":12,"key":"ReplayTheSpireMod:Ring of Addiction"},{"floor":12,"key":"Ring of Hypnosis"},{"floor":12,"key":"Toy Ornithopter"},{"floor":12,"key":"Potion Belt"},{"floor":14,"key":"reliquary:WeakTea"}],"event_choices":[],"is_beta":false,"boss_relics":[],"items_purged_floors":[],"is_endless":false,"potions_floor_spawned":[3,4,14],"killed_by":"DF_ARCHETYPE_STREAMLINE","ascension_level":0}}