{"host":"f5gffvlv6a66yqkd","time":1612454569,"event":{"mods":["2.2 Compatiblity","BaseMod","Colored Map","Custom Start","DeckTracker","Keyboard Shortcuts","Minty Spire (QoL Compilation)","Permanent Neow","Quick Restart","Relic Stats","StSLib","SuperFastMode"],"gold_per_floor":[119,119,130,145,145,180,180,221,248,248,248,274,295,317,317,390,390,418,343,368,50,63,63,63,63],"floor_reached":24,"language":"KOR","playtime":513,"items_purged":["Strike_P"],"score":416,"play_id":"57b6bf63-a1ef-4435-ade0-050a416144ad","local_time":"20210205010249","is_ascension_mode":true,"campfire_choices":[{"data":"Eruption","floor":7.0,"key":"SMITH"},{"data":"FlurryOfBlows","floor":11.0,"key":"SMITH"},{"data":"CrushJoints","floor":15.0,"key":"SMITH"},{"floor":23,"key":"REST"}],"circlet_count":0,"master_deck":["AscendersBane","Strike_P","Strike_P","Defend_P","Defend_P","Defend_P","Defend_P","Eruption+1","Vigilance","FlurryOfBlows+1","InnerPeace","Consecrate","EmptyFist+1","SignatureMove","Halt","CrushJoints+1","TalkToTheHand","CutThroughFate","Wallop"],"relics":["HolyWater","Bronze Scales","CeramicFish","Smiling Mask","Kunai"],"acts_visited":["Exordium","TheCity"],"potions_floor_usage":[16],"damage_taken":[{"damage":2.0,"enemies":"Jaw Worm","floor":1.0,"turns":4.0},{"damage":1.0,"enemies":"2 Louse","floor":3.0,"turns":2.0},{"damage":0.0,"enemies":"Cultist","floor":4.0,"turns":2.0},{"damage":5.0,"enemies":"3 Sentries","floor":6.0,"turns":4.0},{"damage":30.0,"enemies":"Lagavulin","floor":8.0,"turns":5.0},{"damage":4.0,"enemies":"Exordium Wildlife","floor":12.0,"turns":3.0},{"damage":8.0,"enemies":"Exordium Thugs","floor":13.0,"turns":3.0},{"damage":0.0,"enemies":"Large Slime","floor":14.0,"turns":2.0},{"damage":15,"enemies":"Slime Boss","floor":16,"turns":4},{"damage":33,"enemies":"Shell Parasite","floor":18,"turns":3},{"damage":0,"enemies":"Chosen","floor":20,"turns":2},{"damage":14,"enemies":"3 Cultists","floor":22,"turns":3},{"damage":0,"enemies":"Snake Plant","floor":24,"turns":2}],"seed_played":"-4556385467745869346","potions_obtained":[{"floor":1.0,"key":"Fire Potion"},{"floor":3.0,"key":"Block Potion"},{"floor":12.0,"key":"Energy Potion"},{"floor":13.0,"key":"SpeedPotion"},{"floor":22,"key":"BlessingOfTheForge"}],"is_trial":false,"path_per_floor":["M","?","M","M","?","E","R","E","T","?","R","M","M","M","R","B",null,"M","?","M","$","M","R","M"],"character_chosen":"WATCHER","items_purchased":["Kunai"],"campfire_rested":1,"item_purchase_floors":[21],"current_hp_per_floor":[59,64,63,63,63,58,58,28,28,28,28,24,16,16,16,1,55,22,22,22,22,8,29,29,29],"gold":63,"neow_bonus":"THREE_CARDS","is_daily":false,"chose_seed":false,"campfire_upgraded":3,"win_rate":0.0,"timestamp":1612454569,"path_taken":["M","?","M","M","?","E","R","E","T","?","R","M","M","M","R","BOSS","M","?","M","$","M","R","M"],"items_purchased_type":["Relic"],"build_version":"2020-12-22","purchased_purges":1,"victory":false,"max_hp_per_floor":[68,73,73,73,73,73,73,73,73,73,73,73,73,73,73,73,73,73,73,73,73,73,73,73,73],"relic_stats":{"counters":[13,39],"Bronze Scales":[45],"CeramicFish":54,"Kunai":[4],"Smiling Mask":25,"obtain_stats":[{"Bronze Scales":6,"CeramicFish":8,"HolyWater":17,"Kunai":21,"PureWater":0,"Smiling Mask":9},{"Bronze Scales":4,"CeramicFish":5,"HolyWater":9,"Kunai":11,"PureWater":0,"Smiling Mask":5},{"Bronze Scales":12,"CeramicFish":17,"HolyWater":29,"Kunai":34,"PureWater":0,"Smiling Mask":17}]},"card_choices":[{"not_picked":["WindmillStrike","Collect"],"picked":"FlurryOfBlows","floor":0.0},{"not_picked":["Indignation","Conclude"],"picked":"InnerPeace","floor":1.0},{"not_picked":["PathToVictory","FlurryOfBlows"],"picked":"Consecrate","floor":3.0},{"not_picked":["ThirdEye","FlyingSleeves"],"picked":"EmptyFist","floor":4.0},{"not_picked":["InnerPeace","EmptyBody","ThirdEye"],"picked":"SKIP","floor":6.0},{"not_picked":["BattleHymn","Halt"],"picked":"SignatureMove","floor":8.0},{"not_picked":["Consecrate","EmptyFist"],"picked":"Halt","floor":12.0},{"not_picked":["Halt","EmptyBody"],"picked":"CrushJoints","floor":13.0},{"not_picked":["FollowUp","EmptyBody"],"picked":"TalkToTheHand","floor":14.0},{"not_picked":["Protect+1","FollowUp"],"picked":"CutThroughFate","floor":18},{"not_picked":["Wireheading","WindmillStrike"],"picked":"Wallop","floor":20},{"not_picked":["CutThroughFate+1","ClearTheMind","Evaluate"],"picked":"SKIP","floor":22}],"player_experience":1644044,"relics_obtained":[{"floor":6.0,"key":"Bronze Scales"},{"floor":8.0,"key":"CeramicFish"},{"floor":9.0,"key":"Smiling Mask"}],"event_choices":[{"damage_healed":0.0,"max_hp_gain":5.0,"max_hp_loss":0.0,"gold_gain":0.0,"event_name":"Big Fish","player_choice":"Donut","floor":2.0,"gold_loss":0.0,"damage_taken":0.0},{"damage_healed":0.0,"max_hp_gain":0.0,"max_hp_loss":0.0,"gold_gain":0.0,"event_name":"Liars Game","player_choice":"Ignored","floor":5.0,"gold_loss":0.0,"damage_taken":0.0},{"damage_healed":0.0,"max_hp_gain":0.0,"max_hp_loss":0.0,"gold_gain":0.0,"event_name":"Upgrade Shrine","player_choice":"Upgraded","floor":10.0,"gold_loss":0.0,"damage_taken":0.0,"cards_upgraded":["EmptyFist"]},{"cards_removed":["Strike_P"],"damage_healed":0,"gold_gain":0,"player_choice":"Gave Gold","damage_taken":0,"max_hp_gain":0,"max_hp_loss":0,"event_name":"Beggar","floor":19,"gold_loss":75}],"is_beta":false,"boss_relics":[{"not_picked":["Busted Crown","Philosopher\u0027s Stone"],"picked":"HolyWater"}],"items_purged_floors":[21],"is_endless":false,"potions_floor_spawned":[1,3,12,13,22],"killed_by":"Snake Plant","ascension_level":20}}