{"host":"9n6i2vl93jt4o42q","time":1612457405,"event":{"mods":["BaseMod","Minty Spire (QoL Compilation)","Relic Stats"],"gold_per_floor":[110,129,204,204,222,222,251,7,7,22,39,39,39,63,63,145,145,166,91,116,143,164,164,183,214,296,336,386,395,395,418,418,418,418],"floor_reached":33,"language":"ENG","playtime":1959,"items_purged":[],"score":678,"play_id":"d2dcdd76-eac3-4cbf-a5d4-99052c7454df","local_time":"20210204175005","is_ascension_mode":true,"campfire_choices":[{"data":"Beam Cell","floor":6,"key":"SMITH"},{"floor":12,"key":"REST"},{"data":"Coolheaded","floor":15,"key":"SMITH"},{"data":"Seek","floor":23,"key":"SMITH"},{"data":"Double Energy","floor":32,"key":"SMITH"}],"circlet_count":0,"master_deck":["AscendersBane","Strike_B","Strike_B","Strike_B","Strike_B","Defend_B","Defend_B","Zap+1","Dualcast","Beam Cell+1","Glacier","Coolheaded+1","Sweeping Beam","Blizzard","Gash","Seek+1","Buffer","Turbo","Stack+1","Hologram","Echo Form","Cold Snap","Double Energy+1","Decay","Steam Power"],"relics":["Cracked Core","StrikeDummy","Bag of Marbles","DataDisk","CeramicFish","Coffee Dripper","Cables","White Beast Statue","Regal Pillow"],"acts_visited":["Exordium","TheCity"],"potions_floor_usage":[7,21,25,25,31,33],"damage_taken":[{"damage":0,"enemies":"Cultist","floor":1,"turns":3},{"damage":12,"enemies":"Small Slimes","floor":2,"turns":3},{"damage":0,"enemies":"2 Louse","floor":5,"turns":2},{"damage":26,"enemies":"Lagavulin","floor":7,"turns":7},{"damage":2,"enemies":"Red Slaver","floor":10,"turns":4},{"damage":0,"enemies":"Looter","floor":11,"turns":2},{"damage":0,"enemies":"3 Louse","floor":14,"turns":3},{"damage":4,"enemies":"The Guardian","floor":16,"turns":12},{"damage":0,"enemies":"Chosen","floor":18,"turns":5},{"damage":0,"enemies":"Spheric Guardian","floor":20,"turns":5},{"damage":6,"enemies":"Cultist and Chosen","floor":21,"turns":6},{"damage":7,"enemies":"Snecko","floor":22,"turns":4},{"damage":0,"enemies":"Centurion and Healer","floor":24,"turns":6},{"damage":22,"enemies":"Gremlin Leader","floor":25,"turns":7},{"damage":21,"enemies":"Book of Stabbing","floor":27,"turns":7},{"damage":0,"enemies":"Shelled Parasite and Fungi","floor":31,"turns":4},{"damage":21,"enemies":"Collector","floor":33,"turns":2}],"seed_played":"-5904157673944184920","potions_obtained":[{"floor":1,"key":"Energy Potion"},{"floor":5,"key":"SkillPotion"},{"floor":10,"key":"GamblersBrew"},{"floor":16,"key":"DistilledChaos"},{"floor":22,"key":"DuplicationPotion"},{"floor":27,"key":"DistilledChaos"},{"floor":31,"key":"BlessingOfTheForge"}],"is_trial":false,"path_per_floor":["M","M","?","?","M","R","E","$","T","M","M","R","?","M","R","B",null,"M","?","M","M","M","R","M","E","T","E","?","?","?","M","R","B"],"character_chosen":"DEFECT","items_purchased":["Bag of Marbles","Blizzard"],"campfire_rested":1,"item_purchase_floors":[8,8],"current_hp_per_floor":[64,52,41,46,46,46,20,20,20,18,18,40,40,40,40,36,66,66,66,66,60,53,53,53,31,31,10,10,10,10,10,10,0,0],"gold":418,"neow_bonus":"UPGRADE_CARD","is_daily":false,"chose_seed":false,"campfire_upgraded":4,"win_rate":0.0,"timestamp":1612457405,"path_taken":["M","M","?","?","M","R","E","$","T","M","M","R","?","?","R","BOSS","M","?","M","M","M","R","M","E","T","E","?","?","?","?","R","BOSS"],"items_purchased_type":["Relic","Card"],"build_version":"2020-12-22","purchased_purges":0,"victory":false,"max_hp_per_floor":[71,71,71,76,76,76,76,76,76,76,76,76,76,76,76,76,76,76,76,76,76,76,76,76,76,76,76,76,76,76,76,76,76,76],"relic_stats":{"Regal Pillow":0,"counters":[17,82],"CeramicFish":90,"obtain_stats":[{"DataDisk":9,"Regal Pillow":27,"CeramicFish":13,"Bag of Marbles":8,"Coffee Dripper":17,"Cracked Core":0,"StrikeDummy":7,"White Beast Statue":26,"Cables":25},{"DataDisk":4,"Regal Pillow":15,"CeramicFish":6,"Bag of Marbles":4,"Coffee Dripper":8,"Cracked Core":0,"StrikeDummy":4,"White Beast Statue":14,"Cables":14},{"DataDisk":15,"Regal Pillow":76,"CeramicFish":21,"Bag of Marbles":15,"Coffee Dripper":36,"Cracked Core":0,"StrikeDummy":15,"White Beast Statue":69,"Cables":69}],"Cables":[11,3,8,0,0]},"card_choices":[{"not_picked":["Double Energy","Tempest"],"picked":"Beam Cell","floor":1},{"not_picked":["Cold Snap","Ball Lightning"],"picked":"Glacier","floor":2},{"not_picked":["Storm","Lockon"],"picked":"Coolheaded","floor":5},{"not_picked":["Hologram","Conserve Battery"],"picked":"Sweeping Beam","floor":7},{"not_picked":["Leap","Go for the Eyes","Redo"],"picked":"SKIP","floor":10},{"not_picked":["Scrape","Steam"],"picked":"Gash","floor":11},{"not_picked":["Hologram","Conserve Battery"],"picked":"Seek","floor":14},{"not_picked":["Electrodynamics","Rainbow"],"picked":"Buffer","floor":16},{"not_picked":["Redo","Stack"],"picked":"Turbo","floor":18},{"not_picked":["Beam Cell","Rebound"],"picked":"Stack+1","floor":20},{"not_picked":["Barrage","Go for the Eyes"],"picked":"Hologram","floor":21},{"not_picked":["Rip and Tear","Steam Power"],"picked":"Echo Form","floor":22},{"not_picked":["Auto Shields","Turbo"],"picked":"Cold Snap","floor":24},{"not_picked":["Rip and Tear","Barrage","Storm"],"picked":"SKIP","floor":25},{"not_picked":["FTL","Creative AI"],"picked":"Double Energy","floor":27},{"not_picked":["Beam Cell","Turbo"],"picked":"Steam Power","floor":31}],"player_experience":2443926,"relics_obtained":[{"floor":7,"key":"StrikeDummy"},{"floor":9,"key":"DataDisk"},{"floor":25,"key":"Cables"},{"floor":26,"key":"White Beast Statue"},{"floor":27,"key":"Regal Pillow"}],"event_choices":[{"damage_healed":0,"gold_gain":75,"player_choice":"Gather Gold","damage_taken":11,"max_hp_gain":0,"max_hp_loss":0,"event_name":"World of Goop","floor":3,"gold_loss":0},{"damage_healed":0,"gold_gain":0,"player_choice":"Donut","damage_taken":0,"max_hp_gain":5,"max_hp_loss":0,"event_name":"Big Fish","floor":4,"gold_loss":0},{"damage_healed":0,"gold_gain":0,"player_choice":"Gave Potion","damage_taken":0,"relics_obtained":["CeramicFish"],"max_hp_gain":0,"max_hp_loss":0,"event_name":"WeMeetAgain","floor":13,"gold_loss":0},{"cards_removed":["Defend_B"],"damage_healed":0,"gold_gain":0,"player_choice":"Gave Gold","damage_taken":0,"max_hp_gain":0,"max_hp_loss":0,"event_name":"Beggar","floor":19,"gold_loss":75},{"damage_healed":0,"gold_gain":50,"player_choice":"Stole From Cult","damage_taken":0,"max_hp_gain":0,"max_hp_loss":0,"event_name":"Nest","floor":28,"gold_loss":0},{"damage_healed":0,"gold_gain":0,"player_choice":"Smashed Altar","damage_taken":0,"max_hp_gain":0,"max_hp_loss":0,"event_name":"Forgotten Altar","floor":29,"gold_loss":0,"cards_obtained":["Decay"]},{"cards_removed":["Defend_B"],"damage_healed":0,"gold_gain":0,"player_choice":"Offered Basic","damage_taken":0,"max_hp_gain":0,"max_hp_loss":0,"event_name":"Bonfire Elementals","floor":30,"gold_loss":0}],"is_beta":false,"boss_relics":[{"not_picked":["SacredBark","Philosopher\u0027s Stone"],"picked":"Coffee Dripper"}],"items_purged_floors":[],"is_endless":false,"potions_floor_spawned":[1,5,10,16,20,22,27,31],"killed_by":"Collector","ascension_level":20}}