{"host":"p9vmbvw2hh2n16dn","time":1612432034,"event":{"mods":["AchievementEnabler","BaseMod","Block Reminder","Minty Spire (QoL Compilation)","Relic Stats","SuperFastMode"],"gold_per_floor":[119,133,133,153,173,173,207,207,255,307,319,281,310,322,334,451,463,492,504,516,544,111,111,111],"floor_reached":23,"language":"ENG","playtime":961,"items_purged":[],"score":191,"play_id":"356c84d4-5bea-43f1-b2c2-6b7832ff15d9","local_time":"20210204104714","is_ascension_mode":false,"campfire_choices":[{"data":"BowlingBash","floor":6.0,"key":"SMITH"},{"data":"Prostrate","floor":8.0,"key":"SMITH"},{"data":"ForeignInfluence","floor":15,"key":"SMITH"}],"circlet_count":0,"master_deck":["Strike_P","Defend_P+1","Defend_P","Defend_P","Eruption","Vigilance+1","BowlingBash+1","Evaluate","ForeignInfluence+1","Prostrate+1","SashWhip","ThirdEye","ConjureBlade","Weave+1","Swivel+1","Wallop+1","ForeignInfluence","ForeignInfluence"],"relics":["PureWater","NeowsBlessing","Eternal Feather","Juzu Bracelet","MawBank","Nunchaku","Astrolabe","Nilry\u0027s Codex","PrismaticShard","Ginger"],"acts_visited":["Exordium","TheCity"],"potions_floor_usage":[16,18],"damage_taken":[{"damage":0.0,"enemies":"Jaw Worm","floor":1.0,"turns":1.0},{"damage":0.0,"enemies":"Cultist","floor":2.0,"turns":1.0},{"damage":0.0,"enemies":"Small Slimes","floor":4.0,"turns":1.0},{"damage":1.0,"enemies":"3 Louse","floor":5.0,"turns":2.0},{"damage":5.0,"enemies":"3 Sentries","floor":7.0,"turns":8.0},{"damage":0,"enemies":"Large Slime","floor":10,"turns":2},{"damage":0,"enemies":"Exordium Thugs","floor":13,"turns":1},{"damage":44,"enemies":"Hexaghost","floor":16,"turns":12},{"damage":10,"enemies":"Spheric Guardian","floor":18,"turns":3},{"damage":27,"enemies":"Chosen","floor":21,"turns":7},{"damage":19,"enemies":"Book of Stabbing","floor":23,"turns":4}],"seed_played":"8966496654012212935","potions_obtained":[{"floor":2.0,"key":"Weak Potion"},{"floor":7.0,"key":"BlessingOfTheForge"},{"floor":16,"key":"AttackPotion"},{"floor":18,"key":"Ancient Potion"}],"is_trial":false,"path_per_floor":["M","M","?","M","M","R","E","R","T","M","?","?","M","?","R","B",null,"M","?","?","M","$","E"],"character_chosen":"WATCHER","items_purchased":["PrismaticShard","Ginger"],"campfire_rested":0,"item_purchase_floors":[22,22],"current_hp_per_floor":[72,72,69,69,68,72,67,72,72,72,72,72,72,58,67,23,72,62,62,46,19,19,0,0],"gold":111,"neow_bonus":"THREE_ENEMY_KILL","is_daily":false,"chose_seed":false,"campfire_upgraded":3,"win_rate":0.0,"timestamp":1612432034,"path_taken":["M","M","?","M","M","R","E","R","T","M","?","?","M","?","R","BOSS","M","?","?","M","$","E"],"items_purchased_type":["Relic","Relic"],"build_version":"2020-12-22","purchased_purges":0,"victory":false,"max_hp_per_floor":[72,72,72,72,72,72,72,72,72,72,72,72,72,72,72,72,72,72,72,72,72,72,72,72],"relic_stats":{"Nunchaku":[4],"counters":[11,42],"Astrolabe":["Weave","Swivel","Wallop"],"Eternal Feather":18,"Juzu Bracelet":1,"Ginger":[0],"MawBank":156,"obtain_stats":[{"Nunchaku":11,"NeowsBlessing":0,"Nilry\u0027s Codex":20,"Astrolabe":17,"Eternal Feather":3,"Juzu Bracelet":7,"Ginger":22,"PureWater":0,"MawBank":9,"PrismaticShard":22},{"Nunchaku":6,"NeowsBlessing":0,"Nilry\u0027s Codex":9,"Astrolabe":8,"Eternal Feather":2,"Juzu Bracelet":5,"Ginger":10,"PureWater":0,"MawBank":5,"PrismaticShard":10},{"Nunchaku":15,"NeowsBlessing":0,"Nilry\u0027s Codex":31,"Astrolabe":28,"Eternal Feather":2,"Juzu Bracelet":13,"Ginger":38,"PureWater":0,"MawBank":13,"PrismaticShard":38}]},"card_choices":[{"not_picked":["SashWhip","Tantrum"],"picked":"BowlingBash","floor":1.0},{"not_picked":["PathToVictory","Fasting2"],"picked":"Evaluate","floor":2.0},{"not_picked":["TalkToTheHand","Halt"],"picked":"ForeignInfluence","floor":4.0},{"not_picked":["InnerPeace","ForeignInfluence","ClearTheMind"],"picked":"SKIP","floor":5.0},{"not_picked":["TalkToTheHand","Halt"],"picked":"Prostrate","floor":7.0},{"not_picked":["Fasting2","Sanctity"],"picked":"SashWhip","floor":10},{"not_picked":["EmptyBody","WheelKick"],"picked":"ThirdEye","floor":13},{"not_picked":["Vault","DeusExMachina"],"picked":"ConjureBlade","floor":16},{"not_picked":["SignatureMove+1","CutThroughFate"],"picked":"ForeignInfluence","floor":18},{"not_picked":["BowlingBash","Meditate"],"picked":"ForeignInfluence","floor":21}],"player_experience":296701,"relics_obtained":[{"floor":7.0,"key":"Juzu Bracelet"},{"floor":9.0,"key":"MawBank"},{"floor":20,"key":"Nilry\u0027s Codex"}],"event_choices":[{"damage_healed":0.0,"max_hp_gain":0.0,"max_hp_loss":0.0,"gold_gain":0.0,"event_name":"Scrap Ooze","player_choice":"Success","floor":3.0,"gold_loss":0.0,"damage_taken":3.0,"relics_obtained":["Eternal Feather"]},{"damage_healed":0,"gold_gain":0,"player_choice":"Gave Potion","damage_taken":0,"relics_obtained":["Nunchaku"],"max_hp_gain":0,"max_hp_loss":0,"event_name":"WeMeetAgain","floor":11,"gold_loss":0},{"cards_removed":["Strike_P"],"damage_healed":0,"gold_gain":0,"player_choice":"Card Removal","damage_taken":0,"max_hp_gain":0,"max_hp_loss":0,"event_name":"The Cleric","floor":12,"gold_loss":50},{"damage_healed":0,"gold_gain":0,"player_choice":"Entered Light","damage_taken":14,"max_hp_gain":0,"max_hp_loss":0,"event_name":"Shining Light","floor":14,"gold_loss":0,"cards_upgraded":["Defend_P","Vigilance"]},{"damage_healed":0,"gold_gain":0,"player_choice":"Ignored","damage_taken":0,"max_hp_gain":0,"max_hp_loss":0,"event_name":"Vampires","floor":19,"gold_loss":0},{"damage_healed":0,"gold_gain":0,"player_choice":"Obtained Book","damage_taken":16,"max_hp_gain":0,"max_hp_loss":0,"event_name":"Cursed Tome","floor":20,"gold_loss":0}],"is_beta":false,"boss_relics":[{"not_picked":["Runic Pyramid","Velvet Choker"],"picked":"Astrolabe"}],"items_purged_floors":[],"is_endless":false,"potions_floor_spawned":[2,7,16,18],"killed_by":"Book of Stabbing","ascension_level":0}}