{"host":"23qk1co0p3p8qz56","time":1612475774,"event":{"mods":["AchievementEnabler","Act Like it!","Arknights","BaseMod","Better Note","Better Third Choice","BetterRewards","CapriCore","Lobotomy","LobotomyExtend","MarisaÅiñ∂âJÅ@ñÇóùçπÅj","Minty Spire (QoL Compilation)","Prisma Mod","StSLib","The Alterego","The Animator","The Senshi","Waifu the Spire"],"gold_per_floor":[112,135,151,169,201,239,257,292,317,317,329,343,355,116,116,213,263,273,283,297,324,324,355,394,394,419,482,50,50,60,72,72,174,174,188,201,179,179,179,221,231,250,319,319,339,351,367,392,392,396,396,396,552,552,552],"floor_reached":54,"language":"ENG","playtime":4255,"items_purged":[],"score":911,"play_id":"d8568eba-669c-4f97-a56e-a5980bfa87a9","local_time":"20210204145614","is_ascension_mode":false,"campfire_choices":[{"data":"animator:FielNirvalen","floor":10.0,"key":"SMITH"},{"floor":15.0,"key":"RECALL"},{"data":"animator:EmiyaShirou","floor":25,"key":"SMITH"},{"data":"animator:Verdia","floor":32,"key":"SMITH"},{"data":"animator:EmiyaShirou","floor":44,"key":"SMITH"},{"data":"animator:Shiro","floor":49,"key":"SMITH"},{"data":"animator:HigakiRinne","floor":52,"key":"SMITH"}],"circlet_count":0,"master_deck":["animator:Defend_Konosuba","animator:Strike","animator:Strike+1","animator:Strike","animator:Defend","animator:Defend","animator:Defend","animator:Kazuma","animator:Aqua","animator:ChlammyZell","animator:Darkness","animator:CowGirl","animator:Megumin","animator:Alexander","animator:Mitsurugi","animator:FielNirvalen","animator:EmiyaShirou+1","animator:Mitsurugi","animator:DolaSchwi","animator:Jibril","animator:Shiro","animator:EmiyaShirou","animator:Verdia","animator:Witch","animator:Shizu","animator:Berserker+1","animator:Elesis","animator:RinTohsaka","animator:Vanir","animator:Lancer","animator:GoblinSlayer","animator:Kazuma","animator:GoblinSlayer","animator:ChlammyZell","animator:Verdia","animator:Mitsurugi","animator:HigakiRinne","animator:Kagari","animator:NarberalGamma","animator:Eris","animator:Darkness","Parasite","animator:Mitsurugi","animator:Illya","animator:Chris","animator:DolaStephanie"],"relics":["animator:TheEgnaroPiece","animator:AncientMedallion"],"acts_visited":["Exordium","TheCity","TheBeyond","TheEnding","EYB:TheUnnamedReign"],"potions_floor_usage":[21,27,50,50],"damage_taken":[{"damage":0.0,"enemies":"Small Slimes","floor":1.0,"turns":5.0},{"damage":12.0,"enemies":"Jaw Worm","floor":2.0,"turns":9.0},{"damage":10.0,"enemies":"Cultist","floor":3.0,"turns":5.0},{"damage":16.0,"enemies":"Exordium Wildlife","floor":4.0,"turns":5.0},{"damage":8.0,"enemies":"Red Slaver","floor":5.0,"turns":7.0},{"damage":85.0,"enemies":"Lagavulin","floor":6.0,"turns":12.0},{"damage":8.0,"enemies":"Looter","floor":7.0,"turns":5.0},{"damage":43.0,"enemies":"Gremlin Nob","floor":8.0,"turns":7.0},{"damage":11.0,"enemies":"Large Slime","floor":11.0,"turns":8.0},{"damage":3.0,"enemies":"Exordium Wildlife","floor":12.0,"turns":6.0},{"damage":6.0,"enemies":"Blue Slaver","floor":13.0,"turns":5.0},{"damage":38.0,"enemies":"Slime Boss","floor":16.0,"turns":14.0},{"damage":35,"enemies":"Shell Parasite","floor":18,"turns":6},{"damage":0,"enemies":"Spheric Guardian","floor":19,"turns":4},{"damage":0,"enemies":"Shelled Parasite and Fungi","floor":20,"turns":2},{"damage":0,"enemies":"Snake Plant","floor":21,"turns":2},{"damage":19,"enemies":"Slavers","floor":23,"turns":3},{"damage":0,"enemies":"3 Cultists","floor":24,"turns":2},{"damage":15,"enemies":"Gremlin Leader","floor":27,"turns":3},{"damage":0,"enemies":"Centurion and Healer","floor":30,"turns":2},{"damage":5,"enemies":"Shelled Parasite and Fungi","floor":31,"turns":4},{"damage":0,"enemies":"Champ","floor":33,"turns":5},{"damage":1,"enemies":"3 Darklings","floor":35,"turns":2},{"damage":0,"enemies":"Orb Walker","floor":36,"turns":3},{"damage":7,"enemies":"Nemesis","floor":40,"turns":5},{"damage":0,"enemies":"4 Shapes","floor":41,"turns":3},{"damage":4,"enemies":"Sphere and 2 Shapes","floor":42,"turns":4},{"damage":2,"enemies":"Writhing Mass","floor":45,"turns":5},{"damage":23,"enemies":"Jaw Worm Horde","floor":46,"turns":3},{"damage":10,"enemies":"4 Shapes","floor":47,"turns":4},{"damage":47,"enemies":"Reptomancer","floor":48,"turns":5},{"damage":114,"enemies":"Awakened One","floor":50,"turns":8},{"damage":6,"enemies":"animator:UNNAMED_HAT","floor":54,"turns":6}],"seed_played":"3522050724657704188","potions_obtained":[{"floor":1.0,"key":"PowerPotion"},{"floor":4.0,"key":"DistilledChaos"},{"floor":5.0,"key":"PowerPotion"},{"floor":7.0,"key":"AttackPotion"},{"floor":24,"key":"animator:FalseLifePotion"},{"floor":30,"key":"BlessingOfTheForge"}],"is_trial":false,"path_per_floor":["M","M","M","M","M","E","M","E","T","R","M","M","M","$","R","B",null,"M","M","M","M","?","E","M","R","T","E","$","?","M","M","R","B",null,"M","M","$","?","?","E","M","M","T","R","M","M","M","E","R","B",null,"R","??","M"],"character_chosen":"THE_ANIMATOR","items_purchased":["animator:BattleDrones","animator:HallowedScabbard","animator:GoblinSlayer","animator:Mitsurugi"],"campfire_rested":0,"item_purchase_floors":[14,28,28,37],"current_hp_per_floor":[66,66,66,67,67,67,67,68,68,68,61,68,62,62,62,30,73,74,74,74,74,74,56,56,56,56,75,75,75,75,75,75,75,75,75,75,75,75,75,75,77,77,77,77,77,79,79,79,79,79,79,79,98,98,98],"gold":552,"neow_bonus":"UPGRADE_CARD","is_daily":false,"chose_seed":false,"campfire_upgraded":6,"win_rate":0.0,"timestamp":1612475774,"path_taken":["M","M","M","M","M","E","M","E","T","R","M","M","M","$","R","BOSS","M","M","M","M","?","E","M","R","T","E","$","?","M","M","R","BOSS","M","M","$","?","?","E","M","M","T","R","M","M","M","E","R","BOSS","R","??","M"],"items_purchased_type":["Relic","Relic","Card","Card"],"build_version":"2020-12-22","purchased_purges":0,"victory":false,"max_hp_per_floor":[66,66,66,67,67,67,67,68,68,68,68,68,68,68,68,68,73,74,74,74,74,74,75,75,75,75,75,75,75,75,75,75,75,75,75,75,75,75,75,75,77,77,77,77,77,79,79,79,79,79,79,79,98,98,98],"card_choices":[{"not_picked":["animator:Cocytus","animator:Assassin"],"picked":"animator:ChlammyZell","floor":1.0},{"not_picked":["animator:AcuraAkari","animator:OrikoMikuni"],"picked":"animator:Darkness","floor":2.0},{"not_picked":["animator:RoryMercury","animator:GazelDwargon"],"picked":"animator:CowGirl","floor":3.0},{"not_picked":["animator:Verdia","animator:Mitsurugi"],"picked":"animator:Megumin","floor":4.0},{"not_picked":["animator:SayakaMiki","animator:Guy"],"picked":"animator:Alexander","floor":5.0},{"not_picked":["animator:Assassin","animator:SuzuneAmano"],"picked":"animator:Mitsurugi","floor":6.0},{"not_picked":["animator:AcuraAkari","animator:IrohaTamaki"],"picked":"animator:FielNirvalen","floor":7.0},{"not_picked":["animator:Berserker","animator:Lancer"],"picked":"animator:EmiyaShirou","floor":8.0},{"not_picked":["animator:Alexander","animator:Kazuma"],"picked":"animator:Mitsurugi","floor":11.0},{"not_picked":["animator:DolaCouronne","animator:Shuna"],"picked":"animator:DolaSchwi","floor":12.0},{"not_picked":["animator:Witch","animator:Alexander"],"picked":"animator:Jibril","floor":13.0},{"not_picked":["animator:ChaikaTrabant","animator:Ainz"],"picked":"animator:Shiro","floor":16.0},{"not_picked":["animator:Tyuule","animator:Illya"],"picked":"animator:EmiyaShirou","floor":17},{"not_picked":["animator:Eris","animator:Darkness"],"picked":"animator:Verdia","floor":18},{"not_picked":["animator:SuzuneAmano","animator:Vanir"],"picked":"animator:Witch+1","floor":19},{"not_picked":["animator:Kazuma","animator:Illya"],"picked":"animator:Shizu","floor":20},{"not_picked":["animator:Shalltear","animator:Bozes"],"picked":"animator:Berserker","floor":21},{"not_picked":["animator:Berserker","animator:ShinjiMatou"],"picked":"animator:RinTohsaka","floor":23},{"not_picked":["animator:IzunaHatsuse","animator:Entoma"],"picked":"animator:Vanir","floor":24},{"not_picked":["animator:Jibril","animator:IrohaTamaki+1"],"picked":"animator:Lancer","floor":27},{"not_picked":["animator:DolaRiku","animator:Archer"],"picked":"animator:Kazuma","floor":30},{"not_picked":["animator:Verdia","animator:Aqua"],"picked":"animator:Megumin","floor":31},{"not_picked":["animator:Ainz","animator:ItamiYouji"],"picked":"animator:GoblinSlayer","floor":33},{"not_picked":["animator:Rider","animator:Assassin"],"picked":"animator:ChlammyZell+1","floor":35},{"not_picked":["animator:LeleiLaLalena","animator:NarberalGamma"],"picked":"animator:Verdia","floor":36},{"not_picked":["animator:Shuna","animator:Archer"],"picked":"animator:NarberalGamma+1","floor":40},{"not_picked":["animator:Megumin","animator:Vanir"],"picked":"animator:Eris","floor":41},{"not_picked":["animator:IzunaHatsuse","animator:FielNirvalen"],"picked":"animator:Darkness","floor":42},{"not_picked":["animator:Entoma","animator:LizardPriest+1"],"picked":"animator:Mitsurugi+1","floor":45},{"not_picked":["animator:RinTohsaka+1","animator:Priestess+1"],"picked":"animator:Illya+1","floor":46},{"not_picked":["animator:Mitsurugi","animator:Verdia+1"],"picked":"animator:Chris","floor":47},{"not_picked":["animator:Chris","animator:Vanir"],"picked":"animator:DolaStephanie+1","floor":48}],"player_experience":10117,"relics_obtained":[{"floor":1.0,"key":"LetterFromLob"},{"floor":6.0,"key":"War Paint"},{"floor":8.0,"key":"Ancient Tea Set"},{"floor":20,"key":"RedMistMask"},{"floor":23,"key":"Juzu Bracelet"},{"floor":26,"key":"MawBank"},{"floor":27,"key":"TungstenRod"},{"floor":40,"key":"Boot"},{"floor":43,"key":"Toxic Egg 2"},{"floor":48,"key":"Paper Frog"},{"floor":53,"key":"animator:TheEgnaroPiece"},{"floor":53,"key":"animator:AncientMedallion"}],"event_choices":[{"cards_removed":["animator:Megumin"],"damage_healed":0,"gold_gain":0,"player_choice":"Take \u0026 Give","damage_taken":0,"max_hp_gain":0,"max_hp_loss":0,"event_name":"betterNote:BetterNote","floor":22,"gold_loss":0,"cards_obtained":["animator:Elesis"]},{"damage_healed":0,"gold_gain":0,"player_choice":"Forge","damage_taken":0,"max_hp_gain":0,"max_hp_loss":0,"event_name":"Accursed Blacksmith","floor":29,"gold_loss":0,"cards_upgraded":["animator:DolaSchwi"]},{"damage_healed":0,"gold_gain":0,"player_choice":"Embrace Madness","damage_taken":9,"max_hp_gain":0,"max_hp_loss":0,"event_name":"Winding Halls","floor":38,"gold_loss":0,"cards_obtained":["animator:HigakiRinne"]},{"damage_healed":0,"gold_gain":0,"cards_transformed":["animator:Strike_Konosuba"],"player_choice":"Transformed","damage_taken":0,"max_hp_gain":0,"max_hp_loss":0,"event_name":"Transmorgrifier","floor":39,"gold_loss":0,"cards_obtained":["animator:Kagari"]}],"is_beta":false,"boss_relics":[{"not_picked":["Astrolabe","Mark of Pain"],"picked":"Tiny House"},{"not_picked":["Runic Dome","Velvet Choker"],"picked":"SlaversCollar"}],"items_purged_floors":[],"is_endless":false,"potions_floor_spawned":[1,4,5,7,8,13,19,23,24,30,33,41,45,48],"killed_by":"animator:UNNAMED_HAT","ascension_level":0}}