{"host":"8rqsnaeml9gxb0kp","time":1612429839,"event":{"mods":["AchievementEnabler","BaseMod","Dark Map","Minty Spire (QoL Compilation)","Relic Stats","StSLib","slay the spire mod where everything is the same but ironclad has a cowboy hat"],"gold_per_floor":[110,124,49,67,82,82,7,7,33,63,82,92,111,111,111,111,111],"floor_reached":16,"language":"ENG","playtime":488,"items_purged":["Defend_R"],"score":198,"play_id":"588808a3-b37d-4f38-89f3-feb7a185536e","local_time":"20210204011039","is_ascension_mode":true,"campfire_choices":[{"floor":6,"key":"REST"},{"data":"Immolate","floor":8,"key":"SMITH"},{"data":"Clothesline","floor":15,"key":"SMITH"}],"circlet_count":0,"master_deck":["AscendersBane","Strike_R","Strike_R","Strike_R","Strike_R","Defend_R","Defend_R","Defend_R","Bash","Cleave","Twin Strike","Clothesline+1","Thunderclap","Immolate+1","Twin Strike","Shrug It Off","Fire Breathing","Shrug It Off"],"relics":["Burning Blood","Magic Flower","Boot","Bag of Marbles"],"acts_visited":["Exordium"],"potions_floor_usage":[10,13],"damage_taken":[{"damage":11.0,"enemies":"Jaw Worm","floor":1.0,"turns":4.0},{"damage":1.0,"enemies":"Cultist","floor":2.0,"turns":3.0},{"damage":13.0,"enemies":"2 Louse","floor":4.0,"turns":2.0},{"damage":36,"enemies":"Lots of Slimes","floor":5,"turns":5},{"damage":5,"enemies":"3 Sentries","floor":10,"turns":3},{"damage":12,"enemies":"Exordium Wildlife","floor":11,"turns":3},{"damage":12,"enemies":"Large Slime","floor":12,"turns":2},{"damage":3,"enemies":"3 Louse","floor":13,"turns":2},{"damage":53,"enemies":"Hexaghost","floor":16,"turns":11}],"seed_played":"-3633031756372232165","potions_obtained":[{"floor":4.0,"key":"Weak Potion"},{"floor":10,"key":"GamblersBrew"},{"floor":11,"key":"GamblersBrew"}],"is_trial":false,"path_per_floor":["M","M","$","M","M","R","$","R","T","E","M","M","M","?","R","B"],"character_chosen":"IRONCLAD","items_purchased":["Immolate"],"campfire_rested":1,"item_purchase_floors":[7],"current_hp_per_floor":[48,56,56,52,25,47,47,47,47,51,48,45,51,51,51,0,0],"gold":111,"neow_bonus":"ONE_RARE_RELIC","is_daily":false,"chose_seed":false,"campfire_upgraded":2,"win_rate":0.0,"timestamp":1612429839,"path_taken":["M","M","$","M","M","R","$","R","T","E","M","M","M","?","R","BOSS"],"items_purchased_type":["Card"],"build_version":"2020-12-22","purchased_purges":1,"victory":false,"max_hp_per_floor":[75,75,75,75,75,75,75,75,75,75,75,75,75,75,75,75,75],"relic_stats":{"counters":[9,35],"Magic Flower":[24],"Boot":[4],"obtain_stats":[{"Magic Flower":0,"Bag of Marbles":10,"Boot":9,"Burning Blood":0},{"Magic Flower":0,"Bag of Marbles":5,"Boot":4,"Burning Blood":0},{"Magic Flower":0,"Bag of Marbles":17,"Boot":14,"Burning Blood":0}],"Burning Blood":72},"card_choices":[{"not_picked":["Sever Soul","True Grit"],"picked":"Cleave","floor":1.0},{"not_picked":["Reckless Charge","Iron Wave"],"picked":"Twin Strike","floor":2.0},{"not_picked":["Ghostly Armor","Flex"],"picked":"Clothesline","floor":4.0},{"not_picked":["Flex","Entrench"],"picked":"Thunderclap","floor":5},{"not_picked":["Bludgeon","Flex"],"picked":"Twin Strike","floor":10},{"not_picked":["Pommel Strike","Blood for Blood"],"picked":"Shrug It Off","floor":11},{"not_picked":["Wild Strike","Shrug It Off"],"picked":"Fire Breathing","floor":12},{"not_picked":["Headbutt","Dark Embrace"],"picked":"Shrug It Off","floor":13}],"player_experience":183041,"relics_obtained":[{"floor":9,"key":"Boot"},{"floor":10,"key":"Bag of Marbles"}],"event_choices":[{"cards_removed":["Strike_R"],"damage_healed":0,"gold_gain":0,"player_choice":"Purged","damage_taken":0,"max_hp_gain":0,"max_hp_loss":0,"event_name":"Purifier","floor":14,"gold_loss":0}],"is_beta":false,"boss_relics":[],"items_purged_floors":[3],"is_endless":false,"potions_floor_spawned":[4,10,11,12],"killed_by":"Hexaghost","ascension_level":18}}