{"host":"zypv65xzlvx721tj","time":1612454480,"event":{"mods":["2.2 Compatiblity","AchievementEnabler","BaseMod","Colored Map","Colored Powertips","DeckTracker","Highlight Path","Marisa????????","Minty Spire (QoL Compilation)","Relic Stats","StSLib","UnlockEverythingMod"],"gold_per_floor":[118,193,193,206,218,251,251,263,315,315,348,348,380,403,415,525,537,568,599,611,611],"floor_reached":20,"language":"ENG","playtime":1443,"items_purged":[],"score":230,"play_id":"f5fd7b3b-871e-4544-8554-e2437eb8be76","local_time":"20210204170120","is_ascension_mode":true,"campfire_choices":[{"data":"RefractionSpark","floor":7,"key":"SMITH"},{"floor":10,"key":"REST"},{"floor":12,"key":"REST"},{"data":"BlazeAway","floor":15,"key":"SMITH"}],"circlet_count":0,"master_deck":["Strike_MRS","Strike_MRS","Strike_MRS","Strike_MRS","Defend_MRS","MasterSpark","UpSweep+1","EarthLightRay","MagicChant","RefractionSpark+1","BlazeAway+1","MillisecondPulsars","MagicAbsorber+1","ChargingUp+1","OpenUniverse+1","DoubleSpark+1","StarBarrage+1"],"relics":["MiniHakkero","HandmadeGrimoire","Oddly Smooth Stone","Ancient Tea Set","MawBank","Astrolabe"],"acts_visited":["Exordium","TheCity"],"potions_floor_usage":[6,11,13,16,16],"damage_taken":[{"damage":6,"enemies":"2 Louse","floor":1,"turns":2},{"damage":1,"enemies":"Jaw Worm","floor":4,"turns":3},{"damage":0,"enemies":"Cultist","floor":5,"turns":2},{"damage":26,"enemies":"Lagavulin","floor":6,"turns":5},{"damage":14,"enemies":"Blue Slaver","floor":8,"turns":3},{"damage":27,"enemies":"3 Sentries","floor":11,"turns":9},{"damage":14,"enemies":"Lagavulin","floor":13,"turns":5},{"damage":0,"enemies":"Large Slime","floor":14,"turns":3},{"damage":24,"enemies":"Hexaghost","floor":16,"turns":7},{"damage":37,"enemies":"3 Byrds","floor":18,"turns":6},{"damage":22,"enemies":"Shell Parasite","floor":19,"turns":5},{"damage":30,"enemies":"Centurion and Healer","floor":20,"turns":3}],"seed_played":"-4030779665520715932","potions_obtained":[{"floor":1,"key":"BottledSpark"},{"floor":6,"key":"BottledSpark"},{"floor":8,"key":"Weak Potion"},{"floor":13,"key":"LiquidBronze"},{"floor":14,"key":"Dexterity Potion"},{"floor":19,"key":"FearPotion"}],"is_trial":false,"path_per_floor":["M","?","?","M","M","E","R","M","T","R","E","R","E","M","R","B",null,"M","M","M"],"character_chosen":"MARISA","items_purchased":[],"campfire_rested":2,"item_purchase_floors":[],"current_hp_per_floor":[69,58,51,54,58,36,36,26,26,48,25,47,37,41,41,21,75,42,24,0,0],"gold":611,"neow_bonus":"UPGRADE_CARD","is_daily":false,"chose_seed":false,"campfire_upgraded":2,"win_rate":0.0,"timestamp":1612454480,"path_taken":["M","?","?","M","M","E","R","M","T","R","E","R","E","M","R","BOSS","M","M","M"],"items_purchased_type":[],"build_version":"2020-12-22","purchased_purges":0,"victory":false,"max_hp_per_floor":[75,75,75,75,75,75,75,75,75,75,75,75,75,75,75,75,75,75,75,75,75],"relic_stats":{"counters":[12,53],"Astrolabe":["MagicAbsorber","ChargingUp","OpenUniverse"],"MawBank":84,"obtain_stats":[{"Astrolabe":17,"Oddly Smooth Stone":9,"HandmadeGrimoire":6,"MiniHakkero":0,"Kunai":18,"Ancient Tea Set":11,"MawBank":13},{"Astrolabe":9,"Oddly Smooth Stone":5,"HandmadeGrimoire":4,"MiniHakkero":0,"Kunai":10,"Ancient Tea Set":6,"MawBank":7},{"Astrolabe":39,"Oddly Smooth Stone":15,"HandmadeGrimoire":12,"MiniHakkero":0,"Kunai":42,"Ancient Tea Set":24,"MawBank":29}]},"card_choices":[{"not_picked":["SprinkleStarSeal","6A"],"picked":"EarthLightRay","floor":1},{"not_picked":["EventHorizon","EnergyRecoil"],"picked":"UnstableBomb","floor":4},{"not_picked":["PowerUp","Occultation"],"picked":"MagicChant","floor":5},{"not_picked":["BigCrunch","ShootingEcho"],"picked":"RefractionSpark","floor":6},{"not_picked":["MilkyWay","GravityBeat","6A"],"picked":"SKIP","floor":8},{"not_picked":["Occultation","AlicesGift","6A"],"picked":"SKIP","floor":11},{"not_picked":["UltimateShortwave","Acceleration"],"picked":"BlazeAway","floor":13},{"not_picked":["GrandCross","EnergyRecoil","NonDirectionalLaser"],"picked":"SKIP","floor":14},{"not_picked":["CollectingQuirk","BigCrunch"],"picked":"MillisecondPulsars","floor":16},{"not_picked":["WitchOfGreed","WitchLeyline"],"picked":"DoubleSpark+1","floor":18},{"not_picked":["EventHorizon+1","LuminesStrike"],"picked":"StarBarrage+1","floor":19}],"player_experience":424048,"relics_obtained":[{"floor":6,"key":"HandmadeGrimoire"},{"floor":9,"key":"Oddly Smooth Stone"},{"floor":11,"key":"Ancient Tea Set"},{"floor":13,"key":"MawBank"}],"event_choices":[{"damage_healed":0,"gold_gain":75,"player_choice":"Gather Gold","damage_taken":11,"max_hp_gain":0,"max_hp_loss":0,"event_name":"World of Goop","floor":2,"gold_loss":0},{"cards_removed":["Defend_MRS"],"damage_healed":0,"gold_gain":0,"player_choice":"Card Removal","damage_taken":7,"max_hp_gain":0,"max_hp_loss":0,"event_name":"Golden Wing","floor":3,"gold_loss":0}],"is_beta":false,"boss_relics":[{"not_picked":["Tiny House","Snecko Eye"],"picked":"Astrolabe"}],"items_purged_floors":[],"is_endless":false,"potions_floor_spawned":[1,6,8,13,14,19],"killed_by":"Centurion and Healer","ascension_level":1}}