{"host":"w8boaxgo31bcemyl","time":1612413456,"event":{"mods":["Act Like it!","BaseMod","CapriCore","Friendly Minions","Marisa（F雨　魔理沙）","Minty Spire (QoL Compilation)","Pale of the Ancients","Quick Restart","Relic Stats","Remilia（蕾米莉亚）","Replay The Spire","Spicy Shops","StSLib","The Animator","The Immortal","Waifu the Spire","WarShipGirlsR/战舰少女R mod","Yakumo Yukari mod"],"gold_per_floor":[110,120,120,120,144,170,186,186,241,267,267,286,313,324,324,419,419,435,454,470,480,755,780,154,173,248,264,264,69,102,77,77,174,174,87,99,111,11,11],"floor_reached":38,"language":"ZHS","playtime":2563,"items_purged":["Regret"],"score":803,"play_id":"0005d6bc-1dfa-4275-a176-f0482bf9d7ab","local_time":"20210204123736","is_ascension_mode":false,"campfire_choices":[{"data":"HunterOfTheNight","floor":8.0,"key":"SMITH"},{"data":"KillingBlow","floor":11.0,"key":"SMITH"},{"data":"BloodyHallows","floor":15.0,"key":"SMITH"},{"floor":28.0,"key":"REST"},{"floor":32,"key":"RECALL"}],"circlet_count":0,"master_deck":["Strike_RM","Strike_RM","Strike_RM","Strike_RM","Defend_RM","Defend_RM","Defend_RM","Defend_RM","ScarletShoot","EternalNight","BlasphemousPunishment","EquivalentExchange+1","HunterOfTheNight+1","RedMagic","KillingBlow+1","ChainGang","BloodyHallows+1","SuperhumanBloodyKnife","ScarletMeister+1","BloodHunter","ScarletSymphony","ScarletGensokyo","VampireClaw","Regret","ScarletNetherworld","BatForm+1","BlasphemousPunishment+1","Regret","ReplayTheSpireMod:IOU","ReplayTheSpireMod:IOU","ReplayTheSpireMod:IOU","ReplayTheSpireMod:IOU","ReplayTheSpireMod:IOU","ReplayTheSpireMod:IOU","ReplayTheSpireMod:IOU","ReplayTheSpireMod:IOU","ReplayTheSpireMod:IOU","BloodyTrap","DemonKingCradle","ScarletDevilSign"],"relics":["ScarletHat","NeowsBlessing","Blood Vial","Lantern","Simple Rune","Odd Mushroom","Pantograph","Painkiller Herb","Dream Catcher","Vajra","Iron Hammer","Sling","White Beast Statue","Replay:Wax Seal","Torii","Guide Book","Replay:Bottled Eggs","Divine Protection","TungstenRod","Calipers","ReplayTheSpireMod:DimensionalGlitch"],"acts_visited":["Exordium","TheCity","TheBeyond"],"potions_floor_usage":[33,38,38,38],"damage_taken":[{"damage":0.0,"enemies":"Cultist","floor":1.0,"turns":1.0},{"damage":0.0,"enemies":"Small Slimes","floor":2.0,"turns":1.0},{"damage":2.0,"enemies":"3 Sentries","floor":6.0,"turns":2.0},{"damage":8.0,"enemies":"Jaw Worm","floor":7.0,"turns":2.0},{"damage":19.0,"enemies":"The Mushroom Lair","floor":10.0,"turns":3.0},{"damage":10.0,"enemies":"Large Slime","floor":12.0,"turns":2.0},{"damage":22.0,"enemies":"Lagavulin","floor":13.0,"turns":4.0},{"damage":6.0,"enemies":"Exordium Thugs","floor":14.0,"turns":2.0},{"damage":29.0,"enemies":"Slime Boss","floor":16.0,"turns":2.0},{"damage":10.0,"enemies":"2 Thieves","floor":18.0,"turns":2.0},{"damage":18.0,"enemies":"3 Byrds","floor":19.0,"turns":3.0},{"damage":11.0,"enemies":"Snake Plant","floor":20.0,"turns":2.0},{"damage":20.0,"enemies":"Sentry and Sphere","floor":21.0,"turns":3.0},{"damage":29.0,"enemies":"Replay:Snechameleon","floor":23.0,"turns":3.0},{"damage":11.0,"enemies":"Chosen and Byrds","floor":25.0,"turns":4.0},{"damage":10.0,"enemies":"Shelled Parasite and Fungi","floor":27.0,"turns":3.0},{"damage":18,"enemies":"Gremlin Leader","floor":30,"turns":1},{"damage":22,"enemies":"Automaton","floor":33,"turns":10},{"damage":20,"enemies":"3 Shapes","floor":35,"turns":2},{"damage":0,"enemies":"Orb Walker","floor":36,"turns":3},{"damage":40,"enemies":"Writhing Mass","floor":37,"turns":4},{"damage":30,"enemies":"Sphere and 2 Shapes","floor":38,"turns":4}],"seed_played":"-7181047631197034698","potions_obtained":[{"floor":1.0,"key":"Dexterity Potion"},{"floor":6.0,"key":"GamblersBrew"},{"floor":13.0,"key":"Toxic Potion"},{"floor":16.0,"key":"Dexterity Potion"},{"floor":23.0,"key":"Regen Potion"},{"floor":25.0,"key":"AttackPotion"},{"floor":27.0,"key":"Languid Potion"},{"floor":33,"key":"EssenceOfSteel"},{"floor":35,"key":"Cursed Concoction"},{"floor":36,"key":"Flashbang"}],"is_trial":false,"path_per_floor":["M","M","?","?","T","E","M","R","T","?","R","M","E","M","R","B",null,"?","?","?","?","?","E","T","?","T","?","T","T","E","T","T","B",null,"?","?","?","?"],"character_chosen":"REMILIA","items_purchased":["Vajra","Iron Hammer","Sling","Replay:Wax Seal","Torii","Guide Book","Divine Protection","TungstenRod","Calipers","BloodyTrap"],"campfire_rested":1,"item_purchase_floors":[24,24,24,29,29,29,31,31,31,31],"current_hp_per_floor":[75,75,75,75,75,73,67,67,67,50,50,42,27,26,26,29,75,65,50,45,31,31,7,7,12,12,6,28,28,31,31,31,64,75,55,57,24,0,0],"gold":11,"neow_bonus":"THREE_ENEMY_KILL","is_daily":false,"chose_seed":false,"campfire_upgraded":3,"win_rate":0.0,"timestamp":1612413456,"path_taken":["M","M","?","?","?","E","M","R","T","?","R","?","E","M","R","BOSS","?","?","?","?","?","E","T","?","T","?","T","?","E","T","T","BOSS","?","?","?","?"],"items_purchased_type":["Relic","Relic","Relic","Relic","Relic","Relic","Relic","Relic","Relic","Card"],"build_version":"2020-12-22","purchased_purges":1,"victory":false,"max_hp_per_floor":[75,75,75,75,75,75,75,75,75,75,75,75,75,75,75,75,75,75,75,75,75,75,75,75,75,75,75,75,75,75,75,75,75,75,75,75,75,75,75],"relic_stats":{"Blood Vial":31,"Dream Catcher":1,"Torii":3,"counters":[22,63],"Pantograph":50,"obtain_stats":[{"Divine Protection":31,"Lantern":5,"Calipers":31,"NeowsBlessing":0,"Torii":29,"Guide Book":29,"Vajra":24,"Painkiller Herb":17,"Odd Mushroom":10,"Sling":24,"ScarletHat":0,"White Beast Statue":26,"Blood Vial":3,"Dream Catcher":23,"Pantograph":13,"Simple Rune":6,"Iron Hammer":24,"Replay:Wax Seal":29,"Replay:Bottled Eggs":30,"ReplayTheSpireMod:DimensionalGlitch":34,"TungstenRod":31},{"Divine Protection":17,"Lantern":2,"Calipers":17,"NeowsBlessing":0,"Torii":16,"Guide Book":16,"Vajra":14,"Painkiller Herb":9,"Odd Mushroom":5,"Sling":14,"ScarletHat":0,"White Beast Statue":15,"Blood Vial":2,"Dream Catcher":14,"Pantograph":7,"Simple Rune":3,"Iron Hammer":14,"Replay:Wax Seal":16,"Replay:Bottled Eggs":17,"ReplayTheSpireMod:DimensionalGlitch":18,"TungstenRod":17},{"Divine Protection":40,"Lantern":2,"Calipers":40,"NeowsBlessing":0,"Torii":39,"Guide Book":39,"Vajra":32,"Painkiller Herb":19,"Odd Mushroom":9,"Sling":32,"ScarletHat":0,"White Beast Statue":36,"Blood Vial":2,"Dream Catcher":32,"Pantograph":15,"Simple Rune":4,"Iron Hammer":32,"Replay:Wax Seal":39,"Replay:Bottled Eggs":40,"ReplayTheSpireMod:DimensionalGlitch":50,"TungstenRod":40}],"TungstenRod":18},"card_choices":[{"not_picked":["BloodyTrap","BloodHunter"],"picked":"EternalNight","floor":1.0},{"not_picked":["BloodHunter","EndlessAdversity"],"picked":"BlasphemousPunishment","floor":2.0},{"not_picked":["UnstableMagic","Ultimatum"],"picked":"HunterOfTheNight","floor":6.0},{"not_picked":["GlobalNightmare","LeisurelyOfLord"],"picked":"RedMagic","floor":7.0},{"not_picked":["ScarletDevilSign","MiserableFate"],"picked":"KillingBlow","floor":10.0},{"not_picked":["UnstableMagic","DevilSight"],"picked":"ChainGang","floor":12.0},{"not_picked":["VampireClaw","ScarletDream"],"picked":"BloodyHallows","floor":13.0},{"not_picked":["UnstableMagic","VampireClaw"],"picked":"SuperhumanBloodyKnife","floor":14.0},{"not_picked":["HellCatastrophe","BloodySeventeenLaser"],"picked":"ScarletMeister","floor":16.0},{"not_picked":["Ultimatum","BlasphemousPunishment"],"picked":"BloodHunter","floor":18.0},{"not_picked":["UnstableMagic+1","FavorOfDestiny+1"],"picked":"ScarletSymphony","floor":19.0},{"not_picked":["CharismaGuard","BadLadyScramble"],"picked":"ScarletGensokyo","floor":20.0},{"not_picked":["RedRainbow+1","NightLord"],"picked":"VampireClaw","floor":21.0},{"not_picked":["MiserableFate","FavorOfDestiny"],"picked":"ScarletNetherworld","floor":23.0},{"not_picked":["CharismaGuard","VampireKiss+1"],"picked":"BatForm","floor":25.0},{"not_picked":["NightLord","DiffusionOfMisfortune"],"picked":"BlasphemousPunishment+1","floor":27.0},{"not_picked":["StarOfDavid","BloodyTrap","ChaoticDestiny"],"picked":"SKIP","floor":30},{"not_picked":["BloodySeventeenLaser","ForecastOfChange"],"picked":"DemonKingCradle","floor":33},{"not_picked":["LeisurelyOfLord+1","BlasphemousPunishment","UnstableMagic"],"picked":"SKIP","floor":35},{"not_picked":["VampireSweep","MastersStateliness+1"],"picked":"ScarletDevilSign","floor":36},{"not_picked":["Ultimatum","FitfulNightmare+1","BloodHunter+1"],"picked":"SKIP","floor":37}],"player_experience":4503,"relics_obtained":[{"floor":5.0,"key":"Lantern"},{"floor":6.0,"key":"Simple Rune"},{"floor":10.0,"key":"Odd Mushroom"},{"floor":13.0,"key":"Pantograph"},{"floor":23.0,"key":"Dream Catcher"},{"floor":26.0,"key":"White Beast Statue"},{"floor":30,"key":"Replay:Bottled Eggs"}],"event_choices":[{"damage_healed":0.0,"max_hp_gain":0.0,"max_hp_loss":0.0,"gold_gain":0.0,"event_name":"Big Fish","player_choice":"Box","floor":3.0,"gold_loss":0.0,"damage_taken":0.0,"relics_obtained":["Blood Vial"],"cards_obtained":["Regret"]},{"damage_healed":0.0,"max_hp_gain":0.0,"max_hp_loss":0.0,"gold_gain":0.0,"event_name":"Mushrooms","player_choice":"Fought Mushrooms","floor":10.0,"gold_loss":0.0,"damage_taken":0.0},{"damage_healed":0.0,"max_hp_gain":0.0,"max_hp_loss":0.0,"gold_gain":275.0,"event_name":"Golden Shrine","player_choice":"Desecrate","floor":22.0,"gold_loss":0.0,"damage_taken":0.0,"cards_obtained":["Regret"]}],"is_beta":false,"boss_relics":[{"not_picked":["Black Star","Fusion Hammer"],"picked":"Painkiller Herb"},{"not_picked":["Velvet Choker","Ring of Chaos"],"picked":"ReplayTheSpireMod:DimensionalGlitch"}],"items_purged_floors":[24],"is_endless":false,"potions_floor_spawned":[1,6,13,16,23,25,27,30,33,35,36,37],"killed_by":"Sphere and 2 Shapes","ascension_level":0}}