{"host":"mi0eibewekhugwl1","time":1612431027,"event":{"mods":["AchievementEnabler","BaseMod","Colored Map","Colored Powertips","DeckTracker","Keyboard Shortcuts","Minty Spire (QoL Compilation)","Quick Restart","Rare Cards Sparkle","Relic Stats","StSLib","SuperFastMode","everything is the same but u backflip on backflip"],"gold_per_floor":[115,130,146,159,179,211,211,245,245,245,258,270,270,23,23,23,23],"floor_reached":16,"language":"KOR","playtime":353,"items_purged":["Strike_P"],"score":228,"play_id":"1a6a15bd-3bbd-482f-9d95-ca9fb37c9d42","local_time":"20210204183027","is_ascension_mode":true,"campfire_choices":[{"data":"Eruption","floor":7,"key":"SMITH"},{"data":"Judgement","floor":10,"key":"SMITH"},{"floor":13,"key":"REST"},{"data":"Tantrum","floor":15,"key":"SMITH"}],"circlet_count":0,"master_deck":["AscendersBane","Strike_P+1","Strike_P","Strike_P+1","Defend_P","Defend_P+1","Defend_P","Eruption+1","Vigilance+1","Perseverance","Judgement+1","Meditate","Tantrum+1"],"relics":["PureWater","Blood Vial","War Paint","Whetstone","Vajra"],"acts_visited":["Exordium"],"potions_floor_usage":[6,8,11,11],"damage_taken":[{"damage":3,"enemies":"Small Slimes","floor":1,"turns":3},{"damage":1,"enemies":"2 Louse","floor":2,"turns":4},{"damage":2,"enemies":"Jaw Worm","floor":3,"turns":3},{"damage":11,"enemies":"3 Louse","floor":4,"turns":3},{"damage":1,"enemies":"Exordium Thugs","floor":5,"turns":3},{"damage":8,"enemies":"Gremlin Nob","floor":6,"turns":3},{"damage":23,"enemies":"Lagavulin","floor":8,"turns":6},{"damage":3,"enemies":"Gremlin Gang","floor":11,"turns":4},{"damage":2,"enemies":"Red Slaver","floor":12,"turns":2},{"damage":39,"enemies":"Hexaghost","floor":16,"turns":9}],"seed_played":"919428726565290398","potions_obtained":[{"floor":1,"key":"DistilledChaos"},{"floor":4,"key":"ColorlessPotion"},{"floor":6,"key":"GamblersBrew"},{"floor":8,"key":"SpeedPotion"}],"is_trial":false,"path_per_floor":["M","M","M","M","M","E","R","E","T","R","M","M","R","$","R","B"],"character_chosen":"WATCHER","items_purchased":["Vajra"],"campfire_rested":1,"item_purchase_floors":[14],"current_hp_per_floor":[58,57,55,44,43,35,35,14,14,14,13,13,33,33,33,0,0],"gold":23,"neow_bonus":"REMOVE_CARD","is_daily":false,"chose_seed":false,"campfire_upgraded":3,"win_rate":0.0,"timestamp":1612431027,"path_taken":["M","M","M","M","M","E","R","E","T","R","M","M","R","$","R","BOSS"],"items_purchased_type":["Relic"],"build_version":"2020-12-22","purchased_purges":1,"victory":false,"max_hp_per_floor":[68,68,68,68,68,68,68,68,68,68,68,68,68,68,68,68,68],"relic_stats":{"Blood Vial":8,"counters":[10,40],"Whetstone":["Strike_P","Strike_P"],"War Paint":["Defend_P","Vigilance"],"obtain_stats":[{"Blood Vial":6,"Vajra":14,"Whetstone":9,"PureWater":0,"War Paint":8},{"Blood Vial":6,"Vajra":9,"Whetstone":7,"PureWater":0,"War Paint":7},{"Blood Vial":19,"Vajra":31,"Whetstone":25,"PureWater":0,"War Paint":25}]},"card_choices":[{"not_picked":["SashWhip","FlurryOfBlows"],"picked":"Perseverance","floor":1},{"not_picked":["JustLucky","SashWhip","ForeignInfluence"],"picked":"SKIP","floor":2},{"not_picked":["Perseverance","Crescendo","Evaluate"],"picked":"SKIP","floor":3},{"not_picked":["Protect","FlyingSleeves"],"picked":"Judgement","floor":4},{"not_picked":["Perseverance","Evaluate","Indignation"],"picked":"SKIP","floor":5},{"not_picked":["PathToVictory","CrushJoints"],"picked":"Meditate","floor":6},{"not_picked":["Worship","SashWhip","Halt"],"picked":"SKIP","floor":8},{"not_picked":["SignatureMove","DeceiveReality"],"picked":"Tantrum","floor":11},{"not_picked":["InnerPeace","Prostrate","FlyingSleeves"],"picked":"SKIP","floor":12}],"player_experience":1782445,"relics_obtained":[{"floor":6,"key":"Blood Vial"},{"floor":8,"key":"War Paint"},{"floor":9,"key":"Whetstone"}],"event_choices":[],"is_beta":false,"boss_relics":[],"items_purged_floors":[14],"is_endless":false,"potions_floor_spawned":[1,4,6,8],"killed_by":"Hexaghost","ascension_level":20}}