{"host":"gvmmh8a4dbuurnvz","time":1612426219,"event":{"mods":["AchievementEnabler","Aspiration","BaseMod","Better Vampires","BetterRewards","Colored Powertips","Highlight Path","Minty Spire (QoL Compilation)","MostiFishMod","Spicy Shops","StSLib","¡¾ÒÅÎï¿¨ÅÆ¡¿REMEMod"],"gold_per_floor":[117,67,80,80,92,92,92,92,92,42,69,69,82,113,113,208,208,219,132,148,247,265,265,284,284,308,308,340,340,340,137,137,240,240,260,114,114,38,57,84,34,34,34,34,34,52,87,37,37,37,37,37,37,62,62],"floor_reached":56,"language":"ZHS","playtime":1948,"items_purged":["Defend_G","Strike_G","Strike_G","Strike_G","Strike_G","Defend_G","Defend_G","Defend_G"],"score":1702,"play_id":"3cdb78c5-1b33-4a8b-b38e-5cf0cda68c11","local_time":"20210204161019","is_ascension_mode":false,"campfire_choices":[{"floor":6,"key":"RECALL"},{"data":"Poisoned Stab","floor":8,"key":"SMITH"},{"data":"Unload","floor":12,"key":"SMITH"},{"data":"Flying Knee","floor":15,"key":"SMITH"},{"data":"REME_SpectralBlade","floor":23,"key":"SMITH"},{"data":"Acrobatics","floor":25,"key":"SMITH"},{"data":"REME_FirmDetermination","floor":32,"key":"SMITH"},{"data":"Tactician","floor":42,"key":"SMITH"},{"data":"Tactician","floor":49,"key":"SMITH"},{"data":"Eviscerate","floor":52,"key":"SMITH"}],"circlet_count":0,"master_deck":["Defend_G","Survivor","Neutralize","Eviscerate+1","Flying Knee+1","REME_GreenPollution","Poisoned Stab+1","Unload+1","Concentrate+1","REME_SpectralBlade+1","Acrobatics+1","REME_GreenPollution","Prepared+1","Dagger Throw","REME_FirmDetermination+1","Tactician+1","Tactician+1","MostiFishMod:InvigoratingSolution+1"],"relics":["Ring of the Snake","DaveBox","REME_ComplimentaryCards","xbg","MostiFishMod:AdaptiveDefenses","Du-Vu Doll","PreservedInsect","Bag of Preparation","Thread and Needle","Tiny Chest","SynthV:TestCard","Smiling Mask","Singing Bowl","aspiration:Lifesprig","PatriotShield","Pen Nib","Shuriken","Akabeko","RhineSuit","TwistedFunnel","Molten Egg 2","The Courier","Ninja Scroll","Bird Faced Urn"],"acts_visited":["Exordium","TheCity","TheBeyond","TheEnding"],"potions_floor_usage":[50,55,55],"damage_taken":[{"damage":0,"enemies":"Jaw Worm","floor":1,"turns":2},{"damage":0,"enemies":"2 Louse","floor":3,"turns":2},{"damage":0,"enemies":"Cultist","floor":5,"turns":1},{"damage":14,"enemies":"Lagavulin","floor":11,"turns":3},{"damage":0,"enemies":"Looter","floor":13,"turns":1},{"damage":0,"enemies":"3 Sentries","floor":14,"turns":3},{"damage":15,"enemies":"Hexaghost","floor":16,"turns":6},{"damage":0,"enemies":"3 Byrds","floor":18,"turns":2},{"damage":0,"enemies":"Spheric Guardian","floor":20,"turns":1},{"damage":0,"enemies":"Snecko","floor":22,"turns":1},{"damage":0,"enemies":"Centurion and Healer","floor":24,"turns":1},{"damage":0,"enemies":"Gremlin Leader","floor":28,"turns":1},{"damage":0,"enemies":"Collector","floor":33,"turns":2},{"damage":0,"enemies":"Orb Walker","floor":35,"turns":1},{"damage":0,"enemies":"3 Darklings","floor":39,"turns":1},{"damage":0,"enemies":"Giant Head","floor":40,"turns":2},{"damage":0,"enemies":"Spire Growth","floor":46,"turns":2},{"damage":0,"enemies":"Reptomancer","floor":47,"turns":1},{"damage":0,"enemies":"Donu and Deca","floor":50,"turns":3},{"damage":0,"enemies":"Shield and Spear","floor":54,"turns":1},{"damage":79,"enemies":"The Heart","floor":55,"turns":4}],"seed_played":"184061583419592991","potions_obtained":[{"floor":1,"key":"GamblersBrew"},{"floor":5,"key":"LiquidBronze"},{"floor":13,"key":"Block Potion"},{"floor":35,"key":"Energy Potion"},{"floor":54,"key":"Energy Potion"}],"is_trial":false,"path_per_floor":["M","?","M","?","M","R","T","R","T","$","E","R","M","E","R","B",null,"M","$","M","?","M","R","M","R","T","?","E","T","?","$","R","B",null,"M","$","?","$","M","E","$","R","T","$","T","M","E","$","R","B",null,"R","$","E","B",null],"character_chosen":"THE_SILENT","items_purchased":["Flying Knee","MostiFishMod:AdaptiveDefenses","PreservedInsect","Bag of Preparation","Thread and Needle","REME_GreenPollution","Poisoned Stab","Tiny Chest","Unload","REME_GreenPollution","Akabeko","TwistedFunnel","Tactician"],"campfire_rested":0,"item_purchase_floors":[0,0,0,0,0,0,0,0,0,19,31,36,38],"current_hp_per_floor":[70,70,70,70,70,70,70,70,70,70,58,58,60,62,62,47,76,76,76,78,78,80,80,80,80,80,80,80,80,80,80,80,82,82,84,84,84,84,84,86,86,86,86,86,86,88,90,90,90,90,90,90,90,90,19],"gold":62,"neow_bonus":"","is_daily":false,"chose_seed":false,"campfire_upgraded":9,"win_rate":0.0,"timestamp":1612426219,"path_taken":["M","?","M","?","?","R","?","R","T","$","E","R","M","E","R","BOSS","M","$","?","?","M","R","M","R","T","?","E","?","?","$","R","BOSS","M","$","?","$","M","E","$","R","T","?","?","?","E","?","R","BOSS","R","$","E","BOSS"],"items_purchased_type":["Card","Relic","Relic","Relic","Relic","Card","Card","Relic","Card","Card","Relic","Relic","Card"],"build_version":"2020-12-22","purchased_purges":8,"victory":true,"max_hp_per_floor":[70,70,70,70,70,70,70,70,70,70,72,72,74,76,76,76,76,76,76,78,78,80,80,80,80,80,80,80,80,80,80,80,82,82,84,84,84,84,84,86,86,86,86,86,86,88,90,90,90,90,90,90,90,90,90],"card_choices":[{"not_picked":["Leg Sweep","Deadly Poison"],"picked":"Concentrate","floor":1},{"not_picked":["Accuracy","MostiFishMod:PerfectParry","MostiFishMod:VineMother","Dagger Spray","PiercingWail"],"picked":"SKIP","floor":3},{"not_picked":["Outmaneuver","Sucker Punch","Backflip","Tactician"],"picked":"Quick Slash","floor":5},{"not_picked":["Quick Slash","Backflip","Distraction","MostiFishMod:FrostNova","Venomology"],"picked":"Singing Bowl","floor":11},{"not_picked":["Cloak And Dagger","Terror","Quick Slash","Underhanded Strike","Distraction"],"picked":"Singing Bowl","floor":13},{"not_picked":["Underhanded Strike","Backstab","Tactician","Slice","Predator"],"picked":"Singing Bowl","floor":14},{"not_picked":["After Image","MostiFishMod:Listen","Venomology","MostiFishMod:SpreadingSpore"],"picked":"REME_SpectralBlade","floor":16},{"not_picked":["Cloak And Dagger+1","Backflip+1","Underhanded Strike","Outmaneuver+1"],"picked":"Acrobatics","floor":18},{"not_picked":["Poisoned Stab","Backflip+1","Sucker Punch+1","Bane+1","Tactician"],"picked":"Singing Bowl","floor":20},{"not_picked":["Flechettes+1","Eviscerate","Backstab+1","Escape Plan","Deflect"],"picked":"Singing Bowl","floor":22},{"not_picked":["Eviscerate","Dagger Spray","MostiFishMod:FrostNova","Heel Hook"],"picked":"Prepared+1","floor":24},{"not_picked":["Quick Slash","REME_SpectralBlade","Blade Dance","Caltrops"],"picked":"Dagger Throw","floor":28},{"not_picked":["Phantasmal Killer","MostiFishMod:Confrontation","aspiration:Lunge","REME_LeechingPoison","MostiFishMod:Wind"],"picked":"Singing Bowl","floor":33},{"not_picked":["Dodge and Roll+1","Deadly Poison+1","Blur+1","Noxious Fumes+1","Backflip+1"],"picked":"Singing Bowl","floor":35},{"not_picked":["Flying Knee","Heel Hook","Terror","Outmaneuver"],"picked":"Tactician","floor":39},{"not_picked":["PiercingWail","Terror+1","Bane+1","Well Laid Plans+1","MostiFishMod:GrandStart+1"],"picked":"Singing Bowl","floor":40},{"not_picked":["Blade Dance","Bane+1","MostiFishMod:FrostNova","Poisoned Stab+1","Leg Sweep+1"],"picked":"Singing Bowl","floor":46},{"not_picked":["Backflip+1","Quick Slash+1","Sucker Punch+1","Acrobatics","MostiFishMod:GrandStart+1"],"picked":"Singing Bowl","floor":47},{"not_picked":["Eviscerate+1","Deadly Poison","Sucker Punch+1","Blur"],"picked":"MostiFishMod:InvigoratingSolution+1","floor":54}],"player_experience":311562,"relics_obtained":[{"floor":1,"key":"SynthV:TestCard"},{"floor":7,"key":"Smiling Mask"},{"floor":11,"key":"Singing Bowl"},{"floor":14,"key":"aspiration:Lifesprig"},{"floor":26,"key":"Pen Nib"},{"floor":28,"key":"Shuriken"},{"floor":40,"key":"Molten Egg 2"},{"floor":43,"key":"The Courier"},{"floor":45,"key":"Ninja Scroll"},{"floor":47,"key":"Bird Faced Urn"}],"event_choices":[{"cards_removed":["Strike_G"],"damage_healed":0,"gold_gain":0,"player_choice":"Card Removal","damage_taken":0,"max_hp_gain":0,"max_hp_loss":0,"event_name":"The Cleric","floor":2,"gold_loss":50},{"damage_healed":0,"gold_gain":0,"player_choice":"Upgraded","damage_taken":0,"max_hp_gain":0,"max_hp_loss":0,"event_name":"Upgrade Shrine","floor":4,"gold_loss":0,"cards_upgraded":["Concentrate"]},{"damage_healed":0,"gold_gain":99,"player_choice":"Stole From Cult","damage_taken":0,"max_hp_gain":0,"max_hp_loss":0,"event_name":"Nest","floor":21,"gold_loss":0},{"cards_removed":["Quick Slash"],"damage_healed":0,"gold_gain":0,"player_choice":"Elegance","damage_taken":0,"max_hp_gain":0,"max_hp_loss":0,"event_name":"Back to Basics","floor":27,"gold_loss":0},{"damage_healed":0,"gold_gain":0,"player_choice":"1 cards matched","damage_taken":0,"max_hp_gain":0,"max_hp_loss":0,"event_name":"Match and Keep!","floor":30,"gold_loss":0,"cards_obtained":["REME_FirmDetermination"]},{"damage_healed":0,"gold_gain":0,"player_choice":"0 cards matched","damage_taken":0,"max_hp_gain":0,"max_hp_loss":0,"event_name":"Match and Keep!","floor":37,"gold_loss":0,"cards_obtained":[]}],"is_beta":false,"boss_relics":[{"not_picked":["aspiration:RitualDagger","Philosopher\u0027s Stone"],"picked":"PatriotShield"},{"not_picked":["GuanYuAspect","HoveringKite"],"picked":"RhineSuit"}],"items_purged_floors":[0,0,0,10,19,31,41,48],"is_endless":false,"potions_floor_spawned":[1,5,13,14,20,28,33,35,40,47,54],"ascension_level":0}}