{"host":"746m694if73h3gai","time":1612447194,"event":{"mods":["2.2 Compatiblity","AchievementEnabler","Act Like it!","BaseMod","Colored Map","Colored Powertips","Minty Spire (QoL Compilation)","Quick Restart","Rare Cards Sparkle","Relic Stats","StSLib","everything is the same but u backflip on backflip","slay the spire mod where everything is the same but ironclad has a cowboy hat"],"gold_per_floor":[117,117,42,42,56,56,87,87,87,35,49,49,49,80,80,176,176,186,186,204,218,218,100,134,146,146,174,201,201,181,191,191,288,288,306,319,319,319,319,319],"floor_reached":39,"language":"ENG","playtime":1345,"items_purged":["Strike_P"],"score":524,"play_id":"b8d04751-48c4-47c6-a9b4-db08825cf86f","local_time":"20210204145954","is_ascension_mode":true,"campfire_choices":[{"data":"CutThroughFate","floor":6,"key":"SMITH"},{"data":"Devotion","floor":8,"key":"SMITH"},{"data":"Eruption","floor":12,"key":"SMITH"},{"data":"Vigilance","floor":15,"key":"SMITH"},{"data":"WreathOfFlame","floor":29,"key":"SMITH"},{"data":"Ragnarok","floor":32,"key":"SMITH"}],"circlet_count":0,"master_deck":["Strike_P","Strike_P","Strike_P","Defend_P","Defend_P","Defend_P+1","Defend_P+1","Eruption+1","Vigilance+1","CutThroughFate+1","FlurryOfBlows","Devotion+1","FlurryOfBlows","ClearTheMind","FlurryOfBlows","Ragnarok+1","EmptyMind+1","WreathOfFlame+1","JustLucky+1","InnerPeace","Tantrum","FlyingSleeves+1","EmptyBody+1","Devotion","FollowUp+1","TalkToTheHand"],"relics":["PureWater","NeowsBlessing","Meat on the Bone","Pear","Omamori","Cursed Key","MutagenicStrength","Anchor","Sundial","War Paint","Strawberry","Black Star"],"acts_visited":["Exordium","TheCity","TheBeyond"],"potions_floor_usage":[21,21,24,27,31,39,39],"damage_taken":[{"damage":0,"enemies":"2 Louse","floor":1,"turns":1},{"damage":0,"enemies":"Cultist","floor":5,"turns":1},{"damage":0,"enemies":"Lagavulin","floor":7,"turns":1},{"damage":0,"enemies":"Small Slimes","floor":11,"turns":2},{"damage":18,"enemies":"3 Sentries","floor":14,"turns":8},{"damage":36,"enemies":"Hexaghost","floor":16,"turns":9},{"damage":13,"enemies":"Shell Parasite","floor":18,"turns":3},{"damage":10,"enemies":"Chosen","floor":20,"turns":3},{"damage":21,"enemies":"Shelled Parasite and Fungi","floor":21,"turns":4},{"damage":17,"enemies":"Slavers","floor":24,"turns":2},{"damage":0,"enemies":"Cultist and Chosen","floor":25,"turns":3},{"damage":0,"enemies":"Book of Stabbing","floor":27,"turns":2},{"damage":0,"enemies":"Centurion and Healer","floor":31,"turns":4},{"damage":40,"enemies":"Collector","floor":33,"turns":6},{"damage":0,"enemies":"3 Shapes","floor":35,"turns":2},{"damage":0,"enemies":"Orb Walker","floor":36,"turns":3},{"damage":102,"enemies":"Awakened One","floor":39,"turns":12}],"seed_played":"-7323976999688168886","potions_obtained":[{"floor":5,"key":"Block Potion"},{"floor":7,"key":"ColorlessPotion"},{"floor":14,"key":"SneckoOil"},{"floor":24,"key":"ColorlessPotion"},{"floor":25,"key":"SpeedPotion"},{"floor":27,"key":"Fruit Juice"},{"floor":30,"key":"Fruit Juice"},{"floor":31,"key":"GamblersBrew"}],"is_trial":false,"path_per_floor":["M","?","$","?","M","R","E","R","T","$","M","R","$","E","R","B",null,"M","?","M","M","?","$","E","M","T","E","T","R","?","M","R","B",null,"M","M","?","?","B"],"character_chosen":"WATCHER","items_purchased":["FlurryOfBlows","InnerPeace","Tantrum"],"campfire_rested":0,"item_purchase_floors":[10,23,23],"current_hp_per_floor":[72,65,65,65,65,65,65,65,75,75,75,75,75,57,57,33,82,69,69,59,50,50,50,45,45,45,45,52,52,52,57,57,29,94,94,94,94,94,0,0],"gold":319,"neow_bonus":"THREE_ENEMY_KILL","is_daily":false,"chose_seed":false,"campfire_upgraded":6,"win_rate":0.0,"timestamp":1612447194,"path_taken":["M","?","?","?","M","R","E","R","T","?","?","R","?","E","R","BOSS","M","?","M","M","?","$","E","M","T","E","?","R","?","?","R","BOSS","M","M","?","?","BOSS"],"items_purchased_type":["Card","Card","Card"],"build_version":"2020-12-22","purchased_purges":1,"victory":false,"max_hp_per_floor":[72,72,72,72,72,72,72,72,82,82,82,82,82,82,82,82,82,82,82,82,82,82,82,82,82,82,82,89,89,89,94,94,94,94,94,94,94,94,99,99],"relic_stats":{"counters":[17,66],"Sundial":[2],"Black Star":0,"War Paint":["Defend_P","Defend_P"],"Cursed Key":2,"obtain_stats":[{"Anchor":24,"Pear":9,"NeowsBlessing":0,"Sundial":26,"MutagenicStrength":22,"Strawberry":28,"Omamori":14,"Black Star":34,"PureWater":0,"War Paint":27,"Cursed Key":17,"Meat on the Bone":7},{"Anchor":10,"Pear":3,"NeowsBlessing":0,"Sundial":11,"MutagenicStrength":9,"Strawberry":12,"Omamori":5,"Black Star":14,"PureWater":0,"War Paint":12,"Cursed Key":6,"Meat on the Bone":3},{"Anchor":34,"Pear":3,"NeowsBlessing":0,"Sundial":37,"MutagenicStrength":32,"Strawberry":39,"Omamori":13,"Black Star":49,"PureWater":0,"War Paint":39,"Cursed Key":22,"Meat on the Bone":3}],"Meat on the Bone":48},"card_choices":[{"not_picked":["FollowUp","EmptyFist"],"picked":"CutThroughFate","floor":1},{"not_picked":["Crescendo","Collect"],"picked":"FlurryOfBlows","floor":5},{"not_picked":["ThirdEye","FollowUp"],"picked":"Devotion","floor":7},{"not_picked":["Pray","Swivel"],"picked":"ClearTheMind","floor":11},{"not_picked":["MentalFortress","Wallop"],"picked":"FlurryOfBlows","floor":14},{"not_picked":["DeusExMachina","LessonLearned"],"picked":"Ragnarok","floor":16},{"not_picked":["SashWhip","FlyingSleeves"],"picked":"EmptyMind+1","floor":18},{"not_picked":["SandsOfTime","JustLucky"],"picked":"WreathOfFlame","floor":20},{"not_picked":["EmptyBody","ThirdEye"],"picked":"JustLucky+1","floor":21},{"not_picked":["Worship","Vengeance"],"picked":"FlyingSleeves+1","floor":24},{"not_picked":["Meditate","Consecrate+1"],"picked":"EmptyBody+1","floor":25},{"not_picked":["Weave","JustLucky","Indignation"],"picked":"SKIP","floor":27},{"not_picked":["Sanctity","BowlingBash+1","SashWhip"],"picked":"SKIP","floor":31},{"not_picked":["ConjureBlade","Scrawl"],"picked":"Devotion","floor":33},{"not_picked":["BattleHymn+1","SashWhip+1"],"picked":"FollowUp+1","floor":35},{"not_picked":["PathToVictory+1","FlyingSleeves+1"],"picked":"TalkToTheHand","floor":36}],"player_experience":83987,"relics_obtained":[{"floor":7,"key":"Meat on the Bone"},{"floor":9,"key":"Pear"},{"floor":14,"key":"Omamori"},{"floor":24,"key":"Anchor"},{"floor":26,"key":"Sundial"},{"floor":27,"key":"War Paint"},{"floor":28,"key":"Strawberry"}],"event_choices":[{"damage_healed":0,"gold_gain":0,"player_choice":"Damaged","damage_taken":7,"max_hp_gain":0,"max_hp_loss":0,"event_name":"Wheel of Change","floor":2,"gold_loss":0},{"damage_healed":0,"gold_gain":0,"player_choice":"Leave","damage_taken":0,"max_hp_gain":0,"max_hp_loss":0,"event_name":"The Cleric","floor":4,"gold_loss":0},{"damage_healed":0,"gold_gain":0,"player_choice":"Ignored","damage_taken":0,"max_hp_gain":0,"max_hp_loss":0,"event_name":"Vampires","floor":19,"gold_loss":0},{"damage_healed":0,"gold_gain":0,"player_choice":"Inject Mutagens","damage_taken":0,"relics_obtained":["MutagenicStrength"],"max_hp_gain":0,"max_hp_loss":0,"event_name":"Drug Dealer","floor":22,"gold_loss":0},{"damage_healed":0,"gold_gain":0,"player_choice":"Bought 1 Potion","damage_taken":0,"max_hp_gain":0,"max_hp_loss":0,"event_name":"The Woman in Blue","floor":30,"gold_loss":0},{"damage_healed":0,"gold_gain":0,"player_choice":"Memory 1","damage_taken":0,"max_hp_gain":0,"max_hp_loss":0,"event_name":"SensoryStone","floor":37,"gold_loss":0},{"damage_healed":0,"gold_gain":0,"player_choice":"Took Portal","damage_taken":0,"max_hp_gain":0,"max_hp_loss":0,"event_name":"SecretPortal","floor":38,"gold_loss":0}],"is_beta":false,"boss_relics":[{"not_picked":["VioletLotus","Velvet Choker"],"picked":"Cursed Key"},{"not_picked":["Sozu","Runic Dome"],"picked":"Black Star"}],"items_purged_floors":[3],"is_endless":false,"potions_floor_spawned":[5,7,14,24,25,27,31],"killed_by":"Awakened One","ascension_level":1}}