{"host":"nw4g04f085wnqcgt","time":1612413777,"event":{"mods":["AchievementEnabler","BaseMod","Colored Map","Colored Powertips","DeckTracker","Minty Spire (QoL Compilation)","Relic Sorter","SuperFastMode"],"gold_per_floor":[119,119,130,90,104,137,137,171,171,171,184,359,378,65,65,65,65],"floor_reached":16,"language":"ENG","playtime":409,"items_purged":["Doubt"],"score":169,"play_id":"e487b1a3-b8d4-44db-b4cf-050087d91054","local_time":"20210203234257","is_ascension_mode":true,"campfire_choices":[{"data":"Bash","floor":7,"key":"SMITH"},{"data":"Twin Strike","floor":10,"key":"SMITH"},{"data":"Rampage","floor":15,"key":"SMITH"}],"circlet_count":0,"master_deck":["Strike_R","Strike_R","Strike_R","Strike_R","Strike_R+1","Defend_R","Defend_R","Defend_R+1","Defend_R","Bash+1","Twin Strike+1","Rampage+1","Battle Trance"],"relics":["Burning Blood","Bag of Marbles","Sundial","Strawberry","Mummified Hand"],"acts_visited":["Exordium"],"potions_floor_usage":[6,6,8,8,16],"damage_taken":[{"damage":6,"enemies":"Cultist","floor":1,"turns":3},{"damage":0,"enemies":"2 Louse","floor":3,"turns":1},{"damage":0,"enemies":"Small Slimes","floor":5,"turns":2},{"damage":0,"enemies":"Gremlin Nob","floor":6,"turns":2},{"damage":10,"enemies":"3 Sentries","floor":8,"turns":7},{"damage":9,"enemies":"Exordium Thugs","floor":11,"turns":3},{"damage":1,"enemies":"2 Fungi Beasts","floor":13,"turns":2},{"damage":87,"enemies":"Hexaghost","floor":16,"turns":9}],"seed_played":"-540408391180255491","potions_obtained":[{"floor":1,"key":"Strength Potion"},{"floor":4,"key":"AttackPotion"},{"floor":4,"key":"Block Potion"},{"floor":6,"key":"Energy Potion"},{"floor":13,"key":"SpeedPotion"}],"is_trial":false,"path_per_floor":["M","?","M","?","M","E","R","E","T","R","M","?","M","$","R","B"],"character_chosen":"IRONCLAD","items_purchased":["Mummified Hand"],"campfire_rested":0,"item_purchase_floors":[14],"current_hp_per_floor":[80,64,70,70,76,80,80,83,83,83,80,80,85,85,85,0,0],"gold":65,"neow_bonus":"RANDOM_COMMON_RELIC","is_daily":false,"chose_seed":false,"campfire_upgraded":3,"win_rate":0.0,"timestamp":1612413777,"path_taken":["M","?","M","?","?","E","R","E","T","R","M","?","M","$","R","BOSS"],"items_purchased_type":["Relic"],"build_version":"2020-12-22","purchased_purges":1,"victory":false,"max_hp_per_floor":[80,80,80,80,80,80,80,87,87,87,87,87,87,87,87,87,87],"card_choices":[{"not_picked":["Power Through","Wild Strike"],"picked":"Twin Strike","floor":1},{"not_picked":["Infernal Blade","Dropkick","Blood for Blood"],"picked":"SKIP","floor":3},{"not_picked":["Shockwave","Sentinel"],"picked":"Rampage","floor":5},{"not_picked":["Uppercut","Cleave"],"picked":"Battle Trance","floor":6},{"not_picked":["Clash","Juggernaut","True Grit"],"picked":"SKIP","floor":8},{"not_picked":["Sword Boomerang","Blood for Blood","Infernal Blade"],"picked":"SKIP","floor":11},{"not_picked":["Sentinel","Heavy Blade","Anger"],"picked":"SKIP","floor":13}],"player_experience":404499,"relics_obtained":[{"floor":6,"key":"Sundial"},{"floor":8,"key":"Strawberry"}],"event_choices":[{"damage_healed":0,"gold_gain":0,"player_choice":"Entered Light","damage_taken":16,"max_hp_gain":0,"max_hp_loss":0,"event_name":"Shining Light","floor":2,"gold_loss":0,"cards_upgraded":["Defend_R","Strike_R"]},{"damage_healed":0,"gold_gain":0,"player_choice":"Bought 3 Potions","damage_taken":0,"max_hp_gain":0,"max_hp_loss":0,"event_name":"The Woman in Blue","floor":4,"gold_loss":0},{"damage_healed":0,"gold_gain":175,"player_choice":"AGREE","damage_taken":0,"max_hp_gain":0,"max_hp_loss":0,"event_name":"Liars Game","floor":12,"gold_loss":0,"cards_obtained":["Doubt"]}],"is_beta":false,"boss_relics":[],"items_purged_floors":[14],"is_endless":false,"potions_floor_spawned":[1,6,13],"killed_by":"Hexaghost","ascension_level":5}}