{"host":"kwnpvqmnt47pmyi1","time":1612444613,"event":{"mods":["AchievementEnabler","BaseMod","Bestiary","BetterRewards","Clockwork Mod","Downfall","Hermit","Hubris","Infinite Spire","Marisa????????","Minty Spire (QoL Compilation)","Random Character Mod","Reliquary","Replay The Spire","Shade Mod","StSLib","The Cursed","The Hierophant","The Servant 0.9.4"],"gold_per_floor":[114,114,133,105,125,125,125,125],"floor_reached":7,"language":"ENG","playtime":454,"items_purged":[],"score":41,"play_id":"db8bc030-26cb-4dd9-9021-0590d6e11c35","local_time":"20210204051653","is_ascension_mode":false,"campfire_choices":[{"data":"KidneyShot","floor":6,"key":"SMITH"}],"circlet_count":0,"master_deck":["Strike_S","Strike_S","Strike_S","Strike_S","Defend_S","Defend_S","Defend_S","Defend_S","KidneyShot+1","Ricochet"],"relics":["Uniform"],"acts_visited":["Exordium"],"potions_floor_usage":[],"damage_taken":[{"damage":6,"enemies":"Jaw Worm","floor":1,"turns":4},{"damage":0,"enemies":"Cultist","floor":3,"turns":5},{"damage":2,"enemies":"Small Slimes","floor":5,"turns":4},{"damage":25,"enemies":"Lagavulin","floor":7,"turns":8}],"seed_played":"-6122705872903783889","potions_obtained":[{"floor":1,"key":"Guardian:BlockOnCardUsePotion"},{"floor":3,"key":"Block Potion"}],"is_trial":false,"path_per_floor":["M","?","M","?","M","R","E"],"character_chosen":"THE_SERVANT","items_purchased":[],"campfire_rested":0,"item_purchase_floors":[],"current_hp_per_floor":[65,65,65,65,63,63,38,38],"gold":125,"neow_bonus":"TEN_PERCENT_HP_BONUS","is_daily":false,"chose_seed":false,"campfire_upgraded":1,"win_rate":0.0,"timestamp":1612444613,"path_taken":["M","?","?","?","M","R","E"],"items_purchased_type":[],"build_version":"2020-12-22","purchased_purges":0,"victory":false,"max_hp_per_floor":[71,71,71,71,71,71,71,71],"card_choices":[{"not_picked":["Barrier","Alleviate","Spin"],"picked":"SKIP","floor":1},{"not_picked":["Defy","DoubleEdge","Replace"],"picked":"SKIP","floor":3},{"not_picked":["Revamp","FastForward"],"picked":"Ricochet","floor":5}],"player_experience":298349,"relics_obtained":[],"event_choices":[{"cards_removed":["Exchange"],"damage_healed":0,"gold_gain":0,"player_choice":"Offered Basic","damage_taken":0,"max_hp_gain":0,"max_hp_loss":0,"event_name":"Bonfire Elementals","floor":2,"gold_loss":0},{"damage_healed":0,"gold_gain":0,"player_choice":"Left Gold","damage_taken":0,"max_hp_gain":0,"max_hp_loss":0,"event_name":"World of Goop","floor":4,"gold_loss":28}],"is_beta":false,"boss_relics":[],"items_purged_floors":[],"is_endless":false,"potions_floor_spawned":[1,3],"killed_by":"Lagavulin","ascension_level":0}}