{"host":"osk2oboccoevp2u5","time":1612470881,"event":{"mods":["AchievementEnabler","Alarm Clock","BaseMod","Colored Powertips","Disable Question Mark Monsters","Displayed Cursed Tome","Key Reminder","Minty Spire (QoL Compilation)","Potion Indicator Mod","Quick Restart","Rare Cards Sparkle","Reorder Act Four","StSLib","The Bug Knight","Useless Jewels Mod"],"gold_per_floor":[113,124,138,128,203,237,237,257,310,310,19,35,48,48,48,151,151,161,172,188,207,3,3,3],"floor_reached":23,"language":"ENG","playtime":5104,"items_purged":["HollowMod:NailStrikeStart","HollowMod:NailStrikeStart"],"score":197,"play_id":"cc62739f-cb66-4a0c-a774-0fa8efe60a75","local_time":"20210204163441","is_ascension_mode":false,"campfire_choices":[{"floor":7.0,"key":"REST"},{"data":"HollowMod:NewJinnsSoul","floor":10.0,"key":"SMITH"},{"data":"HollowMod:InfectedAttack","floor":15.0,"key":"SMITH"}],"circlet_count":0,"master_deck":["HollowMod:NailStrikeStart","HollowMod:QuickDashStart","HollowMod:QuickDashStart","HollowMod:QuickDashStart","HollowMod:QuickDashStart","HollowMod:FocusHealStart","HollowMod:PogoStrike","HollowMod:InfectionAssault","HollowMod:InfectedAttack+1","HollowMod:NewJinnsSoul+1","HollowMod:TaintedHusks","Bandage Up","HollowMod:HornetsHelp","HollowMod:PerfectDash"],"relics":["HollowMod:VesselMask","Regal Pillow","Lantern","Meat on the Bone","Busted Crown"],"acts_visited":["Exordium","TheCity"],"potions_floor_usage":[19,19,21,22],"damage_taken":[{"damage":1.0,"enemies":"Jaw Worm","floor":1.0,"turns":3.0},{"damage":0.0,"enemies":"Small Slimes","floor":2.0,"turns":2.0},{"damage":0.0,"enemies":"2 Louse","floor":3.0,"turns":2.0},{"damage":14.0,"enemies":"Exordium Thugs","floor":4.0,"turns":7.0},{"damage":46.0,"enemies":"3 Sentries","floor":6.0,"turns":13.0},{"damage":11.0,"enemies":"Large Slime","floor":8.0,"turns":6.0},{"damage":3.0,"enemies":"Looter","floor":12.0,"turns":3.0},{"damage":4.0,"enemies":"3 Louse","floor":13.0,"turns":4.0},{"damage":62.0,"enemies":"The Guardian","floor":16.0,"turns":11.0},{"damage":4.0,"enemies":"3 Byrds","floor":18.0,"turns":7.0},{"damage":18,"enemies":"2 Thieves","floor":19,"turns":4},{"damage":85,"enemies":"3 Cultists","floor":20,"turns":8},{"damage":35,"enemies":"Centurion and Healer","floor":21,"turns":8},{"damage":44,"enemies":"Slavers","floor":23,"turns":5}],"seed_played":"-5379984110746756431","potions_obtained":[{"floor":1.0,"key":"Energy Potion"},{"floor":3.0,"key":"EssenceOfSteel"},{"floor":12.0,"key":"Swift Potion"},{"floor":13.0,"key":"Ancient Potion"},{"floor":16.0,"key":"LiquidBronze"},{"floor":18.0,"key":"SkillPotion"},{"floor":20,"key":"SkillPotion"}],"is_trial":false,"path_per_floor":["M","M","M","M","?","E","R","M","T","R","$","M","M","?","R","B",null,"M","M","M","M","$","E"],"character_chosen":"THE_BUGKNIGHT","items_purchased":["HollowMod:TaintedHusks","Bandage Up","Regen Potion","Fruit Juice"],"campfire_rested":1,"item_purchase_floors":[11,11,11,22],"current_hp_per_floor":[74,74,74,70,59,25,62,51,51,51,51,52,58,46,46,27,75,71,57,49,40,45,11,11],"gold":3,"neow_bonus":"REMOVE_CARD","is_daily":false,"chose_seed":false,"campfire_upgraded":2,"win_rate":0.0,"timestamp":1612470881,"path_taken":["M","M","M","M","?","E","R","M","T","R","$","M","M","?","R","BOSS","M","M","M","M","$","E"],"items_purchased_type":["Card","Card","Potion","Potion"],"build_version":"2020-12-22","purchased_purges":2,"victory":false,"max_hp_per_floor":[75,75,75,75,75,75,75,75,75,75,75,75,75,75,75,75,75,75,75,75,75,80,80,80],"card_choices":[{"not_picked":["HollowMod:InfectedCysts","HollowMod:SharpenedNail"],"picked":"HollowMod:InfectionAssault","floor":1.0},{"not_picked":["HollowMod:SoulEater","HollowMod:WraithStrike","HollowMod:PerfectDash"],"picked":"SKIP","floor":2.0},{"not_picked":["HollowMod:HeavyBlow","HollowMod:QuirrelsAssistance"],"picked":"HollowMod:InfectedAttack","floor":3.0},{"not_picked":["HollowMod:CoiledNail","HollowMod:MidwifesHunger","HollowMod:DashSlash"],"picked":"SKIP","floor":4.0},{"not_picked":["HollowMod:VengefulSpirit","HollowMod:RecoilStrike","HollowMod:GoodIntentions"],"picked":"SKIP","floor":6.0},{"not_picked":["HollowMod:DoubleDash","HollowMod:DescendingDark"],"picked":"HollowMod:NewJinnsSoul","floor":8.0},{"not_picked":["HollowMod:NewJinnsSoul","HollowMod:DesolateDive","HollowMod:SoulEater"],"picked":"SKIP","floor":12.0},{"not_picked":["HollowMod:DoubleDash","HollowMod:GoodIntentions","HollowMod:PerfectDash"],"picked":"SKIP","floor":13.0},{"not_picked":["HollowMod:Weaversong","HollowMod:MidwifesHunger"],"picked":"HollowMod:HornetsHelp","floor":16.0},{"not_picked":["HollowMod:Grubsong"],"picked":"SKIP","floor":18.0},{"not_picked":["HollowMod:VengefulSpirit"],"picked":"SKIP","floor":19},{"not_picked":[],"picked":"HollowMod:PerfectDash","floor":20},{"not_picked":["HollowMod:SharpenedNail"],"picked":"SKIP","floor":21}],"player_experience":932154,"relics_obtained":[{"floor":6.0,"key":"Regal Pillow"},{"floor":9.0,"key":"Lantern"}],"event_choices":[{"damage_healed":0.0,"max_hp_gain":0.0,"max_hp_loss":0.0,"gold_gain":75.0,"event_name":"World of Goop","player_choice":"Gather Gold","floor":5.0,"gold_loss":0.0,"damage_taken":11.0},{"damage_healed":0.0,"max_hp_gain":0.0,"max_hp_loss":0.0,"gold_gain":0.0,"event_name":"Scrap Ooze","player_choice":"Success","floor":14.0,"gold_loss":0.0,"damage_taken":12.0,"relics_obtained":["Meat on the Bone"]}],"is_beta":false,"boss_relics":[{"not_picked":["Runic Dome","SlaversCollar"],"picked":"Busted Crown"}],"items_purged_floors":[11,22],"is_endless":false,"potions_floor_spawned":[1,3,12,13,16,18,20],"killed_by":"Slavers","ascension_level":0}}