{"host":"9d9dhukr2jywmy0f","time":1612456783,"event":{"mods":["2.2 Compatiblity","Alarm Clock","BaseMod","Bestiary","Block Reminder","Colored Map","Colored Powertips","Curses Come First","DeckTracker","Highlight Path","Key Reminder","Minty Spire (QoL Compilation)","Quick Restart","Rare Cards Sparkle","Relic Sorter","Relic Stats","SIMod","Spire Birthday Party","StSLib","SuperFastMode","Synergy Search","Unceasing Turn Reminder","Unknown Chances"],"gold_per_floor":[114,164,183,183,83,83,111,123,135,147,147],"floor_reached":10,"language":"ZHS","playtime":24140,"items_purged":["Strike_AJ"],"score":89,"play_id":"c99355da-5c78-4430-959a-b8418abbf5fd","local_time":"20210205003943","is_ascension_mode":false,"campfire_choices":[{"data":"GemstoneDetection","floor":6.0,"key":"SMITH"},{"data":"ConcertedEfforts","floor":8,"key":"SMITH"}],"circlet_count":0,"master_deck":["Strike_TS","Strike_RR","Strike_RD","Defend_TS","Defend_PP","Defend_FS","Defend_AJ","ConcertedEfforts+1","HarmonyShield","AllByMyself","AllByMyself","GemstoneDetection+1"],"relics":["The_element_of_harmony","NeowsBlessing","keyreminder:keyreminder","Pyrelight","MawBank","Letter Opener"],"acts_visited":["Exordium"],"potions_floor_usage":[],"damage_taken":[{"damage":0.0,"enemies":"Cultist","floor":1.0,"turns":1.0},{"damage":0.0,"enemies":"Jaw Worm","floor":3.0,"turns":1.0},{"damage":0.0,"enemies":"Gremlin Nob","floor":7.0,"turns":1.0},{"damage":0,"enemies":"3 Sentries","floor":10,"turns":1}],"seed_played":"-3660310841327725581","potions_obtained":[{"floor":1.0,"key":"Block Potion"},{"floor":3.0,"key":"Weak Potion"}],"is_trial":false,"path_per_floor":["M","T","M","?","$","R","E","R","T","E"],"character_chosen":"TWI_CLASS","items_purchased":["GemstoneDetection"],"campfire_rested":0,"item_purchase_floors":[5],"current_hp_per_floor":[82,82,82,82,82,82,82,82,82,82,82],"gold":147,"neow_bonus":"THREE_ENEMY_KILL","is_daily":false,"chose_seed":false,"campfire_upgraded":2,"win_rate":0.0,"timestamp":1612456783,"path_taken":["M","?","?","?","$","R","E","R","T","E"],"items_purchased_type":["Card"],"build_version":"2020-12-22","purchased_purges":1,"victory":false,"max_hp_per_floor":[82,82,82,82,82,82,82,82,82,82,82],"relic_stats":{"counters":[4,4],"Letter Opener":[0],"MawBank":36,"obtain_stats":[{"keyreminder:keyreminder":2,"NeowsBlessing":0,"The_element_of_harmony":0,"Pyrelight":4,"Letter Opener":9,"MawBank":7},{"keyreminder:keyreminder":1,"NeowsBlessing":0,"The_element_of_harmony":0,"Pyrelight":2,"Letter Opener":3,"MawBank":3},{"keyreminder:keyreminder":1,"NeowsBlessing":0,"The_element_of_harmony":0,"Pyrelight":2,"Letter Opener":3,"MawBank":3}]},"card_choices":[{"not_picked":["ThrowingApples","Magic_Beam"],"picked":"SKIP","floor":1.0},{"not_picked":["AllByMyself","Celebrities"],"picked":"SKIP","floor":1.0},{"not_picked":["Celebrities"],"picked":"AllByMyself","floor":1.0},{"not_picked":["ThrowingApples","Magic_Beam"],"picked":"SKIP","floor":1.0},{"not_picked":["ThunderCloud"],"picked":"AllByMyself","floor":3.0},{"not_picked":["Tornado","DynamicVision"],"picked":"SKIP","floor":3.0},{"not_picked":["Celebrities","CleanLibrary"],"picked":"SKIP","floor":7}],"player_experience":884235,"relics_obtained":[{"floor":7,"key":"MawBank"},{"floor":9,"key":"Letter Opener"}],"event_choices":[],"is_beta":false,"boss_relics":[],"items_purged_floors":[5],"is_endless":false,"potions_floor_spawned":[1,3],"killed_by":"3 Sentries","ascension_level":0}}