{"host":"d744ndivyohnro60","time":1612411844,"event":{"mods":["BaseMod","Bestiary","Colored Powertips","Minty Spire (QoL Compilation)","Relic Stats"],"gold_per_floor":[119,119,135,10,23,52,52,62,62,97,114,114,125,135,135,233,283,302,314,314,314,314,314,339,339,339,339,187,213,227,247,247,348,348,362,372,372,99,151,151,177,177,177,177,27,40,40,40],"floor_reached":47,"language":"ENG","playtime":5671,"items_purged":["Defend_B","Strike_B","Reprogram","Gash"],"score":605,"play_id":"1aa48e31-da62-4c2c-a95b-6b00192d34bb","local_time":"20210203231044","is_ascension_mode":true,"campfire_choices":[{"floor":7.0,"key":"REST"},{"floor":12.0,"key":"REST"},{"floor":15.0,"key":"REST"},{"data":"Defragment","floor":23.0,"key":"SMITH"},{"floor":25.0,"key":"REST"},{"data":"Double Energy","floor":27.0,"key":"SMITH"},{"floor":32.0,"key":"REST"},{"floor":40,"key":"REST"},{"data":"Defragment","floor":42,"key":"SMITH"},{"data":"Reinforced Body","floor":44,"key":"SMITH"}],"circlet_count":0,"master_deck":["Zap","Dualcast","Ball Lightning","Double Energy+1","Turbo","Ball Lightning","Defragment+1","Cold Snap","Hologram","Defragment","Sweeping Beam","Multi-Cast","Conserve Battery+1","Tempest+1","Machine Learning","Leap","Reinforced Body+1","Steam+1","Skim","Core Surge","Ball Lightning","BootSequence","Capacitor","Cold Snap+1","Leap","Defragment","Defragment+1","Leap+1"],"relics":["Runic Pyramid","Lizard Tail","Emotion Chip","Torii","Tiny House","MutagenicStrength","Thread and Needle","Symbiotic Virus","Red Mask","Pandora\u0027s Box","ClockworkSouvenir","StoneCalendar","Molten Egg 2","Happy Flower"],"acts_visited":["Exordium","TheCity","TheBeyond"],"potions_floor_usage":[47],"damage_taken":[{"damage":7.0,"enemies":"Jaw Worm","floor":1.0,"turns":3.0},{"damage":1.0,"enemies":"Cultist","floor":3.0,"turns":3.0},{"damage":8.0,"enemies":"2 Louse","floor":5.0,"turns":3.0},{"damage":25.0,"enemies":"Lagavulin","floor":6.0,"turns":5.0},{"damage":11.0,"enemies":"Blue Slaver","floor":8.0,"turns":3.0},{"damage":16.0,"enemies":"Gremlin Nob","floor":10.0,"turns":3.0},{"damage":9.0,"enemies":"2 Fungi Beasts","floor":11.0,"turns":2.0},{"damage":11.0,"enemies":"Exordium Wildlife","floor":13.0,"turns":3.0},{"damage":2.0,"enemies":"Gremlin Gang","floor":14.0,"turns":4.0},{"damage":13.0,"enemies":"Hexaghost","floor":16.0,"turns":7.0},{"damage":32.0,"enemies":"Shell Parasite","floor":18.0,"turns":5.0},{"damage":17.0,"enemies":"3 Byrds","floor":19.0,"turns":5.0},{"damage":20.0,"enemies":"Gremlin Leader","floor":24.0,"turns":7.0},{"damage":20.0,"enemies":"Masked Bandits","floor":29.0,"turns":3.0},{"damage":25.0,"enemies":"Centurion and Healer","floor":30.0,"turns":4.0},{"damage":0.0,"enemies":"3 Cultists","floor":31.0,"turns":4.0},{"damage":91.0,"enemies":"Champ","floor":33.0,"turns":9.0},{"damage":1,"enemies":"Orb Walker","floor":35,"turns":3},{"damage":0,"enemies":"3 Shapes","floor":36,"turns":3},{"damage":37,"enemies":"2 Orb Walkers","floor":39,"turns":4},{"damage":6,"enemies":"Nemesis","floor":41,"turns":5},{"damage":6,"enemies":"Sphere and 2 Shapes","floor":46,"turns":5},{"damage":52,"enemies":"Giant Head","floor":47,"turns":7}],"seed_played":"-3761085190269687307","potions_obtained":[{"floor":10.0,"key":"AttackPotion"},{"floor":11.0,"key":"Fire Potion"},{"floor":16.0,"key":"Explosive Potion"},{"floor":17.0,"key":"DuplicationPotion"},{"floor":18.0,"key":"Energy Potion"},{"floor":19.0,"key":"FocusPotion"},{"floor":30.0,"key":"Fire Potion"},{"floor":31.0,"key":"Explosive Potion"},{"floor":41,"key":"PotionOfCapacity"},{"floor":46,"key":"ColorlessPotion"}],"is_trial":false,"path_per_floor":["M","?","M","$","M","E","R","M","T","E","M","R","M","M","R","B",null,"M","M","?","?","?","R","E","R","T","R","$","?","M","M","R","B",null,"M","M","?","$","?","R","E","R","T","R","$","M","E"],"character_chosen":"DEFECT","items_purchased":["Turbo","Leap","ClockworkSouvenir"],"campfire_rested":6,"item_purchase_floors":[4,28,38],"current_hp_per_floor":[68,68,67,67,59,34,56,45,45,29,20,42,31,29,51,38,80,48,31,57,57,57,57,37,61,61,61,61,41,16,16,40,6,80,79,79,76,76,39,61,55,55,55,55,55,49,0,0],"gold":40,"neow_bonus":"BOSS_RELIC","is_daily":false,"chose_seed":false,"campfire_upgraded":4,"win_rate":0.0,"timestamp":1612411844,"path_taken":["M","?","M","$","M","E","R","?","T","E","M","R","M","M","R","BOSS","M","M","?","?","?","R","E","R","T","R","$","?","M","M","R","BOSS","M","M","?","$","?","R","E","R","T","R","?","M","E"],"items_purchased_type":["Card","Card","Relic"],"build_version":"2020-12-22","purchased_purges":4,"victory":false,"max_hp_per_floor":[75,75,75,75,75,75,75,75,75,75,75,75,75,75,75,75,80,80,80,80,80,80,80,80,80,80,80,80,80,80,80,80,80,80,80,80,76,76,76,76,76,76,76,76,76,76,76,76],"relic_stats":{"Lizard Tail":40,"Emotion Chip":[67,50,11,6,0],"Torii":36,"Happy Flower":[4],"counters":[23,100],"Pandora\u0027s Box":["Ball Lightning","BootSequence","Gash","Reprogram","Capacitor"],"StoneCalendar":[52],"obtain_stats":[{"Tiny House":17,"Torii":10,"Happy Flower":43,"Thread and Needle":24,"StoneCalendar":39,"ClockworkSouvenir":38,"Lizard Tail":6,"Emotion Chip":9,"MutagenicStrength":21,"Pandora\u0027s Box":34,"Molten Egg 2":41,"Red Mask":29,"Cracked Core":0,"Symbiotic Virus":26,"Runic Pyramid":0},{"Tiny House":10,"Torii":6,"Happy Flower":21,"Thread and Needle":13,"StoneCalendar":20,"ClockworkSouvenir":19,"Lizard Tail":4,"Emotion Chip":5,"MutagenicStrength":12,"Pandora\u0027s Box":17,"Molten Egg 2":21,"Red Mask":14,"Cracked Core":0,"Symbiotic Virus":13,"Runic Pyramid":0},{"Tiny House":36,"Torii":20,"Happy Flower":88,"Thread and Needle":53,"StoneCalendar":83,"ClockworkSouvenir":79,"Lizard Tail":14,"Emotion Chip":17,"MutagenicStrength":46,"Pandora\u0027s Box":73,"Molten Egg 2":88,"Red Mask":56,"Cracked Core":0,"Symbiotic Virus":53,"Runic Pyramid":0}]},"card_choices":[{"not_picked":["Compile Driver","Cold Snap"],"picked":"Ball Lightning","floor":1.0},{"not_picked":["Rebound","Compile Driver"],"picked":"Double Energy","floor":3.0},{"not_picked":["Go for the Eyes","Reprogram","Steam Power"],"picked":"SKIP","floor":5.0},{"not_picked":["Biased Cognition","Auto Shields"],"picked":"Ball Lightning","floor":6.0},{"not_picked":["Scrape","Beam Cell"],"picked":"Defragment","floor":8.0},{"not_picked":["Core Surge","Reprogram"],"picked":"Cold Snap","floor":10.0},{"not_picked":["Turbo","Barrage"],"picked":"Hologram","floor":11.0},{"not_picked":["Fusion","Lockon"],"picked":"Defragment","floor":13.0},{"not_picked":["Darkness","Gash"],"picked":"Sweeping Beam","floor":14.0},{"not_picked":["Reboot","Amplify"],"picked":"Multi-Cast","floor":16.0},{"not_picked":["Turbo","Seek"],"picked":"Conserve Battery+1","floor":18.0},{"not_picked":["Streamline+1","Lockon+1"],"picked":"Tempest+1","floor":19.0},{"not_picked":["Blizzard+1","Gash"],"picked":"Machine Learning","floor":24.0},{"not_picked":["Storm","Steam Power"],"picked":"Reinforced Body","floor":29.0},{"not_picked":["Compile Driver","Leap"],"picked":"Steam+1","floor":30.0},{"not_picked":["Beam Cell","Conserve Battery+1"],"picked":"Skim","floor":31.0},{"not_picked":["Meteor Strike","Creative AI"],"picked":"Core Surge","floor":33.0},{"not_picked":["Beam Cell","Auto Shields"],"picked":"Cold Snap+1","floor":35},{"not_picked":["Hologram","Hello World+1"],"picked":"Leap","floor":36},{"not_picked":["Darkness","Gash+1"],"picked":"Defragment","floor":39},{"not_picked":["Fusion","Go for the Eyes+1"],"picked":"Defragment","floor":41},{"not_picked":["Beam Cell+1","Tempest"],"picked":"Leap+1","floor":46}],"player_experience":201779,"relics_obtained":[{"floor":6.0,"key":"Lizard Tail"},{"floor":9.0,"key":"Emotion Chip"},{"floor":10.0,"key":"Torii"},{"floor":24.0,"key":"Thread and Needle"},{"floor":26.0,"key":"Symbiotic Virus"},{"floor":29.0,"key":"Red Mask"},{"floor":39,"key":"StoneCalendar"},{"floor":41,"key":"Molten Egg 2"},{"floor":43,"key":"Happy Flower"}],"event_choices":[{"cards_removed":["Strike_B"],"damage_healed":0.0,"max_hp_gain":0.0,"max_hp_loss":0.0,"gold_gain":0.0,"event_name":"Purifier","player_choice":"Purged","floor":2.0,"gold_loss":0.0,"damage_taken":0.0},{"damage_healed":26.0,"max_hp_gain":0.0,"max_hp_loss":0.0,"gold_gain":0.0,"event_name":"The Library","player_choice":"Heal","floor":20.0,"gold_loss":0.0,"damage_taken":0.0},{"damage_healed":0.0,"max_hp_gain":0.0,"max_hp_loss":0.0,"gold_gain":0.0,"event_name":"Drug Dealer","player_choice":"Inject Mutagens","floor":21.0,"gold_loss":0.0,"damage_taken":0.0,"relics_obtained":["MutagenicStrength"]},{"damage_healed":0.0,"max_hp_gain":0.0,"max_hp_loss":0.0,"gold_gain":0.0,"event_name":"Ghosts","player_choice":"Ignored","floor":22.0,"gold_loss":0.0,"damage_taken":0.0},{"damage_healed":0.0,"max_hp_gain":0.0,"max_hp_loss":0.0,"gold_gain":0.0,"event_name":"Masked Bandits","player_choice":"Fought Bandits","floor":29.0,"gold_loss":0.0,"damage_taken":0.0},{"damage_healed":0,"gold_gain":0,"player_choice":"Max HP","damage_taken":0,"max_hp_gain":0,"max_hp_loss":4,"event_name":"Winding Halls","floor":37,"gold_loss":0},{"damage_healed":0,"gold_gain":0,"player_choice":"Fight","damage_taken":0,"max_hp_gain":0,"max_hp_loss":0,"event_name":"Mysterious Sphere","floor":39,"gold_loss":0}],"is_beta":false,"boss_relics":[{"not_picked":["SlaversCollar","Fusion Hammer"],"picked":"Tiny House"},{"not_picked":["Coffee Dripper","Snecko Eye"],"picked":"Pandora\u0027s Box"}],"items_purged_floors":[4,28,38,45],"is_endless":false,"potions_floor_spawned":[10,11,16,18,19,30,31,41,46],"killed_by":"Giant Head","ascension_level":4}}