{"host":"0rxdudjy6rylha1k","time":1612458365,"event":{"mods":["Aspiration","BaseMod","Colored Map","Colored Powertips","Downfall","Highlight Path","Hubris","Minty Spire (QoL Compilation)","StSLib"],"gold_per_floor":[99,119,119,137,137,163,209,9,41,26,11,42,52,72,84,187,187,187,205,216,216,216,208,208,241,257,157,157,183,183,217,227,331,331,331,349,349,349,361,361,361,393,413,456,474,474,493,2,20,20,20,54,6,6,6,6,6,6],"floor_reached":56,"language":"ENG","playtime":7568,"items_purged":["Parasite"],"score":1004,"play_id":"8c564c4f-5840-4342-a29f-e1bd751d50c5","local_time":"20210204100605","is_ascension_mode":true,"campfire_choices":[{"floor":1.0,"key":"RECALL"},{"floor":8.0,"key":"REST"},{"data":"hexamod:Float","floor":18.0,"key":"SMITH"},{"floor":27.0,"key":"REST"},{"floor":30.0,"key":"REST"},{"data":"hexamod:TimeWarp","floor":35.0,"key":"SMITH"},{"data":"hexamod:TimeWarp","floor":40.0,"key":"SMITH"},{"floor":46.0,"key":"REST"},{"data":"expansioncontent:AwakenDeath","floor":54,"key":"SMITH"}],"circlet_count":0,"master_deck":["hexamod:Strike","hexamod:Strike+1","hexamod:Strike","hexamod:Strike+1","hexamod:Defend","hexamod:Defend+1","hexamod:Defend+1","hexamod:Defend","hexamod:Sear+1","hexamod:Float+1","hexamod:GhostflameBarrier+1","hexamod:NightmareStrike+1","hexamod:InspiringFlames","hexamod:Rewind+1","hexamod:TimeWarp+1","hexamod:TimeWarp+1","hexamod:FirstSeal","hexamod:SecondSeal","hexamod:ThirdSeal","hexamod:Rewind+1","hexamod:TimeWarp","hexamod:VolcanoVisage+1","hexamod:WildfireWeapon+1","hexamod:SixthSeal","expansioncontent:AwakenDeath+1","hexamod:AdvancingGuard+1","hexamod:FirstSeal","hexamod:Incineration"],"relics":["hubris:GrandSneckoEye","Vajra","sneckomod:BlankCard","downfall:HeartBlessingRed","downfall:HeartBlessingGreen","hubris:SlimyHat","Whetstone","hubris:Stopwatch","Singing Bowl","Nunchaku","downfall:HeartBlessingBlue","hubris:Towel","hubris:CuriousFeather","hubris:Zylophone","aspiration:PoetsPen_weak","Unceasing Top","hexamod:CandleOfCauterizing","Lizard Tail","Medical Kit","Strawberry","hubris:GlazedTorus","Pear"],"acts_visited":["Exordium","TheCity","TheBeyond","TheEnding"],"potions_floor_usage":[52,55],"damage_taken":[{"damage":6.0,"enemies":"Jaw Worm","floor":2.0,"turns":3.0},{"damage":0.0,"enemies":"Cultist","floor":4.0,"turns":2.0},{"damage":31.0,"enemies":"Gremlin Nob","floor":6.0,"turns":3.0},{"damage":4.0,"enemies":"3 Sentries","floor":9.0,"turns":5.0},{"damage":3.0,"enemies":"downfall:FleeingMerchant","floor":10.0,"turns":4.0},{"damage":2.0,"enemies":"downfall:FleeingMerchant","floor":11.0,"turns":4.0},{"damage":11.0,"enemies":"Lagavulin","floor":12.0,"turns":5.0},{"damage":0.0,"enemies":"2 Louse","floor":13.0,"turns":1.0},{"damage":0.0,"enemies":"Exordium Thugs","floor":14.0,"turns":3.0},{"damage":3.0,"enemies":"Red Slaver","floor":15.0,"turns":2.0},{"damage":2.0,"enemies":"SI_SHIV_ARCHETYPE","floor":16.0,"turns":4.0},{"damage":0.0,"enemies":"Spheric Guardian","floor":19.0,"turns":3.0},{"damage":0.0,"enemies":"Shell Parasite","floor":20.0,"turns":3.0},{"damage":47.0,"enemies":"Gremlin Leader","floor":25.0,"turns":7.0},{"damage":22.0,"enemies":"Chosen and Byrds","floor":26.0,"turns":5.0},{"damage":0.0,"enemies":"Book of Stabbing","floor":29.0,"turns":5.0},{"damage":10.0,"enemies":"Gremlin Leader","floor":31.0,"turns":5.0},{"damage":0.0,"enemies":"Cultist and Chosen","floor":32.0,"turns":4.0},{"damage":16.0,"enemies":"IC_MUSHROOM_ARCHETYPE","floor":33.0,"turns":4.0},{"damage":6.0,"enemies":"3 Shapes","floor":36.0,"turns":5.0},{"damage":22.0,"enemies":"Orb Walker","floor":39.0,"turns":3.0},{"damage":26.0,"enemies":"Reptomancer","floor":42.0,"turns":4.0},{"damage":15.0,"enemies":"Spire Growth","floor":43.0,"turns":3.0},{"damage":18.0,"enemies":"Nemesis","floor":44.0,"turns":3.0},{"damage":21.0,"enemies":"Writhing Mass","floor":45.0,"turns":3.0},{"damage":0.0,"enemies":"Transient","floor":47.0,"turns":5.0},{"damage":0.0,"enemies":"downfall:FleeingMerchant","floor":48.0,"turns":3.0},{"damage":4.0,"enemies":"Maw","floor":49.0,"turns":5.0},{"damage":30.0,"enemies":"DF_ARCHETYPE_ORBS","floor":50.0,"turns":4.0},{"damage":8,"enemies":"downfall:CharBossMerchant","floor":52,"turns":5},{"damage":0,"enemies":"downfall:NeowBoss","floor":55,"turns":8},{"damage":276,"enemies":"downfall:NeowBossFinal","floor":56,"turns":5}],"seed_played":"9202085279793802396","potions_obtained":[{"floor":4.0,"key":"bronze:BurnAndBuffPotion"},{"floor":13.0,"key":"EntropicBrew"},{"floor":15.0,"key":"Weak Potion"},{"floor":25.0,"key":"EssenceOfSteel"},{"floor":29.0,"key":"SkillPotion"},{"floor":33.0,"key":"BlessingOfTheForge"},{"floor":36.0,"key":"LiquidMemories"},{"floor":39.0,"key":"SkillPotion"},{"floor":43.0,"key":"Strength Potion"},{"floor":45.0,"key":"Weak Potion"},{"floor":49.0,"key":"SteroidPotion"}],"is_trial":false,"path_per_floor":["R","M","?","M","?","E","T","R","E","$","$","E","M","M","M","B",null,"R","M","M","?","?","?","T","E","M","R","?","E","R","E","M","B",null,"R","M","?","?","M","R","T","E","M","E","M","R","M","$","M","B",null,"E","$","R","B","B"],"character_chosen":"THE_SPIRIT","items_purchased":["Medical Kit","Strawberry","hubris:GlazedTorus","hexamod:FirstSeal","hexamod:Incineration","Weak Potion","SkillPotion"],"campfire_rested":4,"item_purchase_floors":[48,48,48,48,48,48,53],"current_hp_per_floor":[70,64,64,64,64,33,33,54,50,47,45,34,34,34,31,29,70,70,70,70,70,70,63,63,27,14,49,49,51,77,74,85,76,92,92,96,96,88,77,77,77,60,56,54,46,80,93,107,112,96,126,139,139,139,140,0,0,0],"gold":6,"neow_bonus":"BOSS_RELIC","is_daily":false,"chose_seed":false,"campfire_upgraded":4,"win_rate":0.0,"timestamp":1612458365,"path_taken":["R","M","?","?","?","E","T","R","E","?","$","E","?","M","M","BOSS","R","M","M","?","?","?","T","E","M","R","?","E","R","E","M","BOSS","R","M","?","?","?","R","T","E","M","E","?","R","M","$","M","BOSS","E","$","R","BOSS","BOSS"],"items_purchased_type":["Relic","Relic","Relic","Card","Card","Potion","Potion"],"build_version":"2020-12-22","purchased_purges":1,"victory":false,"max_hp_per_floor":[70,70,70,70,70,70,70,70,70,70,70,70,70,70,70,70,70,70,70,70,70,70,70,70,74,76,86,86,88,88,88,92,92,92,92,96,96,96,100,100,100,102,106,108,114,114,120,124,126,126,126,140,140,140,140,140,140,140],"card_choices":[{"not_picked":["hexamod:ShieldOfDarkness","hexamod:GhostShield"],"picked":"hexamod:FourthSeal","floor":2.0},{"not_picked":["hexamod:HeatMetal","hexamod:GhostOfSpirePast"],"picked":"hexamod:GhostflameBarrier","floor":4.0},{"not_picked":["hexamod:HauntingEcho","hexamod:SuperheatedStrike"],"picked":"hexamod:NightmareStrike","floor":6.0},{"not_picked":["hexamod:HauntingEcho","hexamod:BurningTouch"],"picked":"hexamod:InspiringFlames","floor":9.0},{"not_picked":["hexamod:InspiringFlames","hexamod:GhostLash","hexamod:ShieldOfDarkness"],"picked":"SKIP","floor":10.0},{"not_picked":["hexamod:InspiringFlames","hexamod:NightmareStrike"],"picked":"hexamod:HeatCrush","floor":11.0},{"not_picked":["hexamod:AdvancingGuard","hexamod:SoulSteal"],"picked":"hexamod:Rewind","floor":12.0},{"not_picked":["hexamod:RecurringNightmare","hexamod:Firestarter"],"picked":"hexamod:TimeWarp","floor":13.0},{"not_picked":["hexamod:NecessarySacrifice","hexamod:PhantomCloak","hexamod:GhostShield"],"picked":"SKIP","floor":14.0},{"not_picked":["hexamod:SwordOfDarkness","hexamod:HeatMetal","hexamod:StepThrough"],"picked":"SKIP","floor":15.0},{"not_picked":["hexamod:UnleashSpirits","hexamod:UnlimitedPower"],"picked":"hexamod:TimeWarp","floor":16.0},{"not_picked":["hexamod:HeatCrush","hexamod:NightmareGuise"],"picked":"hexamod:ThermalTransfer","floor":19.0},{"not_picked":["hexamod:SoulSteal+1","hexamod:NecessarySacrifice","hexamod:SuperheatedStrike+1"],"picked":"SKIP","floor":20.0},{"not_picked":["hexamod:BurningTouch","hexamod:GhostflameBarrier+1","hexamod:Firestarter"],"picked":"Singing Bowl","floor":25.0},{"not_picked":["hexamod:FastForward","hexamod:InspiringFlames","hexamod:AdvancingGuard"],"picked":"Singing Bowl","floor":25.0},{"not_picked":["hexamod:BacktrackSmack","hexamod:HauntingEcho","hexamod:ChargedBarrage+1"],"picked":"Singing Bowl","floor":26.0},{"not_picked":["hexamod:Hexaguard","hexamod:HauntingEcho","hexamod:Haunt"],"picked":"Singing Bowl","floor":29.0},{"not_picked":["hexamod:BurningTouch","hexamod:FastForward"],"picked":"hexamod:Rewind","floor":29.0},{"not_picked":["hexamod:FourthSeal","hexamod:BurningTouch+1"],"picked":"hexamod:TimeWarp","floor":31.0},{"not_picked":["hexamod:GhostOfSpirePresent","hexamod:ShieldOfDarkness+1"],"picked":"hexamod:VolcanoVisage","floor":31.0},{"not_picked":["hexamod:Rewind","hexamod:RecurringNightmare","hexamod:SwordOfDarkness"],"picked":"Singing Bowl","floor":32.0},{"not_picked":["hexamod:HeatCrush","hexamod:SwordOfDarkness","hexamod:EtherealExpedition"],"picked":"Singing Bowl","floor":32.0},{"not_picked":["hexamod:SearingWound","hexamod:TimeWarp"],"picked":"hexamod:WildfireWeapon","floor":33.0},{"not_picked":["hexamod:UnlimitedPower","hexamod:GiftsFromTheDead"],"picked":"hexamod:SixthSeal","floor":33.0},{"not_picked":["hexamod:ThirdSeal","hexamod:HauntingEcho","hexamod:NecessarySacrifice"],"picked":"Singing Bowl","floor":36.0},{"not_picked":["hexamod:Firestarter+1","hexamod:FastForward+1","hexamod:RetreatToShadows"],"picked":"Singing Bowl","floor":36.0},{"not_picked":["expansioncontent:YouAreMine","expansioncontent:LastStand"],"picked":"expansioncontent:AwakenDeath","floor":37.0},{"not_picked":["hexamod:AdvancingGuard+1","hexamod:HeatShield+1","hexamod:ApocalypticArmor"],"picked":"Singing Bowl","floor":39.0},{"not_picked":["hexamod:FastForward","hexamod:SpectralAdrenaline+1","hexamod:ChargedBarrage+1"],"picked":"Singing Bowl","floor":39.0},{"not_picked":["hexamod:Hexaguard+1","hexamod:ThermalTransfer+1","hexamod:DynamicBlow+1"],"picked":"Singing Bowl","floor":42.0},{"not_picked":["hexamod:DynamicBlow+1","hexamod:GhostShield+1","hexamod:ShieldOfDarkness"],"picked":"Singing Bowl","floor":43.0},{"not_picked":["hexamod:Firestarter+1","hexamod:GhostLash+1","hexamod:RetreatToShadows+1"],"picked":"Singing Bowl","floor":43.0},{"not_picked":["hexamod:Hexaguard+1","hexamod:SpectersWail","hexamod:RadiantFlame"],"picked":"Singing Bowl","floor":44.0},{"not_picked":["hexamod:Rewind","hexamod:HeatMetal+1","hexamod:GhostShield"],"picked":"Singing Bowl","floor":45.0},{"not_picked":["hexamod:PowerFromBeyond","hexamod:ThermalTransfer+1","hexamod:BacktrackSmack+1"],"picked":"Singing Bowl","floor":45.0},{"not_picked":["hexamod:ThermalTransfer","hexamod:InspiringFlames+1","hexamod:SpectersWail+1"],"picked":"Singing Bowl","floor":45.0},{"not_picked":["hexamod:ShieldOfDarkness+1","hexamod:Firestarter","hexamod:HeatMetal"],"picked":"Singing Bowl","floor":47.0},{"not_picked":["hexamod:ShieldOfDarkness","hexamod:GhostOfSpireFuture+1","hexamod:SwordOfDarkness+1"],"picked":"Singing Bowl","floor":47.0},{"not_picked":["hexamod:GhostShield+1","hexamod:BurningTouch","hexamod:NightmareGuise"],"picked":"Singing Bowl","floor":47.0},{"not_picked":["hexamod:BacktrackSmack+1","hexamod:Again+1"],"picked":"hexamod:AdvancingGuard+1","floor":48.0},{"not_picked":["hexamod:BurningTouch","hexamod:Firestarter+1","hexamod:Incineration"],"picked":"Singing Bowl","floor":49.0},{"not_picked":["hexamod:GhostOfSpireFuture+1","hexamod:PhantomCloak","hexamod:BacktrackSmack+1"],"picked":"Singing Bowl","floor":52},{"not_picked":["hexamod:HeatShield","hexamod:GhostShield","hexamod:BurningTouch"],"picked":"Singing Bowl","floor":52}],"player_experience":2781802,"relics_obtained":[{"floor":6.0,"key":"Vajra"},{"floor":7.0,"key":"sneckomod:BlankCard"},{"floor":9.0,"key":"hubris:SlimyHat"},{"floor":12.0,"key":"Whetstone"},{"floor":25.0,"key":"Nunchaku"},{"floor":29.0,"key":"hubris:CuriousFeather"},{"floor":31.0,"key":"hubris:Zylophone"},{"floor":41.0,"key":"Unceasing Top"},{"floor":42.0,"key":"hexamod:CandleOfCauterizing"},{"floor":44.0,"key":"Lizard Tail"},{"floor":52,"key":"Pear"}],"event_choices":[{"cards_removed":["hexamod:FourthSeal"],"damage_healed":0.0,"max_hp_gain":0.0,"max_hp_loss":0.0,"gold_gain":0.0,"event_name":"NoteForYourself","player_choice":"Took Card","floor":3.0,"gold_loss":0.0,"damage_taken":0.0,"cards_obtained":["Regret"]}],"is_beta":false,"boss_relics":[{"not_picked":["aspiration:FutureDiary","hubris:VirtuousBlindfold"],"picked":"hubris:Stopwatch"},{"not_picked":["Snecko Eye","aspiration:RitualDagger"],"picked":"aspiration:PoetsPen_weak"}],"items_purged_floors":[48],"is_endless":false,"potions_floor_spawned":[4,13,14,15,25,29,33,36,39,43,45,49],"killed_by":"downfall:NeowBossFinal","ascension_level":1}}