{"host":"jwbw4f4imxd0v0b0","time":1612403024,"event":{"mods":["BaseMod","Colored Map","Highlight Path","Minty Spire (QoL Compilation)","Relic Stats","StSLib"],"gold_per_floor":[116,37,57,70,86,86,119,134,186,200,219,219,219,238,238,309,309,327,33,48,48,48],"floor_reached":21,"language":"ENG","playtime":943,"items_purged":["Decay"],"score":370,"play_id":"8989a817-8759-47eb-b760-a868d191c145","local_time":"20210203194344","is_ascension_mode":true,"campfire_choices":[{"data":"Doom and Gloom","floor":6.0,"key":"SMITH"},{"data":"Defragment","floor":15.0,"key":"SMITH"}],"circlet_count":0,"master_deck":["AscendersBane","Strike_B","Strike_B","Strike_B","Strike_B","Defend_B","Defend_B","Defend_B","Defend_B","Zap","Dualcast","Ball Lightning","Cold Snap","Barrage","Doom and Gloom+1","Capacitor","Defragment+1","Leap","Double Energy","Steam","Electrodynamics","Static Discharge","Biased Cognition","Conserve Battery+1","Coolheaded"],"relics":["Cursed Key","Symbiotic Virus","Toy Ornithopter","Philosopher\u0027s Stone","Orichalcum"],"acts_visited":["Exordium","TheCity"],"potions_floor_usage":[20,21],"damage_taken":[{"damage":0.0,"enemies":"Cultist","floor":1.0,"turns":3.0},{"damage":1.0,"enemies":"2 Louse","floor":3.0,"turns":2.0},{"damage":2.0,"enemies":"Jaw Worm","floor":4.0,"turns":3.0},{"damage":2.0,"enemies":"3 Louse","floor":5.0,"turns":3.0},{"damage":2.0,"enemies":"Lagavulin","floor":7.0,"turns":7.0},{"damage":4.0,"enemies":"Large Slime","floor":8.0,"turns":3.0},{"damage":20.0,"enemies":"Red Slaver","floor":10.0,"turns":3.0},{"damage":13.0,"enemies":"Looter","floor":11.0,"turns":4.0},{"damage":0.0,"enemies":"Large Slime","floor":14.0,"turns":3.0},{"damage":18.0,"enemies":"Hexaghost","floor":16.0,"turns":7.0},{"damage":37.0,"enemies":"Shell Parasite","floor":18.0,"turns":4.0},{"damage":13,"enemies":"2 Thieves","floor":20,"turns":4},{"damage":29,"enemies":"Shelled Parasite and Fungi","floor":21,"turns":2}],"seed_played":"-1552273075051978718","potions_obtained":[{"floor":4.0,"key":"Energy Potion"},{"floor":8.0,"key":"Strength Potion"},{"floor":11.0,"key":"SkillPotion"},{"floor":18.0,"key":"FearPotion"}],"is_trial":false,"path_per_floor":["M","$","M","M","M","R","E","M","T","M","M","?","?","M","R","B",null,"M","$","M","M"],"character_chosen":"DEFECT","items_purchased":["Cold Snap","Barrage","Coolheaded","Orichalcum"],"campfire_rested":0,"item_purchase_floors":[2,2,19,19],"current_hp_per_floor":[64,64,63,61,59,59,57,53,53,33,20,20,71,71,71,53,67,30,30,22,0,0],"gold":48,"neow_bonus":"BOSS_RELIC","is_daily":false,"chose_seed":false,"campfire_upgraded":2,"win_rate":0.0,"timestamp":1612403024,"path_taken":["M","?","M","M","M","R","E","M","T","M","M","?","?","M","R","BOSS","M","$","?","?"],"items_purchased_type":["Card","Card","Card","Relic"],"build_version":"2020-12-22","purchased_purges":1,"victory":false,"max_hp_per_floor":[71,71,71,71,71,71,71,71,71,71,71,71,71,71,71,71,71,71,71,71,71,71],"relic_stats":{"counters":[13,48],"Orichalcum":[12],"Cursed Key":1,"obtain_stats":[{"Philosopher\u0027s Stone":17,"Orichalcum":19,"Cracked Core":0,"Cursed Key":0,"Symbiotic Virus":7,"Toy Ornithopter":9},{"Philosopher\u0027s Stone":10,"Orichalcum":11,"Cracked Core":0,"Cursed Key":0,"Symbiotic Virus":5,"Toy Ornithopter":6},{"Philosopher\u0027s Stone":38,"Orichalcum":42,"Cracked Core":0,"Cursed Key":0,"Symbiotic Virus":18,"Toy Ornithopter":21}],"Toy Ornithopter":10},"card_choices":[{"not_picked":["Conserve Battery","Steam"],"picked":"Ball Lightning","floor":1.0},{"not_picked":["Compile Driver","Redo"],"picked":"Doom and Gloom","floor":3.0},{"not_picked":["Skim","Go for the Eyes"],"picked":"Capacitor","floor":4.0},{"not_picked":["Self Repair","Rebound"],"picked":"Defragment","floor":5.0},{"not_picked":["Go for the Eyes","Rainbow"],"picked":"Leap","floor":7.0},{"not_picked":["Leap","Sunder"],"picked":"Double Energy","floor":8.0},{"not_picked":["Streamline","Hologram"],"picked":"Steam","floor":10.0},{"not_picked":["Rebound","Leap"],"picked":"Electrodynamics","floor":11.0},{"not_picked":["Sweeping Beam","Steam"],"picked":"Static Discharge","floor":14.0},{"not_picked":["Amplify","Buffer"],"picked":"Biased Cognition","floor":16.0},{"not_picked":["Beam Cell","Steam Power"],"picked":"Conserve Battery+1","floor":18.0},{"not_picked":["Streamline","Darkness","Leap"],"picked":"SKIP","floor":20}],"player_experience":1198813,"relics_obtained":[{"floor":7.0,"key":"Symbiotic Virus"},{"floor":9.0,"key":"Toy Ornithopter"}],"event_choices":[{"damage_healed":0.0,"max_hp_gain":0.0,"max_hp_loss":0.0,"gold_gain":0.0,"event_name":"Liars Game","player_choice":"Ignored","floor":12.0,"gold_loss":0.0,"damage_taken":0.0},{"damage_healed":51.0,"max_hp_gain":0.0,"max_hp_loss":0.0,"gold_gain":0.0,"event_name":"Wheel of Change","player_choice":"Full Heal","floor":13.0,"gold_loss":0.0,"damage_taken":0.0}],"is_beta":false,"boss_relics":[{"not_picked":["Sozu","Black Star"],"picked":"Philosopher\u0027s Stone"}],"items_purged_floors":[19],"is_endless":false,"potions_floor_spawned":[4,8,11,18],"killed_by":"Shelled Parasite and Fungi","ascension_level":20}}