{"host":"2se5dq1do2gp0x9k","time":1612419482,"event":{"mods":["AchievementEnabler","BaseMod","Block Reminder","Colored Map","Colored Powertips","Minty Spire (QoL Compilation)","Relic Stats","StSLib","SuperFastMode"],"gold_per_floor":[119,130,130,14,31,31,61,61,61,93,112,112,112,112,112,210,210,165,188,113,132,57,57,57,57],"floor_reached":24,"language":"ENG","playtime":669,"items_purged":["Strike_B"],"score":408,"play_id":"0bef97ab-889b-478f-a26d-d8e178b94515","local_time":"20210203221802","is_ascension_mode":true,"campfire_choices":[{"data":"Beam Cell","floor":6,"key":"SMITH"},{"data":"Loop","floor":8,"key":"SMITH"},{"data":"Hologram","floor":13,"key":"SMITH"},{"data":"Consume","floor":15,"key":"SMITH"},{"data":"Chaos","floor":23,"key":"SMITH"}],"circlet_count":0,"master_deck":["AscendersBane","Strike_B","Strike_B","Defend_B","Defend_B","Defend_B","Defend_B","Zap","Dualcast","Cold Snap","Leap","Loop+1","Beam Cell+1","Cold Snap","Hologram+1","Consume+1","Compile Driver","Creative AI","Skim+1","Chaos+1","Recycle+1"],"relics":["Cracked Core","NeowsBlessing","Matryoshka","Singing Bowl","Kunai","Bronze Scales","Golden Idol","Coffee Dripper"],"acts_visited":["Exordium","TheCity"],"potions_floor_usage":[7],"damage_taken":[{"damage":0,"enemies":"2 Louse","floor":1,"turns":1},{"damage":0,"enemies":"Jaw Worm","floor":2,"turns":1},{"damage":0,"enemies":"Small Slimes","floor":5,"turns":1},{"damage":12,"enemies":"3 Sentries","floor":7,"turns":10},{"damage":12,"enemies":"Lagavulin","floor":10,"turns":8},{"damage":4,"enemies":"3 Louse","floor":11,"turns":3},{"damage":33,"enemies":"Slime Boss","floor":16,"turns":9},{"damage":21,"enemies":"2 Thieves","floor":18,"turns":5},{"damage":31,"enemies":"Shell Parasite","floor":19,"turns":4},{"damage":2,"enemies":"Snecko","floor":21,"turns":7},{"damage":4,"enemies":"Sentry and Sphere","floor":24,"turns":2}],"seed_played":"-8313023881981239833","potions_obtained":[{"floor":5,"key":"Dexterity Potion"},{"floor":10,"key":"Ancient Potion"},{"floor":16,"key":"Energy Potion"},{"floor":19,"key":"BlessingOfTheForge"}],"is_trial":false,"path_per_floor":["M","M","?","$","M","R","E","R","T","E","M","?","R","?","R","B",null,"M","M","?","M","$","R","M"],"character_chosen":"DEFECT","items_purchased":["Loop","Beam Cell"],"campfire_rested":0,"item_purchase_floors":[4,4],"current_hp_per_floor":[64,64,64,64,64,64,52,52,52,40,36,59,59,59,59,26,55,34,3,3,1,1,1,0,0],"gold":57,"neow_bonus":"THREE_ENEMY_KILL","is_daily":false,"chose_seed":false,"campfire_upgraded":5,"win_rate":0.0,"timestamp":1612419482,"path_taken":["M","M","?","$","M","R","E","R","T","E","M","?","R","?","R","BOSS","M","M","?","M","$","R","M"],"items_purchased_type":["Card","Card"],"build_version":"2020-12-22","purchased_purges":1,"victory":false,"max_hp_per_floor":[71,71,71,71,71,71,71,71,71,71,71,71,71,64,64,64,64,64,64,64,64,64,64,64,64],"relic_stats":{"Singing Bowl":0,"counters":[11,51],"Golden Idol":32,"Bronze Scales":[68],"Kunai":[5],"obtain_stats":[{"Matryoshka":7,"NeowsBlessing":0,"Singing Bowl":9,"Golden Idol":14,"Bronze Scales":10,"Coffee Dripper":17,"Kunai":9,"Cracked Core":0},{"Matryoshka":4,"NeowsBlessing":0,"Singing Bowl":4,"Golden Idol":6,"Bronze Scales":5,"Coffee Dripper":7,"Kunai":4,"Cracked Core":0},{"Matryoshka":13,"NeowsBlessing":0,"Singing Bowl":13,"Golden Idol":24,"Bronze Scales":21,"Coffee Dripper":33,"Kunai":13,"Cracked Core":0}]},"card_choices":[{"not_picked":["Turbo","Leap"],"picked":"Cold Snap","floor":1},{"not_picked":["Auto Shields","Rebound"],"picked":"Leap","floor":2},{"not_picked":["Gash","BootSequence"],"picked":"Cold Snap","floor":5},{"not_picked":["Fusion","Storm"],"picked":"Hologram","floor":7},{"not_picked":["Skim","Conserve Battery"],"picked":"Consume","floor":10},{"not_picked":["Steam Power","Stack"],"picked":"Compile Driver","floor":11},{"not_picked":["Multi-Cast","All For One"],"picked":"Creative AI","floor":16},{"not_picked":["Leap","Doom and Gloom+1"],"picked":"Skim+1","floor":18},{"not_picked":["Sweeping Beam","Beam Cell"],"picked":"Chaos","floor":19},{"not_picked":["Gash","Doom and Gloom"],"picked":"Recycle+1","floor":21}],"player_experience":4067649,"relics_obtained":[{"floor":7,"key":"Matryoshka"},{"floor":9,"key":"Singing Bowl"},{"floor":9,"key":"Kunai"},{"floor":10,"key":"Bronze Scales"}],"event_choices":[{"damage_healed":0,"gold_gain":0,"player_choice":"Leave","damage_taken":0,"max_hp_gain":0,"max_hp_loss":0,"event_name":"The Cleric","floor":3,"gold_loss":0},{"damage_healed":23,"gold_gain":0,"player_choice":"Banana","damage_taken":0,"max_hp_gain":0,"max_hp_loss":0,"event_name":"Big Fish","floor":12,"gold_loss":0},{"damage_healed":0,"gold_gain":0,"player_choice":"Lose Max HP","damage_taken":0,"relics_obtained":["Golden Idol"],"max_hp_gain":0,"max_hp_loss":7,"event_name":"Golden Idol","floor":14,"gold_loss":0},{"cards_removed":["Strike_B"],"damage_healed":0,"gold_gain":0,"player_choice":"Gave Gold","damage_taken":0,"max_hp_gain":0,"max_hp_loss":0,"event_name":"Beggar","floor":20,"gold_loss":75}],"is_beta":false,"boss_relics":[{"not_picked":["Runic Dome","Snecko Eye"],"picked":"Coffee Dripper"}],"items_purged_floors":[22],"is_endless":false,"potions_floor_spawned":[5,10,16,19,21],"killed_by":"Sentry and Sphere","ascension_level":20}}