{"host":"d9m9v0h6vo0edadb","time":1612434336,"event":{"mods":["BaseMod","Hermit","Keyboard Shortcuts","Minty Spire (QoL Compilation)","StSLib","SuperFastMode","The Cursed"],"gold_per_floor":[113,113,123,123,48,81,93,131,194,237,267,279,302,314,326,412,424,436,436],"floor_reached":18,"language":"KOR","playtime":192,"items_purged":["Strike_R"],"score":406,"play_id":"94431166-65be-4313-81a1-600be19c0162","local_time":"20210204192536","is_ascension_mode":true,"campfire_choices":[{"data":"Uppercut","floor":7,"key":"SMITH"},{"data":"Disarm","floor":12,"key":"SMITH"},{"data":"Pommel Strike","floor":15,"key":"SMITH"}],"circlet_count":0,"master_deck":["AscendersBane","Strike_R","Strike_R","Strike_R","Defend_R","Defend_R","Defend_R","Defend_R","Bash","Uppercut+1","Seeing Red","Cleave","Pommel Strike+1","Disarm+1","Fiend Fire"],"relics":["Burning Blood","NeowsBlessing","CultistMask","MawBank","StrikeDummy","Pen Nib","Pantograph","Coffee Dripper"],"acts_visited":["Exordium","TheCity"],"potions_floor_usage":[8,8,16,16],"damage_taken":[{"damage":0,"enemies":"Small Slimes","floor":1,"turns":1},{"damage":0,"enemies":"Cultist","floor":3,"turns":1},{"damage":0,"enemies":"3 Sentries","floor":6,"turns":2},{"damage":18,"enemies":"Gremlin Nob","floor":8,"turns":4},{"damage":17,"enemies":"Lagavulin","floor":10,"turns":6},{"damage":4,"enemies":"Jaw Worm","floor":11,"turns":2},{"damage":9,"enemies":"Looter","floor":13,"turns":3},{"damage":36,"enemies":"Hexaghost","floor":16,"turns":11},{"damage":0,"enemies":"Shell Parasite","floor":18,"turns":1}],"seed_played":"-4517965490420585484","potions_obtained":[{"floor":1,"key":"Strength Potion"},{"floor":3,"key":"Ancient Potion"},{"floor":10,"key":"AttackPotion"},{"floor":11,"key":"EssenceOfSteel"}],"is_trial":false,"path_per_floor":["M","?","M","?","$","E","R","E","T","E","M","R","M","$","R","B",null,"M"],"character_chosen":"IRONCLAD","items_purchased":[],"campfire_rested":0,"item_purchase_floors":[],"current_hp_per_floor":[74,74,75,75,75,75,75,63,63,52,54,54,51,51,51,45,68,68,68],"gold":436,"neow_bonus":"THREE_ENEMY_KILL","is_daily":false,"chose_seed":false,"campfire_upgraded":3,"win_rate":0.0,"timestamp":1612434336,"path_taken":["M","?","?","?","$","E","R","E","T","E","M","R","M","$","R","BOSS","M"],"items_purchased_type":[],"build_version":"2020-12-22","purchased_purges":1,"victory":false,"max_hp_per_floor":[75,75,75,75,75,75,75,75,75,75,75,75,75,75,75,75,75,75,75],"card_choices":[{"not_picked":["Bloodletting","Clash","Anger"],"picked":"SKIP","floor":1},{"not_picked":["Heavy Blade","Thunderclap"],"picked":"Uppercut","floor":3},{"not_picked":["Anger","Corruption"],"picked":"Cleave","floor":6},{"not_picked":["Power Through","Clash"],"picked":"Pommel Strike","floor":8},{"not_picked":["Demon Form","Spot Weakness"],"picked":"Disarm","floor":10},{"not_picked":["Flex","Cleave","Clothesline"],"picked":"SKIP","floor":11},{"not_picked":["Havoc","Body Slam","Warcry"],"picked":"SKIP","floor":13},{"not_picked":["Brutality","Corruption"],"picked":"Fiend Fire","floor":16}],"player_experience":1002666,"relics_obtained":[{"floor":6,"key":"MawBank"},{"floor":8,"key":"StrikeDummy"},{"floor":9,"key":"Pen Nib"},{"floor":10,"key":"Pantograph"}],"event_choices":[{"damage_healed":0,"gold_gain":0,"player_choice":"Trade","damage_taken":0,"relics_obtained":["CultistMask"],"max_hp_gain":0,"max_hp_loss":0,"event_name":"FaceTrader","floor":2,"gold_loss":0},{"damage_healed":0,"gold_gain":0,"cards_transformed":["Strike_R"],"player_choice":"Change","damage_taken":0,"max_hp_gain":0,"max_hp_loss":0,"event_name":"Living Wall","floor":4,"gold_loss":0,"cards_obtained":["Seeing Red"]}],"is_beta":false,"boss_relics":[{"not_picked":["Velvet Choker","SacredBark"],"picked":"Coffee Dripper"}],"items_purged_floors":[5],"is_endless":false,"potions_floor_spawned":[1,3,10,11,13],"killed_by":"Shell Parasite","ascension_level":20}}