{"host":"e5ydbbdshmac12xb","time":1612397154,"event":{"mods":["2.2 Compatiblity","Aspiration","BaseMod","Beaked The Cultist","Better Altar","BetterRewards","Clockwork Mod","Colored Map","Conspire","Downfall","Hermit","Highlight Path","Hubris","Infinite Spire","Jedi Mod","Jorbs\u0027s Wanderer Trilogy","Mad Scientist","Minty Spire (QoL Compilation)","READ ME - Guardian Mod","Reliquary","Replay The Spire","Shop Mod","Spikes Relics","StSLib","The Bladedancer","The Construct","The Cursed","The Disciple","The Druid","The Jungle","The Mystic","The Necromancer","The Runesmith","The Senshi","The Servant 0.9.4","Trackpad"],"gold_per_floor":[99,111,111,122,32,32,32,32,32,32,32,59,72,97,114,209,209,98,113,127,127,141,158,158,169,57,57,75,75,175,185,197,295,295,195,210,210,210,310,157,157,170,36,56,69,69,80,93,104,104,104,133,8,8,8,8,8,8],"floor_reached":56,"language":"ENG","playtime":7094,"items_purged":["Slimebound:Strike_Slimebound","Chaos+1","Slimebound:Defend_Slimebound"],"score":788,"play_id":"7d425396-cc68-4d2a-8834-9f5740a3af75","local_time":"20210204000554","is_ascension_mode":false,"campfire_choices":[{"floor":1,"key":"RECALL"},{"data":"Slimebound:LevelUp","floor":6,"key":"SMITH"},{"data":"Chaos","floor":11,"key":"SMITH"},{"data":"Slimebound:TongueLash","floor":35,"key":"SMITH"},{"data":"Apotheosis","floor":46,"key":"SMITH"},{"floor":54,"key":"REST"}],"circlet_count":0,"master_deck":["Slimebound:Strike_Slimebound+1","Slimebound:Tackle","Slimebound:Defend_Slimebound","Slimebound:Defend_Slimebound","Slimebound:Defend_Slimebound+1","Slimebound:CorrosiveSpit","Slimebound:HauntingLick","Slimebound:Schlurp+1","Slimebound:LevelUp+1","Slimebound:LeechEnergy","Slimebound:RollThrough","Pot Of Greed","Pot Of Greed","Slimebound:DouseInSlime","Slimebound:MegaLick","Slimebound:SlimeSlap","Slimebound:Equalize+1","Slimebound:SamplingLick","Slimebound:ViciousTackle","Slimebound:Split","Slimebound:MegaLick","Slimebound:LeechLife","Pot Of Greed","Slimebound:SamplingLick","Slimebound:SplitLeeching+1","expansioncontent:AwakenDeath","infinitespire:Punishment","Slimebound:TongueLash+1","RitualDagger","Slimebound:ItLooksTasty+1","Slimebound:SpikyOuterGoop+1","Slimebound:SlimeSlap","Slimebound:SpikyOuterGoop+1","Slimebound:Repurpose","Slimebound:ComboTackle+1","Pot Of Greed","Slimebound:SpikyOuterGoop","Slimebound:SpikyOuterGoop","Apotheosis+1","Slimebound:RejuvenatingLick+1","Flash of Steel","Slimebound:TongueLash","Slimebound:GoopTackle+1","Slimebound:PrepareCrush","Slimebound:LivingWall","Slimebound:TongueLash","Slimebound:SamplingLick+1","Slimebound:RejuvenatingLick","Pot Of Greed"],"relics":["Slimebound:AbsorbEndCombat","hubris:Icosahedron","SpikesRelics:ToyHorsey","infinitespire:PuzzleCube","Grinning Jar","reliquary:WritOfMandamus","downfall:HeartBlessingRed","downfall:HeartBlessingGreen","Empty Cage","downfall:HeartBlessingBlue","hubris:Towel","BlackRope","Potion Belt","trackpad:CultistFigurine","infinitespire:CheckeredPen","jedi:archwizardhat"],"acts_visited":["Exordium","TheCity","TheBeyond","TheEnding"],"potions_floor_usage":[26,33,33,40,40,50,50,50,50,50,50,55],"damage_taken":[{"damage":0,"enemies":"Small Slimes","floor":2,"turns":4},{"damage":1,"enemies":"conspire:RoseBush","floor":4,"turns":2},{"damage":2,"enemies":"downfall:FleeingMerchant","floor":5,"turns":4},{"damage":18,"enemies":"3 Sentries","floor":12,"turns":8},{"damage":0,"enemies":"2 Louse","floor":13,"turns":2},{"damage":9,"enemies":"Replay:BlueRogue","floor":14,"turns":6},{"damage":0,"enemies":"conspire:2 RoseBushes","floor":15,"turns":4},{"damage":22,"enemies":"SI_SHIV_ARCHETYPE","floor":16,"turns":7},{"damage":34,"enemies":"Shell Parasite","floor":19,"turns":5},{"damage":4,"enemies":"conspire:FuzzyDice","floor":20,"turns":5},{"damage":20,"enemies":"conspire:HollyBat","floor":22,"turns":6},{"damage":13,"enemies":"Snake Plant","floor":23,"turns":3},{"damage":44,"enemies":"Shelled Parasite and Fungi","floor":25,"turns":6},{"damage":0,"enemies":"downfall:FleeingMerchant","floor":26,"turns":4},{"damage":5,"enemies":"conspire:HollyBat","floor":28,"turns":6},{"damage":23,"enemies":"Centurion and Healer","floor":31,"turns":5},{"damage":0,"enemies":"Snecko","floor":32,"turns":1},{"damage":34,"enemies":"IC_MUSHROOM_ARCHETYPE","floor":33,"turns":7},{"damage":24,"enemies":"3 Darklings","floor":36,"turns":5},{"damage":23,"enemies":"downfall:LadyInBlue","floor":39,"turns":9},{"damage":11,"enemies":"downfall:FleeingMerchant","floor":40,"turns":3},{"damage":7,"enemies":"3 Shapes","floor":42,"turns":6},{"damage":21,"enemies":"Jaw Worm Horde","floor":44,"turns":3},{"damage":19,"enemies":"Spire Growth","floor":45,"turns":4},{"damage":11,"enemies":"3 Darklings","floor":47,"turns":4},{"damage":4,"enemies":"Transient","floor":48,"turns":5},{"damage":13,"enemies":"Jaw Worm Horde","floor":49,"turns":3},{"damage":59,"enemies":"WA_ARCHETYPE_DIVINITY","floor":50,"turns":9},{"damage":139,"enemies":"downfall:CharBossMerchant","floor":52,"turns":7},{"damage":58,"enemies":"downfall:NeowBoss","floor":55,"turns":10},{"damage":22,"enemies":"downfall:NeowBossFinal","floor":56,"turns":2}],"seed_played":"-3300197586618989498","potions_obtained":[{"floor":2,"key":"Regen Potion"},{"floor":12,"key":"sneckomod:MuddlingPotion"},{"floor":22,"key":"Toxic Potion"},{"floor":23,"key":"Slimebound:SpawnSlimePotion"},{"floor":25,"key":"champ:CounterPotion"},{"floor":31,"key":"ColorlessPotion"},{"floor":32,"key":"Slimebound:SlimyTonguePotion"},{"floor":39,"key":"Slimebound:SlimyTonguePotion"},{"floor":39,"key":"Adrenaline Potion"},{"floor":39,"key":"Slimebound:SlimedPotion"},{"floor":39,"key":"Languid Potion"},{"floor":42,"key":"CultistPotion"},{"floor":48,"key":"Regen Potion"},{"floor":49,"key":"SkillPotion"},{"floor":52,"key":"Milkshake"}],"is_trial":false,"path_per_floor":["R","M","?","M","$","R","T","?","?","?","R","E","M","E","M","B",null,"R_BF","M","M","?","M","M","T","M","$","?","M","?","?","M","M","B",null,"R","M","?","?","?","$","T","M","$","M","M","R","M","M","M","B",null,"E","$","R","B","B"],"character_chosen":"SLIMEBOUND","items_purchased":["expansioncontent:AwakenDeath","trackpad:CultistFigurine","Slimebound:SpikyOuterGoop","Apotheosis","Flash of Steel","Slimebound:TongueLash"],"campfire_rested":1,"item_purchase_floors":[26,40,40,40,43,43],"current_hp_per_floor":[71,71,71,71,71,71,71,71,71,71,71,59,63,62,66,52,71,71,43,57,57,47,42,42,6,71,54,59,53,53,48,50,70,71,81,71,71,71,68,69,69,68,68,71,76,76,81,81,74,48,81,32,32,56,6,0,0,0],"gold":8,"neow_bonus":"TEN_PERCENT_HP_BONUS","is_daily":false,"chose_seed":false,"campfire_upgraded":4,"win_rate":0.0,"timestamp":1612397154,"path_taken":["R","M","?","M","$","R","T","?","?","?","R","E","?","E","M","BOSS","R_BF","M","M","?","?","M","T","M","$","?","M","?","?","M","M","BOSS","R","M","?","?","?","$","T","M","$","?","M","R","M","M","M","BOSS","E","$","R","BOSS","BOSS"],"items_purchased_type":["Card","Relic","Card","Card","Card","Card"],"build_version":"2020-12-22","purchased_purges":3,"victory":false,"max_hp_per_floor":[71,71,71,71,71,71,71,71,71,71,71,71,71,71,71,71,71,71,71,71,71,71,71,71,71,71,71,71,71,71,71,71,71,71,81,81,81,81,81,81,81,81,81,81,81,81,81,81,81,81,81,81,81,81,81,81,81,81],"card_choices":[{"not_picked":["Slimebound:Prepare","Slimebound:SplitLeeching"],"picked":"Slimebound:HauntingLick","floor":2},{"not_picked":["Slimebound:SplitBruiser","Slimebound:Chomp"],"picked":"Slimebound:Schlurp","floor":4},{"not_picked":["Slimebound:Teamwork","Slimebound:DisruptingSlam"],"picked":"Slimebound:LevelUp","floor":5},{"not_picked":["Slimebound:ComboTackle","Slimebound:Nibble"],"picked":"Slimebound:LeechEnergy","floor":12},{"not_picked":["Slimebound:ComboTackle","Slimebound:LeadByExample"],"picked":"Slimebound:RollThrough","floor":13},{"not_picked":["Slimebound:HauntingLick","Slimebound:SplitLeeching"],"picked":"Slimebound:DouseInSlime","floor":14},{"not_picked":["Slimebound:SplitMire","Slimebound:GoopTackle"],"picked":"Slimebound:MegaLick","floor":15},{"not_picked":["Slimebound:MinionMaster","Slimebound:MassFeed"],"picked":"Slimebound:SlimeSlap","floor":16},{"not_picked":["Slimebound:Repurpose","Slimebound:SplitBruiser"],"picked":"Slimebound:Equalize+1","floor":19},{"not_picked":["Slimebound:Prepare","Slimebound:PressTheAttack"],"picked":"Slimebound:SamplingLick","floor":20},{"not_picked":["Slimebound:LivingWall","Slimebound:ItLooksTasty"],"picked":"Slimebound:MegaLick","floor":22},{"not_picked":["Slimebound:Repurpose","Slimebound:LevelUp+1"],"picked":"Slimebound:LeechLife","floor":23},{"not_picked":["Slimebound:SlimeBarrage","Slimebound:LevelUp"],"picked":"Slimebound:SamplingLick","floor":25},{"not_picked":["Slimebound:TongueLash","Slimebound:GoopSpray"],"picked":"Slimebound:SplitLeeching+1","floor":26},{"not_picked":["infinitespire:Oblivion","infinitespire:Execution"],"picked":"infinitespire:Punishment","floor":27},{"not_picked":["Slimebound:Replication","Slimebound:MegaLick"],"picked":"Slimebound:TongueLash","floor":28},{"not_picked":["Slimebound:FirmFortitude","Slimebound:Prepare+1"],"picked":"Slimebound:ItLooksTasty+1","floor":31},{"not_picked":["Slimebound:GoopSpray","Slimebound:SplitLeeching"],"picked":"Slimebound:SpikyOuterGoop+1","floor":32},{"not_picked":["Slimebound:SelfFormingGoo","Slimebound:RallyTheTroops"],"picked":"Slimebound:SlimeSlap","floor":33},{"not_picked":["Slimebound:SamplingLick","Slimebound:ItLooksTasty+1"],"picked":"Slimebound:SpikyOuterGoop+1","floor":36},{"not_picked":["Slimebound:SplitBruiser","Slimebound:SlimeSpikes"],"picked":"Slimebound:Repurpose","floor":39},{"not_picked":["Slimebound:Prepare+1","Slimebound:HauntingLick"],"picked":"Slimebound:ComboTackle+1","floor":40},{"not_picked":["Slimebound:SplitMire","Slimebound:SplitBruiser"],"picked":"Slimebound:RejuvenatingLick+1","floor":42},{"not_picked":["Slimebound:Prepare","Slimebound:SlimeBarrage"],"picked":"Slimebound:GoopTackle+1","floor":44},{"not_picked":["Slimebound:LeechEnergy+1","Slimebound:DisruptingSlam+1"],"picked":"Slimebound:PrepareCrush","floor":45},{"not_picked":["Slimebound:ProtectTheBoss","Slimebound:FormOfPuddle"],"picked":"Slimebound:LivingWall","floor":47},{"not_picked":["Slimebound:ComboTackle+1","Slimebound:FlameTackle+1"],"picked":"Slimebound:TongueLash","floor":48},{"not_picked":["Slimebound:Nibble","Slimebound:SplitBruiser"],"picked":"Slimebound:SamplingLick+1","floor":49},{"not_picked":["Slimebound:SplitMire+1","Slimebound:SplitLeeching"],"picked":"Slimebound:RejuvenatingLick","floor":52}],"player_experience":474896,"relics_obtained":[{"floor":7,"key":"SpikesRelics:ToyHorsey"},{"floor":12,"key":"infinitespire:PuzzleCube"},{"floor":14,"key":"Grinning Jar"},{"floor":38,"key":"BlackRope"},{"floor":39,"key":"Potion Belt"},{"floor":41,"key":"infinitespire:CheckeredPen"},{"floor":52,"key":"jedi:archwizardhat"}],"event_choices":[],"is_beta":false,"boss_relics":[{"not_picked":["reliquary:KinkedSpring","hubris:CrackedHourglass"],"picked":"reliquary:WritOfMandamus"},{"not_picked":["hubris:HollowSoul","Tiny House"],"picked":"Empty Cage"}],"items_purged_floors":[5,40,53],"is_endless":false,"potions_floor_spawned":[2,12,22,23,25,31,32,39,42,48,49,52],"killed_by":"downfall:NeowBossFinal","ascension_level":0}}