{"host":"c3lc60y5x60jlt1y","time":1612456879,"event":{"mods":["AchievementEnabler","BaseMod","Bestiary","Colored Map","Minty Spire (QoL Compilation)","Quick Restart","StSLib","ojb\u0027s Info Mod"],"gold_per_floor":[116,116,116,132,147,147,178,198,198,232,70,106,120,44,44,133,133,116,131,131,151,26,26,26,26],"floor_reached":24,"language":"ENG","playtime":8930,"items_purged":["Strike_P","Defend_P"],"score":482,"play_id":"49e5ab12-4b92-4673-955b-13520cb93a41","local_time":"20210204184119","is_ascension_mode":true,"campfire_choices":[{"data":"Eruption","floor":6,"key":"SMITH"},{"data":"WindmillStrike","floor":15,"key":"SMITH"},{"floor":23,"key":"REST"}],"circlet_count":0,"master_deck":["AscendersBane","Strike_P","Strike_P","Strike_P","Defend_P","Defend_P","Defend_P","Eruption+1","Vigilance","DeceiveReality","EmptyMind","BowlingBash","Indignation","Conclude","Nirvana","Study","InnerPeace","WindmillStrike+1","Meditate","DevaForm+1","Vengeance","CutThroughFate+1","CrushJoints","ThirdEye"],"relics":["PureWater","NeowsBlessing","Meat on the Bone","Golden Idol","GoldenEye","Gambling Chip","Ornamental Fan","Matryoshka","Philosopher\u0027s Stone"],"acts_visited":["Exordium","TheCity"],"potions_floor_usage":[10,19,21,24],"damage_taken":[{"damage":0,"enemies":"Jaw Worm","floor":1,"turns":1},{"damage":0,"enemies":"Small Slimes","floor":4,"turns":1},{"damage":0,"enemies":"Cultist","floor":5,"turns":1},{"damage":31,"enemies":"3 Sentries","floor":7,"turns":13},{"damage":0,"enemies":"3 Louse","floor":8,"turns":2},{"damage":0,"enemies":"Gremlin Nob","floor":10,"turns":2},{"damage":4,"enemies":"Lagavulin","floor":12,"turns":7},{"damage":8,"enemies":"Lots of Slimes","floor":13,"turns":4},{"damage":14,"enemies":"Slime Boss","floor":16,"turns":7},{"damage":14,"enemies":"2 Thieves","floor":18,"turns":4},{"damage":24,"enemies":"Shell Parasite","floor":19,"turns":4},{"damage":24,"enemies":"Cultist and Chosen","floor":21,"turns":7},{"damage":41,"enemies":"Book of Stabbing","floor":24,"turns":4}],"seed_played":"1284420974896912179","potions_obtained":[{"floor":5,"key":"SteroidPotion"},{"floor":10,"key":"Explosive Potion"},{"floor":16,"key":"Weak Potion"},{"floor":21,"key":"SkillPotion"}],"is_trial":false,"path_per_floor":["M","?","?","M","M","R","E","M","T","E","$","E","M","$","R","B",null,"M","M","?","M","$","R","E"],"character_chosen":"WATCHER","items_purchased":["Study","Meditate","ThirdEye"],"campfire_rested":1,"item_purchase_floors":[11,14,22],"current_hp_per_floor":[61,56,56,56,56,56,37,37,37,37,37,33,37,37,37,35,55,41,29,29,17,17,35,0,0],"gold":26,"neow_bonus":"THREE_ENEMY_KILL","is_daily":false,"chose_seed":false,"campfire_upgraded":2,"win_rate":0.0,"timestamp":1612456879,"path_taken":["M","?","?","?","M","R","E","M","T","E","$","E","M","?","R","BOSS","M","M","?","?","$","R","E"],"items_purchased_type":["Card","Card","Card"],"build_version":"2020-12-22","purchased_purges":2,"victory":false,"max_hp_per_floor":[68,68,62,62,62,62,62,62,62,62,62,62,62,62,62,62,62,62,62,62,62,62,62,62,62],"card_choices":[{"not_picked":["ClearTheMind","Weave"],"picked":"DeceiveReality","floor":1},{"not_picked":["FlyingSleeves","Indignation"],"picked":"EmptyMind","floor":4},{"not_picked":["SandsOfTime","JustLucky"],"picked":"BowlingBash","floor":5},{"not_picked":["Perseverance","Consecrate"],"picked":"Indignation","floor":7},{"not_picked":["ConjureBlade","PathToVictory"],"picked":"Conclude","floor":8},{"not_picked":["Worship","Evaluate"],"picked":"Nirvana","floor":10},{"not_picked":["Protect","ThirdEye"],"picked":"InnerPeace","floor":12},{"not_picked":["EmptyFist","Worship"],"picked":"WindmillStrike","floor":13},{"not_picked":["Devotion","Brilliance"],"picked":"DevaForm","floor":16},{"not_picked":["FlurryOfBlows","FearNoEvil"],"picked":"Vengeance","floor":18},{"not_picked":["Study","Consecrate+1"],"picked":"CutThroughFate+1","floor":19},{"not_picked":["FollowUp","Protect"],"picked":"CrushJoints","floor":21}],"player_experience":9007656,"relics_obtained":[{"floor":7,"key":"GoldenEye"},{"floor":9,"key":"Gambling Chip"},{"floor":10,"key":"Ornamental Fan"},{"floor":12,"key":"Matryoshka"}],"event_choices":[{"damage_healed":0,"gold_gain":0,"player_choice":"Success","damage_taken":5,"relics_obtained":["Meat on the Bone"],"max_hp_gain":0,"max_hp_loss":0,"event_name":"Scrap Ooze","floor":2,"gold_loss":0},{"damage_healed":0,"gold_gain":0,"player_choice":"Lose Max HP","damage_taken":0,"relics_obtained":["Golden Idol"],"max_hp_gain":0,"max_hp_loss":6,"event_name":"Golden Idol","floor":3,"gold_loss":0},{"damage_healed":0,"gold_gain":0,"player_choice":"Forge","damage_taken":0,"max_hp_gain":0,"max_hp_loss":0,"event_name":"Accursed Blacksmith","floor":20,"gold_loss":0,"cards_upgraded":["DevaForm"]}],"is_beta":false,"boss_relics":[{"not_picked":["Coffee Dripper","Sozu"],"picked":"Philosopher\u0027s Stone"}],"items_purged_floors":[11,22],"is_endless":false,"potions_floor_spawned":[5,10,16,21],"killed_by":"Book of Stabbing","ascension_level":20}}