{"host":"7iv10lxbxedtd0qh","time":1612464048,"event":{"mods":["BaseMod","Colored Map","Colored Powertips","Downfall","Minty Spire (QoL Compilation)","StSLib"],"gold_per_floor":[0,20,20,39,50,50,99,125,143,160,160,172,172,205,222,317,317,317,334,352,365,365,393,420,431,431,447,447,447,447,458,490,490,490,490],"floor_reached":33,"language":"ENG","playtime":2165,"items_purged":[],"score":421,"play_id":"2fc12d97-e576-48ed-b78e-081bac7432ef","local_time":"20210204194048","is_ascension_mode":true,"campfire_choices":[{"data":"Guardian:TwinSlam","floor":1,"key":"SMITH"},{"data":"Guardian:FuturePlans","floor":6,"key":"SMITH"},{"data":"Guardian:SentryBeam","floor":13,"key":"SMITH"},{"data":"Guardian:WalkerClaw","floor":18,"key":"SMITH"},{"floor":30,"key":"REST"}],"circlet_count":0,"master_deck":["Guardian:Defend_Guardian","Guardian:Defend_Guardian","Guardian:Defend_Guardian","Guardian:CurlUp","Guardian:TwinSlam+1","Guardian:SentryBeam+1","Guardian:ShieldCharger","Guardian:FuturePlans+1","Guardian:Gem_White","Guardian:WalkerClaw+1","Guardian:BronzeArmor","Guardian:GemFinder","Guardian:Gem_Crimson","Guardian:PiercingHide","Guardian:ChargeUp","Guardian:VentSteam+1","Guardian:Gem_Fragmented","Guardian:PiercingHide+1","Guardian:Gem_Orange","Guardian:Gem_Lightblue"],"relics":["Guardian:ModeShifter","Pen Nib","Singing Bowl","Ancient Tea Set","Empty Cage","Guardian:PickAxe","Centennial Puzzle"],"acts_visited":["Exordium","TheCity"],"potions_floor_usage":[12,15,19,23,23,32,33],"damage_taken":[{"damage":2,"enemies":"Jaw Worm","floor":2,"turns":3},{"damage":0,"enemies":"Cultist","floor":4,"turns":3},{"damage":8,"enemies":"Small Slimes","floor":5,"turns":4},{"damage":22,"enemies":"3 Sentries","floor":8,"turns":9},{"damage":8,"enemies":"Blue Slaver","floor":9,"turns":3},{"damage":1,"enemies":"2 Fungi Beasts","floor":10,"turns":4},{"damage":3,"enemies":"Blue Slaver","floor":12,"turns":3},{"damage":4,"enemies":"Lagavulin","floor":14,"turns":5},{"damage":1,"enemies":"3 Louse","floor":15,"turns":3},{"damage":8,"enemies":"WA_ARCHETYPE_RETAIN","floor":16,"turns":7},{"damage":0,"enemies":"Chosen","floor":19,"turns":3},{"damage":12,"enemies":"3 Byrds","floor":20,"turns":4},{"damage":6,"enemies":"Centurion and Healer","floor":21,"turns":5},{"damage":25,"enemies":"Book of Stabbing","floor":23,"turns":5},{"damage":23,"enemies":"Shelled Parasite and Fungi","floor":25,"turns":6},{"damage":17,"enemies":"Snake Plant","floor":27,"turns":3},{"damage":2,"enemies":"Cultist and Chosen","floor":31,"turns":7},{"damage":15,"enemies":"Chosen and Byrds","floor":32,"turns":6},{"damage":33,"enemies":"SI_MIRROR_ARCHETYPE","floor":33,"turns":8}],"seed_played":"-2927428953737590670","potions_obtained":[{"floor":8,"key":"Swift Potion"},{"floor":9,"key":"Guardian:AcceleratePotion"},{"floor":15,"key":"Ancient Potion"},{"floor":16,"key":"SneckoOil"},{"floor":21,"key":"Regen Potion"},{"floor":23,"key":"SpeedPotion"},{"floor":31,"key":"ColorlessPotion"}],"is_trial":false,"path_per_floor":["R","M","?","M","M","R","T","E","M","M","?","M","R","E","M","B",null,"R","M","M","M","?","E","T","M","R","M","R","?","R","M","M","B"],"character_chosen":"GUARDIAN","items_purchased":[],"campfire_rested":1,"item_purchase_floors":[],"current_hp_per_floor":[72,70,70,70,62,62,62,42,34,35,35,32,32,28,29,21,70,70,72,62,58,58,50,50,27,27,10,10,10,38,40,29,0,0,0],"gold":490,"neow_bonus":"TRANSFORM_TWO_CARDS","is_daily":false,"chose_seed":false,"campfire_upgraded":4,"win_rate":0.0,"timestamp":1612464048,"path_taken":["R","M","?","M","M","R","T","E","M","?","?","M","R","E","M","BOSS","R","M","M","?","?","E","T","M","R","M","R","?","R","M","M","BOSS"],"items_purchased_type":[],"build_version":"2020-12-22","purchased_purges":0,"victory":false,"max_hp_per_floor":[80,80,80,80,80,80,80,82,82,84,84,84,84,84,86,86,86,86,88,90,92,92,94,94,94,94,94,94,94,94,98,102,102,102,102],"card_choices":[{"not_picked":["Guardian:Gem_Cyan","Guardian:Preprogram"],"picked":"Guardian:ShieldCharger","floor":2},{"not_picked":["Guardian:RollAttack","Guardian:Recover"],"picked":"Guardian:Gem_Lightblue","floor":4},{"not_picked":["Guardian:RollAttack","Guardian:Gem_Blue"],"picked":"Guardian:Gem_White","floor":5},{"not_picked":["Guardian:Gem_Red","Guardian:ArmoredProtocol","Guardian:Emergency"],"picked":"Singing Bowl","floor":8},{"not_picked":["Guardian:Gem_Green","Guardian:GemFinder"],"picked":"Guardian:Gem_Fragmented","floor":9},{"not_picked":["Guardian:Incinerate","Guardian:Planning","Guardian:Gem_Red"],"picked":"Singing Bowl","floor":10},{"not_picked":["Guardian:Recover","Guardian:EvasiveProtocol"],"picked":"Guardian:WalkerClaw","floor":12},{"not_picked":["Guardian:PolyBeam","Guardian:VentSteam"],"picked":"Guardian:BronzeArmor","floor":14},{"not_picked":["Guardian:DonusPower","Guardian:Repulse","Guardian:Gem_Cyan"],"picked":"Singing Bowl","floor":15},{"not_picked":["Guardian:StasisField","Guardian:StasisEngine"],"picked":"Guardian:GemFinder","floor":16},{"not_picked":["Guardian:PrimingBeam","Guardian:PolyBeam"],"picked":"Guardian:Gem_Crimson","floor":19},{"not_picked":["Guardian:Gem_Green","Guardian:Gem_Lightblue","Guardian:Gem_Cyan"],"picked":"Singing Bowl","floor":19},{"not_picked":["Guardian:Gem_Green","Guardian:PrimingBeam"],"picked":"Guardian:PiercingHide","floor":20},{"not_picked":["Guardian:Gem_Cyan","Guardian:Gem_Red","Guardian:Gem_Green"],"picked":"Singing Bowl","floor":20},{"not_picked":["Guardian:Gem_Green","Guardian:Gem_Lightblue"],"picked":"Guardian:Gem_Cyan","floor":21},{"not_picked":["Guardian:BronzeOrb+1","Guardian:Gem_Red","Guardian:MultiBeam"],"picked":"Singing Bowl","floor":21},{"not_picked":["Guardian:WalkerClaw+1","Guardian:ShieldCharger"],"picked":"Guardian:ChargeUp","floor":23},{"not_picked":["Guardian:Gem_Red","Guardian:Gem_Lightblue","Guardian:Gem_Green"],"picked":"Singing Bowl","floor":23},{"not_picked":["Guardian:Gem_Lightblue","Guardian:Gem_Cyan"],"picked":"Guardian:Gem_Red","floor":25},{"not_picked":["Guardian:GuardianWhirl+1","Guardian:Gem_White"],"picked":"Guardian:VentSteam+1","floor":25},{"not_picked":["Guardian:Gem_Lightblue","Guardian:Gem_Green"],"picked":"Guardian:PiercingHide+1","floor":27},{"not_picked":["Guardian:Gem_Cyan","Guardian:Gem_Green"],"picked":"Guardian:Gem_Lightblue","floor":27},{"not_picked":["Guardian:SentryBeam+1","Guardian:Recover","Guardian:Preprogram"],"picked":"Singing Bowl","floor":31},{"not_picked":["Guardian:Gem_Green","Guardian:Gem_Lightblue","Guardian:Gem_Red"],"picked":"Singing Bowl","floor":31},{"not_picked":["Guardian:ShieldSpikes","Guardian:EvasiveProtocol+1","Guardian:TimeBomb"],"picked":"Singing Bowl","floor":32},{"not_picked":["Guardian:Gem_Red","Guardian:Gem_Green","Guardian:Gem_Cyan"],"picked":"Singing Bowl","floor":32}],"player_experience":822361,"relics_obtained":[{"floor":7,"key":"Pen Nib"},{"floor":8,"key":"Singing Bowl"},{"floor":14,"key":"Ancient Tea Set"},{"floor":23,"key":"Guardian:PickAxe"},{"floor":24,"key":"Centennial Puzzle"}],"event_choices":[],"is_beta":false,"boss_relics":[{"not_picked":["Guardian:StasisSlotReductionRelic","Runic Dome"],"picked":"Empty Cage"}],"items_purged_floors":[],"is_endless":false,"potions_floor_spawned":[8,9,15,16,21,23,31],"killed_by":"SI_MIRROR_ARCHETYPE","ascension_level":8}}