{"host":"o1scrl1hgy598kuq","time":1612429285,"event":{"mods":["BaseMod","Colored Map","Colored Powertips","Minty Spire (QoL Compilation)","Remilia??????","Replay The Spire","Shop Mod","StSLib","The Jungle","The Marked","The Servant 0.9.4"],"gold_per_floor":[15,30,30,30,44,74,74,107,132,92,23,54,72,107,107,212,212,101,101,112,112,124,124,168,201,201,201,215,111,111,129,129,233,233,252,305,321,321,335,335,361,371,371,400,400,400,418,430,430,430,430,430,57,88,88],"floor_reached":56,"language":"ENG","playtime":5598,"items_purged":["WasteNot","Parasite"],"score":1571,"play_id":"e22416dd-e87e-4be2-8e71-638a9473ae3b","local_time":"20210204030125","is_ascension_mode":true,"campfire_choices":[{"data":"BestPractice","floor":7.0,"key":"SMITH"},{"floor":15.0,"key":"REST"},{"data":"StarChef","floor":23.0,"key":"SMITH"},{"floor":27.0,"key":"REST"},{"floor":32,"key":"REST"},{"floor":40,"key":"REST"},{"floor":45,"key":"REST"},{"floor":49,"key":"RECALL"},{"data":"BestPractice","floor":52,"key":"SMITH"}],"circlet_count":0,"master_deck":["Strike_S","Strike_S","Strike_S","Defend_S","Defend_S","Defend_S","Potential","BestPractice+1","Reprogram","Reboot","StarChef+1","BestPractice+1","BottledTime","MurderousAura+1","InstantArmor+1","GearUp","ReplayTheSpireMod:Private Reserves+1","BottledTime","Misdirection+1","TimeWarp","BottledTime+1","BestPractice+1","Luminosity+1","Advance+1"],"relics":["Uniform","ReplayTheSpireMod:Lightbulb","Simple Rune","Boot","Smiling Mask","Lantern","Golden Egg","Enchiridion","HornCleat","MerchantsRug","Runic Pyramid","CaptainsWheel","Pet Ghost","Replay:Towering Pillar of Hats","PocketWatch","Nunchaku"],"acts_visited":["Exordium","TheCity","TheBeyond","TheEnding"],"potions_floor_usage":[31,33,36,37,41,42,47,54,55],"damage_taken":[{"damage":6.0,"enemies":"2 Louse","floor":1.0,"turns":2.0},{"damage":4.0,"enemies":"Jaw Worm","floor":2.0,"turns":3.0},{"damage":1.0,"enemies":"Cultist","floor":5.0,"turns":4.0},{"damage":44.0,"enemies":"Gremlin Nob","floor":6.0,"turns":5.0},{"damage":0.0,"enemies":"Lagavulin","floor":8.0,"turns":15.0},{"damage":6.0,"enemies":"Gremlin Nob","floor":12.0,"turns":4.0},{"damage":0.0,"enemies":"Exordium Thugs","floor":13.0,"turns":7.0},{"damage":0.0,"enemies":"Lagavulin","floor":14.0,"turns":9.0},{"damage":28.0,"enemies":"Slime Boss","floor":16.0,"turns":9.0},{"damage":35.0,"enemies":"2 Thieves","floor":18.0,"turns":4.0},{"damage":5.0,"enemies":"Chosen","floor":20.0,"turns":6.0},{"damage":32.0,"enemies":"Snake Plant","floor":22.0,"turns":6.0},{"damage":5.0,"enemies":"Book of Stabbing","floor":25.0,"turns":23.0},{"damage":0.0,"enemies":"Snecko","floor":28.0,"turns":8.0},{"damage":0,"enemies":"Cultist and Chosen","floor":31,"turns":6},{"damage":0,"enemies":"Automaton","floor":33,"turns":13},{"damage":0,"enemies":"Orb Walker","floor":35,"turns":5},{"damage":33,"enemies":"2 Orb Walkers","floor":36,"turns":8},{"damage":13,"enemies":"3 Shapes","floor":37,"turns":3},{"damage":0,"enemies":"Spire Growth","floor":39,"turns":6},{"damage":3,"enemies":"Giant Head","floor":41,"turns":7},{"damage":30,"enemies":"Transient","floor":42,"turns":5},{"damage":2,"enemies":"Reptomancer","floor":44,"turns":10},{"damage":0,"enemies":"Writhing Mass","floor":47,"turns":6},{"damage":0,"enemies":"Spire Growth","floor":48,"turns":6},{"damage":19,"enemies":"Time Eater","floor":50,"turns":14},{"damage":0,"enemies":"Shield and Spear","floor":54,"turns":7},{"damage":24,"enemies":"The Heart","floor":55,"turns":10}],"seed_played":"-434265273319648979","potions_obtained":[{"floor":1.0,"key":"Regen Potion"},{"floor":8.0,"key":"GamblersBrew"},{"floor":10.0,"key":"Adrenaline Potion"},{"floor":10.0,"key":"LifebloodPotion"},{"floor":10.0,"key":"Block Potion"},{"floor":12.0,"key":"SteroidPotion"},{"floor":14.0,"key":"Weak Potion"},{"floor":28.0,"key":"Toxic Potion"},{"floor":31,"key":"DistilledChaos"},{"floor":33,"key":"Milkshake"},{"floor":36,"key":"PowerPotion"},{"floor":39,"key":"LiquidMemories"},{"floor":44,"key":"Regen Potion"}],"is_trial":false,"path_per_floor":["M","M","?","$","M","E","R","E","T","?","$","E","M","E","R","B",null,"M","?","M","?","M","R","?","E","T","R","M","$","?","M","R","B",null,"M","?","M","?","M","R","E","M","T","E","R","T","M","M","R","B",null,"R","$","E","B",null],"character_chosen":"THE_SERVANT","items_purchased":["BestPractice","MerchantsRug","ReplayTheSpireMod:Private Reserves","Energy Potion","EssenceOfSteel","Strength Potion","PocketWatch"],"campfire_rested":5,"item_purchase_floors":[11,29,29,29,53,53,53],"current_hp_per_floor":[59,55,55,55,54,24,24,24,24,24,24,18,18,18,37,9,65,30,14,9,30,32,32,6,1,1,20,20,20,20,20,39,39,65,65,32,19,19,19,38,35,5,5,3,22,29,43,43,43,24,72,72,69,69,45],"gold":88,"neow_bonus":"REMOVE_TWO","is_daily":false,"chose_seed":false,"campfire_upgraded":3,"win_rate":0.0,"timestamp":1612429285,"path_taken":["M","M","?","?","?","E","R","E","T","?","?","E","M","E","R","BOSS","M","?","M","?","M","R","?","E","T","R","M","$","?","M","R","BOSS","M","?","M","?","?","R","E","M","T","E","R","?","M","M","R","BOSS","R","$","E","BOSS"],"items_purchased_type":["Card","Relic","Card","Potion","Potion","Potion","Relic"],"build_version":"2020-12-22","purchased_purges":2,"victory":true,"max_hp_per_floor":[65,65,65,65,65,65,65,65,65,65,65,65,65,65,65,65,65,65,65,65,65,65,65,65,65,65,65,65,65,65,65,65,65,65,65,65,65,65,65,65,65,65,65,65,65,72,72,72,72,72,72,72,69,69,69],"card_choices":[{"not_picked":["SpecialFormula","Rewind"],"picked":"Potential","floor":1.0},{"not_picked":["InstantArmor","BottledTime"],"picked":"BestPractice","floor":2.0},{"not_picked":["Potential","Duplication","MoonPhase"],"picked":"SKIP","floor":5.0},{"not_picked":["Spin","DancingSilver"],"picked":"StarChef","floor":6.0},{"not_picked":["Alleviate","DoubleEdge","Unruled"],"picked":"SKIP","floor":8.0},{"not_picked":["Unruled","Defy"],"picked":"WasteNot","floor":12.0},{"not_picked":["Potential","Starlight"],"picked":"BottledTime","floor":13.0},{"not_picked":["ReturningBlade","Collapse","Starlight"],"picked":"SKIP","floor":14.0},{"not_picked":["Delirium","Voices"],"picked":"Clumsy","floor":17.0},{"not_picked":["Pain","ReplayTheSpireMod:Splinters"],"picked":"CommonCold","floor":17.0},{"not_picked":["Lust_TH","Looming Evil"],"picked":"ReplayTheSpireMod:IOU","floor":17.0},{"not_picked":["Rewind","Defy","ReturningBlade"],"picked":"SKIP","floor":18.0},{"not_picked":["Misdirection","InstantArmor"],"picked":"MurderousAura","floor":20.0},{"not_picked":["DoubleEdge+1","Comet+1"],"picked":"InstantArmor+1","floor":22.0},{"not_picked":["DancingSilver","Revamp"],"picked":"GearUp","floor":25.0},{"not_picked":["Rewind","Alleviate","LightFlow"],"picked":"SKIP","floor":28.0},{"not_picked":["Defy","Rearm"],"picked":"BottledTime","floor":31},{"not_picked":["Potential","FastForward"],"picked":"Misdirection+1","floor":32},{"not_picked":["DancingSilver+1","ShiftingGears","Potential+1"],"picked":"SKIP","floor":35},{"not_picked":["Comet+1","Manipulate+1"],"picked":"TimeWarp","floor":36},{"not_picked":["Starlight","Moondial+1","Ricochet"],"picked":"SKIP","floor":37},{"not_picked":["TimeWarp","Defy","Moondial"],"picked":"SKIP","floor":39},{"not_picked":["Read+1","Starlight"],"picked":"BottledTime+1","floor":40},{"not_picked":["ReturningBlade","PendulumOfEternity"],"picked":"BestPractice+1","floor":41},{"not_picked":["Unruled","DoubleEdge","ShiftingGears"],"picked":"SKIP","floor":42},{"not_picked":["Starlight","Spin"],"picked":"Luminosity+1","floor":44},{"not_picked":["Read+1","Defy"],"picked":"Advance+1","floor":45},{"not_picked":["Rearm","Revamp+1","ShatteredReality"],"picked":"SKIP","floor":47},{"not_picked":["StarChef","Defy+1","Unruled+1"],"picked":"SKIP","floor":48},{"not_picked":["Moondial+1","ShatteredReality+1","Rewind+1"],"picked":"SKIP","floor":54}],"player_experience":244328,"relics_obtained":[{"floor":6.0,"key":"ReplayTheSpireMod:Lightbulb"},{"floor":8.0,"key":"Omamori"},{"floor":9.0,"key":"Simple Rune"},{"floor":12.0,"key":"Boot"},{"floor":14.0,"key":"Smiling Mask"},{"floor":19.0,"key":"Enchiridion"},{"floor":24.0,"key":"HornCleat"},{"floor":25.0,"key":"Dream Catcher"},{"floor":36,"key":"CaptainsWheel"},{"floor":41,"key":"Pet Ghost"},{"floor":43,"key":"Replay:Towering Pillar of Hats"},{"floor":44,"key":"ScarletDevilRocket"},{"floor":46,"key":"Strawberry"},{"floor":54,"key":"Nunchaku"}],"event_choices":[{"damage_healed":0.0,"max_hp_gain":0.0,"max_hp_loss":0.0,"gold_gain":0.0,"event_name":"The Woman in Blue","player_choice":"Bought 3 Potions","floor":10.0,"gold_loss":0.0,"damage_taken":0.0},{"damage_healed":0.0,"max_hp_gain":0.0,"max_hp_loss":0.0,"gold_gain":0.0,"event_name":"Cursed Tome","player_choice":"Obtained Book","floor":19.0,"gold_loss":0.0,"damage_taken":16.0},{"damage_healed":21.0,"max_hp_gain":0.0,"max_hp_loss":0.0,"gold_gain":0.0,"event_name":"The Library","player_choice":"Heal","floor":21.0,"gold_loss":0.0,"damage_taken":0.0},{"damage_healed":0,"gold_gain":0,"player_choice":"Fight","damage_taken":0,"max_hp_gain":0,"max_hp_loss":0,"event_name":"Mysterious Sphere","floor":36,"gold_loss":0},{"damage_healed":0,"gold_gain":0,"player_choice":"Ignored","damage_taken":0,"max_hp_gain":0,"max_hp_loss":0,"event_name":"SecretPortal","floor":38,"gold_loss":0}],"is_beta":false,"boss_relics":[{"not_picked":["Kintsugi","Busted Crown"],"picked":"Replay:Ancient Bell"},{"not_picked":["Art of War","Vajra"],"picked":"Lantern"},{"not_picked":["KneeBrace","Snack Pack"],"picked":"Golden Egg"},{"not_picked":["RomanBracelet","Replay:PocketPolymizer"],"picked":"Lizard Tail"},{"not_picked":["Snecko Eye","Coffee Dripper"],"picked":"Runic Pyramid"}],"items_purged_floors":[29,53],"is_endless":false,"potions_floor_spawned":[1,8,12,14,28,31,33,36,39,44],"ascension_level":4}}