{"host":"ko40t1o51xotjt2v","time":1612413391,"event":{"mods":["2.2 Compatiblity","AchievementEnabler","Aspiration","BaseMod","Better Match","Better Third Choice","Better Vampires","Conspire","Downfall","Energized Spire","GifTheSpireLib","Halation","Hubris","Jedi Mod","Minty Spire (QoL Compilation)","MostiFishMod","Spicy Shops","Spikes Relics","StSLib","Stuff the Spire","TestMod","??????REMEMod"],"gold_per_floor":[117,136,78,96,112,146,146,174,174,201,218,230,230,260,260,260,260],"floor_reached":16,"language":"SPA","playtime":682,"items_purged":[],"score":283,"play_id":"fda87d7f-9e3e-4363-9a4b-eea394240d73","local_time":"20210204053631","is_ascension_mode":true,"campfire_choices":[{"data":"MostiFishMod:#F4004","floor":7.0,"key":"SMITH"},{"data":"True Grit","floor":13,"key":"SMITH"},{"floor":15,"key":"REST"}],"circlet_count":0,"master_deck":["AscendersBane","Strike_R","Strike_R","Strike_R","Strike_R","Strike_R","Defend_R","Defend_R","Defend_R","Defend_R","Bash","Thunderclap","StuffTheSpire:RockThrow","Havoc","MostiFishMod:#F4004+1","True Grit+1","Spot Weakness"],"relics":["Burning Blood","DaveBox","testmod-TestBox","REME_ComplimentaryCards","NeowsBlessing","Nunchaku","conspire:Boomerang","Matryoshka","halation:KoshaPiece","hubris:TenFootPole"],"acts_visited":["Exordium"],"potions_floor_usage":[11,14,14,14,14],"damage_taken":[{"damage":3.0,"enemies":"2 Louse","floor":1.0,"turns":2.0},{"damage":0.0,"enemies":"Jaw Worm","floor":2.0,"turns":1.0},{"damage":0.0,"enemies":"Small Slimes","floor":4.0,"turns":1.0},{"damage":22.0,"enemies":"Exordium Wildlife","floor":5.0,"turns":5.0},{"damage":30.0,"enemies":"Lagavulin","floor":6.0,"turns":6.0},{"damage":22.0,"enemies":"3 Sentries","floor":8.0,"turns":6.0},{"damage":0.0,"enemies":"Gremlin Nob","floor":10.0,"turns":2.0},{"damage":7,"enemies":"3 Louse","floor":11,"turns":4},{"damage":3,"enemies":"Looter","floor":12,"turns":2},{"damage":25,"enemies":"Lagavulin","floor":14,"turns":7},{"damage":0,"enemies":"The Guardian","floor":16,"turns":2}],"seed_played":"-3962896875465493603","potions_obtained":[{"floor":1.0,"key":"hexamod:SoulburnPotion"},{"floor":4.0,"key":"SpeedPotion"},{"floor":8.0,"key":"testmod-TestPotion"},{"floor":10.0,"key":"FearPotion"},{"floor":12,"key":"EntropicBrew"}],"is_trial":false,"path_per_floor":["M","M","$","M","M","E","R","E","T","E","M","M","R","E","R","B"],"character_chosen":"IRONCLAD","items_purchased":["Havoc"],"campfire_rested":1,"item_purchase_floors":[3],"current_hp_per_floor":[71,75,75,75,59,35,35,19,19,25,24,27,27,8,30,30,30],"gold":260,"neow_bonus":"THREE_ENEMY_KILL","is_daily":false,"chose_seed":false,"campfire_upgraded":2,"win_rate":0.0,"timestamp":1612413391,"path_taken":["M","M","$","M","M","E","R","E","T","E","M","M","R","E","R","BOSS"],"items_purchased_type":["Card"],"build_version":"2020-12-22","purchased_purges":0,"victory":false,"max_hp_per_floor":[75,75,75,75,75,75,75,75,75,75,75,75,75,75,75,75,75],"card_choices":[{"not_picked":["Wild Strike","Perfected Strike"],"picked":"Thunderclap","floor":1.0},{"not_picked":["Blood for Blood","Iron Wave"],"picked":"StuffTheSpire:RockThrow","floor":2.0},{"not_picked":["Flex","Shrug It Off","Heavy Blade"],"picked":"SKIP","floor":4.0},{"not_picked":["Invigoration","Rupture"],"picked":"MostiFishMod:#F4004","floor":5.0},{"not_picked":["Ghostly Armor","Metallicize","Clothesline"],"picked":"SKIP","floor":6.0},{"not_picked":["MostiFishMod:NewArrival","Thunderclap"],"picked":"True Grit","floor":8.0},{"not_picked":["jedi:MakeshiftSword","Clothesline"],"picked":"Spot Weakness","floor":10.0},{"not_picked":["Armaments","Clash","Sword Boomerang"],"picked":"SKIP","floor":11},{"not_picked":["Warcry","Bloodletting","Clash"],"picked":"SKIP","floor":12},{"not_picked":["Armaments","Iron Wave","Body Slam"],"picked":"SKIP","floor":14}],"player_experience":479374,"relics_obtained":[{"floor":6.0,"key":"Nunchaku"},{"floor":8.0,"key":"conspire:Boomerang"},{"floor":9.0,"key":"Matryoshka"},{"floor":10.0,"key":"halation:KoshaPiece"},{"floor":14,"key":"hubris:TenFootPole"}],"event_choices":[],"is_beta":false,"boss_relics":[],"items_purged_floors":[],"is_endless":false,"potions_floor_spawned":[1,4,8,10,12],"killed_by":"The Guardian","ascension_level":16}}