{"host":"28p8ce41sjwa6lzf","time":1612408187,"event":{"mods":["AchievementEnabler","BaseMod","Bestiary","Colored Map","Colored Powertips","Dark Map","Highlight Path","Minty Spire (QoL Compilation)","Permanent Neow","Quick Restart","Random Character Button","Rare Cards Sparkle","Relic Stats","StSLib"],"gold_per_floor":[15,33,33,58,3,28,28,59,107,107,121,139,169,183,183,259,259,231,231,231,241,241,241,268,183,210,210,253,273,273,308,308,388,388,409,1426,1444,1470,1075,1112,584,584,584,603,603,612,630,647,656,656,656,656,656,104,138,138,138],"floor_reached":56,"language":"ENG","playtime":4830,"items_purged":["Normality","Normality","Strike_R"],"score":2002,"play_id":"de694af6-a337-48a6-a4f4-88ea186bc4b2","local_time":"20210203210947","is_ascension_mode":true,"campfire_choices":[{"data":"True Grit","floor":7.0,"key":"SMITH"},{"data":"Hemokinesis","floor":10.0,"key":"SMITH"},{"data":"Metallicize","floor":15.0,"key":"SMITH"},{"data":"Reaper","floor":23.0,"key":"SMITH"},{"data":"Shrug It Off","floor":27.0,"key":"SMITH"},{"floor":32.0,"key":"RECALL"},{"data":"Corruption","floor":42.0,"key":"SMITH"},{"floor":46.0,"key":"REST"},{"floor":49.0,"key":"REST"},{"data":"Defend_R","floor":53.0,"key":"SMITH"}],"circlet_count":0,"master_deck":["AscendersBane","Strike_R","Defend_R","Defend_R","Defend_R","Defend_R+1","Bash+1","Immolate+1","Metallicize+1","Hemokinesis+1","True Grit+1","Shrug It Off+1","True Grit+1","Shrug It Off+1","Reaper+1","Reaper+1","Rupture+1","Limit Break+1","Shockwave+1","Spot Weakness+1","Burning Pact+1","Necronomicurse","Power Through+1","Corruption+1","Pommel Strike+1","Warcry+1","Warcry+1","Disarm+1","Limit Break+1","Shockwave+1","Thunderclap+1","Madness+1","Madness+1","Disarm+1","Discovery+1","Shrug It Off+1","Limit Break+1"],"relics":["Burning Blood","Eternal Feather","Dream Catcher","Juzu Bracelet","Toxic Egg 2","Astrolabe","Necronomicon","Orichalcum","Nunchaku","CeramicFish","Strawberry","Pen Nib","Mark of Pain","Blue Candle","Lantern","DollysMirror","Toy Ornithopter","Mummified Hand","PreservedInsect","Medical Kit"],"acts_visited":["Exordium","TheCity","TheBeyond","TheEnding"],"potions_floor_usage":[56],"damage_taken":[{"damage":0.0,"enemies":"2 Louse","floor":1.0,"turns":1.0},{"damage":6.0,"enemies":"Jaw Worm","floor":2.0,"turns":4.0},{"damage":27.0,"enemies":"3 Sentries","floor":6.0,"turns":6.0},{"damage":18.0,"enemies":"Lagavulin","floor":8.0,"turns":7.0},{"damage":2.0,"enemies":"Cultist","floor":11.0,"turns":2.0},{"damage":5.0,"enemies":"Blue Slaver","floor":12.0,"turns":2.0},{"damage":10.0,"enemies":"Gremlin Nob","floor":13.0,"turns":3.0},{"damage":0.0,"enemies":"Exordium Wildlife","floor":14.0,"turns":2.0},{"damage":33.0,"enemies":"The Guardian","floor":16.0,"turns":15.0},{"damage":17.0,"enemies":"2 Thieves","floor":18.0,"turns":4.0},{"damage":4.0,"enemies":"3 Byrds","floor":21.0,"turns":4.0},{"damage":73.0,"enemies":"Book of Stabbing","floor":24.0,"turns":6.0},{"damage":19.0,"enemies":"Gremlin Leader","floor":28.0,"turns":5.0},{"damage":2.0,"enemies":"Centurion and Healer","floor":29.0,"turns":5.0},{"damage":42.0,"enemies":"Slavers","floor":31.0,"turns":9.0},{"damage":121.0,"enemies":"Automaton","floor":33.0,"turns":11.0},{"damage":9.0,"enemies":"3 Darklings","floor":35.0,"turns":4.0},{"damage":51.0,"enemies":"3 Shapes","floor":37.0,"turns":5.0},{"damage":84.0,"enemies":"Transient","floor":38.0,"turns":6.0},{"damage":38.0,"enemies":"Nemesis","floor":40.0,"turns":7.0},{"damage":50.0,"enemies":"Spire Growth","floor":44.0,"turns":5.0},{"damage":30.0,"enemies":"Writhing Mass","floor":48.0,"turns":7.0},{"damage":51.0,"enemies":"Awakened One","floor":50.0,"turns":12.0},{"damage":105.0,"enemies":"Donu and Deca","floor":51.0,"turns":8.0},{"damage":87.0,"enemies":"Shield and Spear","floor":55.0,"turns":9.0},{"damage":121,"enemies":"The Heart","floor":56,"turns":6}],"seed_played":"4427206211470764109","potions_obtained":[{"floor":1.0,"key":"Weak Potion"},{"floor":8.0,"key":"BloodPotion"},{"floor":11.0,"key":"Weak Potion"},{"floor":21.0,"key":"Fire Potion"},{"floor":28.0,"key":"DuplicationPotion"},{"floor":29.0,"key":"Strength Potion"},{"floor":37.0,"key":"DistilledChaos"}],"is_trial":false,"path_per_floor":["M","M","?","T","$","E","R","E","T","R","M","M","E","M","R","B",null,"M","?","?","M","?","R","E","?","T","R","E","M","?","E","R","B",null,"M","?","M","M","$","E","$","R","T","M","T","R","?","M","R","B","B",null,"R","$","E","B"],"character_chosen":"IRONCLAD","items_purchased":["BloodPotion","Blue Candle","Warcry+1","DollysMirror","Toy Ornithopter","SteroidPotion","SteroidPotion","Medical Kit","Regen Potion","Swift Potion","Discovery+1","Shrug It Off+1"],"campfire_rested":2,"item_purchase_floors":[5,39,39,41,41,41,41,54,54,54,54,54],"current_hp_per_floor":[74,74,74,74,74,53,62,50,50,59,75,75,71,75,75,48,68,67,67,67,75,54,66,39,39,39,51,69,82,82,82,82,43,72,69,69,55,33,33,82,82,82,82,38,38,80,65,59,82,82,82,82,82,82,82,0,0],"gold":138,"neow_bonus":"THREE_RARE_CARDS","is_daily":false,"chose_seed":false,"campfire_upgraded":7,"win_rate":0.0,"timestamp":1612408187,"path_taken":["M","M","?","?","?","E","R","E","T","R","M","M","E","M","R","BOSS","M","?","?","M","?","R","E","?","T","R","E","M","?","E","R","BOSS","M","?","M","M","$","E","$","R","T","M","?","R","?","M","R","BOSS","BOSS","R","$","E","BOSS"],"items_purchased_type":["Potion","Relic","Card","Relic","Relic","Potion","Potion","Relic","Potion","Potion","Card","Card"],"build_version":"2020-12-22","purchased_purges":3,"victory":false,"max_hp_per_floor":[75,75,75,75,75,75,75,75,75,75,75,75,75,75,75,75,75,75,75,75,75,75,75,75,75,75,75,82,82,82,82,82,82,82,82,82,82,82,82,82,82,82,82,82,82,82,82,82,82,82,82,82,82,82,82,82,82],"relic_stats":{"counters":[26,155],"Astrolabe":["Reaper","Rupture","Limit Break"],"CeramicFish":153,"Blue Candle":[43],"Eternal Feather":78,"Pen Nib":[9],"PreservedInsect":77,"Juzu Bracelet":3,"Orichalcum":[162],"Medical Kit":[13],"Burning Blood":113,"Dream Catcher":2,"Nunchaku":[11],"Mummified Hand":[24],"Necronomicon":[46],"obtain_stats":[{"Lantern":40,"Astrolabe":17,"CeramicFish":26,"Blue Candle":39,"Eternal Feather":6,"Pen Nib":31,"PreservedInsect":45,"Juzu Bracelet":9,"Orichalcum":24,"Medical Kit":54,"Burning Blood":0,"Dream Catcher":8,"Nunchaku":25,"DollysMirror":41,"Mummified Hand":43,"Strawberry":28,"Mark of Pain":34,"Necronomicon":22,"Toxic Egg 2":13,"Toy Ornithopter":41},{"Lantern":20,"Astrolabe":9,"CeramicFish":12,"Blue Candle":19,"Eternal Feather":3,"Pen Nib":15,"PreservedInsect":21,"Juzu Bracelet":4,"Orichalcum":12,"Medical Kit":24,"Burning Blood":0,"Dream Catcher":4,"Nunchaku":12,"DollysMirror":20,"Mummified Hand":20,"Strawberry":13,"Mark of Pain":16,"Necronomicon":11,"Toxic Egg 2":7,"Toy Ornithopter":20},{"Lantern":108,"Astrolabe":42,"CeramicFish":56,"Blue Candle":101,"Eternal Feather":11,"Pen Nib":75,"PreservedInsect":113,"Juzu Bracelet":18,"Orichalcum":56,"Medical Kit":140,"Burning Blood":0,"Dream Catcher":18,"Nunchaku":56,"DollysMirror":108,"Mummified Hand":108,"Strawberry":61,"Mark of Pain":86,"Necronomicon":50,"Toxic Egg 2":25,"Toy Ornithopter":108}],"Toy Ornithopter":20},"card_choices":[{"not_picked":["Offering","Berserk"],"picked":"Immolate","floor":0.0},{"not_picked":["Flex","Body Slam"],"picked":"Metallicize","floor":1.0},{"not_picked":["Twin Strike","Clothesline"],"picked":"Hemokinesis","floor":2.0},{"not_picked":["Havoc","Armaments"],"picked":"True Grit","floor":6.0},{"not_picked":["Searing Blow","Body Slam","Iron Wave"],"picked":"SKIP","floor":8.0},{"not_picked":["Anger","Havoc","Heavy Blade"],"picked":"SKIP","floor":11.0},{"not_picked":["Brutality","Pommel Strike"],"picked":"Shrug It Off","floor":12.0},{"not_picked":["Clash","Whirlwind"],"picked":"True Grit+1","floor":13.0},{"not_picked":["Headbutt","Perfected Strike"],"picked":"Shrug It Off+1","floor":14.0},{"not_picked":["Fiend Fire","Juggernaut"],"picked":"Reaper","floor":16.0},{"not_picked":["Wild Strike","Body Slam"],"picked":"Shockwave+1","floor":18.0},{"not_picked":["Clothesline","Shrug It Off+1"],"picked":"Burning Pact+1","floor":21.0},{"not_picked":["Dual Wield+1","True Grit+1","Sentinel+1"],"picked":"SKIP","floor":24.0},{"not_picked":["Whirlwind","Pommel Strike"],"picked":"Power Through+1","floor":28.0},{"not_picked":["Dark Embrace","Havoc+1","Body Slam"],"picked":"SKIP","floor":29.0},{"not_picked":["Cleave","Barricade","Iron Wave"],"picked":"SKIP","floor":31.0},{"not_picked":["Impervious+1","Barricade"],"picked":"Corruption","floor":33.0},{"not_picked":["Warcry+1","Combust"],"picked":"Pommel Strike+1","floor":35.0},{"not_picked":["Clash+1","Sword Boomerang","Body Slam+1"],"picked":"SKIP","floor":37.0},{"not_picked":["Barricade","Pommel Strike+1"],"picked":"Warcry+1","floor":38.0},{"not_picked":["Combust+1","Sentinel+1"],"picked":"Disarm+1","floor":40.0},{"not_picked":["Infernal Blade+1","Dropkick"],"picked":"Shockwave+1","floor":44.0},{"not_picked":["Twin Strike","Clash"],"picked":"Thunderclap+1","floor":46.0},{"not_picked":["Clothesline","Sever Soul","Flex+1"],"picked":"SKIP","floor":48.0},{"not_picked":["Rage+1","Entrench+1"],"picked":"Disarm+1","floor":49.0},{"not_picked":["Warcry+1","Armaments+1"],"picked":"Limit Break+1","floor":55.0}],"player_experience":1000201,"relics_obtained":[{"floor":6.0,"key":"Eternal Feather"},{"floor":8.0,"key":"Dream Catcher"},{"floor":9.0,"key":"Juzu Bracelet"},{"floor":13.0,"key":"Toxic Egg 2"},{"floor":22.0,"key":"Necronomicon"},{"floor":24.0,"key":"Orichalcum"},{"floor":26.0,"key":"CeramicFish"},{"floor":28.0,"key":"Strawberry"},{"floor":31.0,"key":"Pen Nib"},{"floor":40.0,"key":"Lantern"},{"floor":43.0,"key":"Mummified Hand"},{"floor":45.0,"key":"PreservedInsect"}],"event_choices":[{"damage_healed":0.0,"max_hp_gain":0.0,"max_hp_loss":0.0,"gold_gain":0.0,"event_name":"Living Wall","player_choice":"Grow","floor":3.0,"gold_loss":0.0,"damage_taken":0.0,"cards_upgraded":["Immolate"]},{"damage_healed":0.0,"max_hp_gain":0.0,"max_hp_loss":0.0,"gold_gain":0.0,"event_name":"The Library","player_choice":"Read","floor":19.0,"gold_loss":0.0,"damage_taken":0.0,"cards_obtained":["Spot Weakness"]},{"damage_healed":0.0,"max_hp_gain":0.0,"max_hp_loss":0.0,"gold_gain":0.0,"event_name":"Ghosts","player_choice":"Ignored","floor":20.0,"gold_loss":0.0,"damage_taken":0.0},{"damage_healed":0.0,"max_hp_gain":0.0,"max_hp_loss":0.0,"gold_gain":0.0,"event_name":"Cursed Tome","player_choice":"Obtained Book","floor":22.0,"gold_loss":0.0,"damage_taken":21.0},{"damage_healed":0.0,"max_hp_gain":0.0,"max_hp_loss":0.0,"gold_gain":0.0,"event_name":"Addict","player_choice":"Obtained Relic","floor":25.0,"gold_loss":85.0,"damage_taken":0.0,"relics_obtained":["Nunchaku"]},{"damage_healed":0.0,"max_hp_gain":0.0,"max_hp_loss":0.0,"gold_gain":0.0,"event_name":"Accursed Blacksmith","player_choice":"Forge","floor":30.0,"gold_loss":0.0,"damage_taken":0.0,"cards_upgraded":["Bash"]},{"damage_healed":0.0,"max_hp_gain":0.0,"max_hp_loss":0.0,"gold_gain":999.0,"event_name":"MindBloom","player_choice":"Gold","floor":36.0,"gold_loss":0.0,"damage_taken":0.0,"cards_obtained":["Normality","Normality"]},{"damage_healed":0.0,"max_hp_gain":0.0,"max_hp_loss":0.0,"gold_gain":0.0,"event_name":"Winding Halls","player_choice":"Embrace Madness","floor":47.0,"gold_loss":0.0,"damage_taken":15.0,"cards_obtained":["Madness","Madness"]}],"is_beta":false,"boss_relics":[{"not_picked":["Empty Cage","Snecko Eye"],"picked":"Astrolabe"},{"not_picked":["Black Blood","Calling Bell"],"picked":"Mark of Pain"}],"items_purged_floors":[39,41,54],"is_endless":false,"potions_floor_spawned":[1,8,11,12,21,28,29,33,35,37],"killed_by":"The Heart","ascension_level":20}}