{"host":"qksa0nge77ubun9a","time":1612476861,"event":{"mods":["AchievementEnabler","BaseMod","Colored Map","Colored Powertips","Googly Eyes","Highlight Path","Minty Spire (QoL Compilation)","Quick Restart","StSLib"],"gold_per_floor":[114,114,114,138,161,161,201,221,221,21,64,41,141,160,160,160,160],"floor_reached":16,"language":"ENG","playtime":912,"items_purged":["Strike_R"],"score":160,"play_id":"1627f234-e0a8-4ec8-9c73-8c7fcb3c36d2","local_time":"20210204141421","is_ascension_mode":true,"campfire_choices":[{"data":"Bash","floor":6.0,"key":"SMITH"},{"floor":15,"key":"REST"}],"circlet_count":0,"master_deck":["Strike_R","Strike_R","Strike_R","Defend_R","Defend_R","Defend_R","Bash+1","Searing Blow","Pummel","Body Slam","Cleave","Twin Strike","Bloodletting","Berserk","Armaments","Rage","True Grit","Pummel"],"relics":["Burning Blood","Golden Idol","Gremlin Horn","Mummified Hand","Omamori"],"acts_visited":["Exordium"],"potions_floor_usage":[11,16],"damage_taken":[{"damage":4.0,"enemies":"2 Louse","floor":1.0,"turns":3.0},{"damage":8.0,"enemies":"Jaw Worm","floor":4.0,"turns":4.0},{"damage":6.0,"enemies":"Cultist","floor":5.0,"turns":3.0},{"damage":35.0,"enemies":"3 Sentries","floor":7.0,"turns":7.0},{"damage":2.0,"enemies":"2 Fungi Beasts","floor":8.0,"turns":3.0},{"damage":31,"enemies":"Gremlin Nob","floor":11,"turns":4},{"damage":7,"enemies":"Looter","floor":14,"turns":3},{"damage":33,"enemies":"Slime Boss","floor":16,"turns":7}],"seed_played":"-4135299391660051038","potions_obtained":[{"floor":1.0,"key":"Strength Potion"},{"floor":8.0,"key":"EssenceOfSteel"},{"floor":14,"key":"FearPotion"}],"is_trial":false,"path_per_floor":["M","?","?","M","M","R","E","M","T","$","E","$","?","M","R","B"],"character_chosen":"IRONCLAD","items_purchased":["Berserk","Armaments","True Grit"],"campfire_rested":1,"item_purchase_floors":[10,10,12],"current_hp_per_floor":[74,74,67,65,65,65,36,40,40,40,15,15,15,14,36,3,3],"gold":160,"neow_bonus":"TRANSFORM_CARD","is_daily":false,"chose_seed":false,"campfire_upgraded":1,"win_rate":0.0,"timestamp":1612476861,"path_taken":["M","?","?","M","M","R","E","M","T","?","E","?","?","M","R","BOSS"],"items_purchased_type":["Card","Card","Card"],"build_version":"2020-12-22","purchased_purges":1,"victory":false,"max_hp_per_floor":[80,74,74,74,74,74,74,74,74,74,74,74,74,74,74,74,74],"card_choices":[{"not_picked":["Power Through","Thunderclap"],"picked":"Pummel","floor":1.0},{"not_picked":["Twin Strike","Wild Strike"],"picked":"Body Slam","floor":4.0},{"not_picked":["Shockwave","Clash"],"picked":"Cleave","floor":5.0},{"not_picked":["Perfected Strike","Rupture"],"picked":"Twin Strike","floor":7.0},{"not_picked":["Reckless Charge","Blood for Blood"],"picked":"Bloodletting","floor":8.0},{"not_picked":["Burning Pact","Thunderclap"],"picked":"Rage","floor":11},{"not_picked":["Headbutt","Intimidate"],"picked":"Pummel","floor":14}],"player_experience":1323139,"relics_obtained":[{"floor":7.0,"key":"Gremlin Horn"},{"floor":9.0,"key":"Mummified Hand"},{"floor":11,"key":"Omamori"}],"event_choices":[{"damage_healed":0.0,"max_hp_gain":0.0,"max_hp_loss":6.0,"gold_gain":0.0,"event_name":"Golden Idol","player_choice":"Lose Max HP","floor":2.0,"gold_loss":0.0,"damage_taken":0.0,"relics_obtained":["Golden Idol"]},{"cards_removed":["Defend_R"],"damage_healed":0.0,"max_hp_gain":0.0,"max_hp_loss":0.0,"gold_gain":0.0,"event_name":"Golden Wing","player_choice":"Card Removal","floor":3.0,"gold_loss":0.0,"damage_taken":7.0},{"damage_healed":0,"gold_gain":100,"player_choice":"Pray","damage_taken":0,"max_hp_gain":0,"max_hp_loss":0,"event_name":"Golden Shrine","floor":13,"gold_loss":0}],"is_beta":false,"boss_relics":[],"items_purged_floors":[10],"is_endless":false,"potions_floor_spawned":[1,8,14],"killed_by":"Slime Boss","ascension_level":9}}