{"host":"eu5wvbbtjeiar27l","time":1612426387,"event":{"mods":["Astrologer","BaseMod","Colored Powertips","Conspire","Energized Spire","Hubris","Infinite Spire","Mad Scientist","Melee Mod","Minty Spire (QoL Compilation)","Potionbrewer","Rare Cards Sparkle","StSLib","The Construct","The Jungle","The Runesmith","The Valiant","Treasure Hunter"],"gold_per_floor":[113,113,130,130,145,178,189,220,245,245,255,255,133,143,143,239,239,254,7,21,35,35,35,35,35,112,112,112],"floor_reached":27,"language":"ENG","playtime":1157,"items_purged":["Brutality","Strike_R"],"score":268,"play_id":"e13ed885-b702-4f0c-a12a-bc4d249178ce","local_time":"20210204081307","is_ascension_mode":false,"campfire_choices":[{"data":"Demon Form","floor":10,"key":"SMITH"},{"floor":15,"key":"REST"},{"data":"Ghostly","floor":24,"key":"SMITH"}],"circlet_count":0,"master_deck":["hubris:EnhanceAbility+1","Strike_R","Strike_R","Defend_R","Defend_R","Defend_R","Defend_R","Bash","Demon Form+1","Cleave","hubris:CleavingFinish+1","Combust","Pummel","Cleave","Iron Wave","Shrug It Off","Heavy Blade","Heavy Blade","Demon Form","Cleave","Ghostly+1","Ghostly","Ghostly","Ghostly","Ghostly","Impervious"],"relics":["Burning Blood","Regal Pillow","conspire:Dentures","Oddly Smooth Stone","energizedSpire:NeverEndingSparkler","Bag of Marbles","Vajra","hubris:MysteriousPyramids"],"acts_visited":["Exordium","TheCity"],"potions_floor_usage":[8,8,11],"damage_taken":[{"damage":6,"enemies":"Cultist","floor":1,"turns":5},{"damage":6,"enemies":"Jaw Worm","floor":3,"turns":3},{"damage":0,"enemies":"Small Slimes","floor":5,"turns":3},{"damage":43,"enemies":"3 Sentries","floor":6,"turns":5},{"damage":11,"enemies":"2 Fungi Beasts","floor":7,"turns":3},{"damage":14,"enemies":"Gremlin Nob","floor":8,"turns":3},{"damage":6,"enemies":"3 Louse","floor":11,"turns":2},{"damage":6,"enemies":"Looter","floor":14,"turns":3},{"damage":45,"enemies":"Hexaghost","floor":16,"turns":8},{"damage":14,"enemies":"2 Thieves","floor":18,"turns":3},{"damage":4,"enemies":"Chosen","floor":20,"turns":4},{"damage":46,"enemies":"Snake Plant","floor":21,"turns":5},{"damage":18,"enemies":"Nightmare","floor":23,"turns":7},{"damage":20,"enemies":"Sentry and Sphere","floor":27,"turns":3}],"seed_played":"9191257234311382063","potions_obtained":[{"floor":3,"key":"Swift Potion"},{"floor":5,"key":"potionbrewer:AcidPotion"},{"floor":6,"key":"FearPotion"}],"is_trial":false,"path_per_floor":["M","?","M","?","M","E","M","E","T","R","M","?","$","M","R","B",null,"M","$","M","M","?","NM","R","$","T","M"],"character_chosen":"IRONCLAD","items_purchased":["Heavy Blade","Bag of Marbles"],"campfire_rested":1,"item_purchase_floors":[13,19],"current_hp_per_floor":[72,77,77,77,77,40,35,27,27,27,27,27,27,27,65,26,77,69,69,71,31,31,19,19,19,19,0,0],"gold":112,"neow_bonus":"TRANSFORM_TWO_CARDS","is_daily":false,"chose_seed":false,"campfire_upgraded":2,"win_rate":0.0,"timestamp":1612426387,"path_taken":["M","?","M","?","M","E","?","E","T","R","M","?","$","M","R","BOSS","M","?","M","M","?","NM","R","$","T","M"],"items_purchased_type":["Card","Relic"],"build_version":"2020-12-22","purchased_purges":2,"victory":false,"max_hp_per_floor":[72,77,77,77,77,77,77,77,77,77,77,77,77,77,77,77,77,77,77,77,77,38,38,38,38,38,38,38],"card_choices":[{"not_picked":["True Grit","Body Slam"],"picked":"Cleave","floor":1},{"not_picked":["Armaments","Havoc"],"picked":"hubris:CleavingFinish","floor":3},{"not_picked":["Dark Embrace","Thunderclap"],"picked":"Combust","floor":5},{"not_picked":["hubris:ReadiedAction","Burning Pact"],"picked":"Pummel","floor":6},{"not_picked":["TH:TreasureMap","TH:ArmorSpikes"],"picked":"SKIP","floor":6},{"not_picked":["Clash","Whirlwind"],"picked":"Cleave","floor":7},{"not_picked":["hubris:SharpeningStone","Evolve"],"picked":"Iron Wave","floor":8},{"not_picked":["TH:BikiniMail","TH:CopperCoins"],"picked":"SKIP","floor":8},{"not_picked":["TH:CopperCoins","TH:EnergyPotion"],"picked":"SKIP","floor":9},{"not_picked":["Power Through","Perfected Strike"],"picked":"Shrug It Off","floor":11},{"not_picked":["Body Slam","Wild Strike"],"picked":"Heavy Blade","floor":14},{"not_picked":["Bludgeon","Offering"],"picked":"Demon Form","floor":16},{"not_picked":["Wild Strike","Shrug It Off"],"picked":"Cleave","floor":18},{"not_picked":["True Grit","Evolve","Shockwave"],"picked":"SKIP","floor":20},{"not_picked":["Rampage","Body Slam","Infernal Blade"],"picked":"SKIP","floor":21},{"not_picked":["Clothesline","Sever Soul"],"picked":"Impervious","floor":23},{"not_picked":["TH:Mimic","TH:PixieDust"],"picked":"SKIP","floor":23},{"not_picked":["TH:EnergyPotion","TH:TreasureMap"],"picked":"SKIP","floor":26}],"player_experience":202437,"relics_obtained":[{"floor":6,"key":"Regal Pillow"},{"floor":8,"key":"conspire:Dentures"},{"floor":9,"key":"Oddly Smooth Stone"},{"floor":23,"key":"Vajra"},{"floor":26,"key":"hubris:MysteriousPyramids"}],"event_choices":[{"damage_healed":0,"gold_gain":0,"player_choice":"Donut","damage_taken":0,"max_hp_gain":5,"max_hp_loss":0,"event_name":"Big Fish","floor":2,"gold_loss":0},{"damage_healed":0,"gold_gain":0,"player_choice":"Upgraded","damage_taken":0,"max_hp_gain":0,"max_hp_loss":0,"event_name":"Upgrade Shrine","floor":4,"gold_loss":0,"cards_upgraded":["hubris:CleavingFinish"]},{"damage_healed":0,"gold_gain":0,"player_choice":"Ignored","damage_taken":0,"max_hp_gain":0,"max_hp_loss":0,"event_name":"NoteForYourself","floor":12,"gold_loss":0},{"damage_healed":0,"gold_gain":0,"player_choice":"Became a Ghost","damage_taken":0,"max_hp_gain":0,"max_hp_loss":39,"event_name":"Ghosts","floor":22,"gold_loss":0,"cards_obtained":["Ghostly","Ghostly","Ghostly","Ghostly","Ghostly"]}],"is_beta":false,"boss_relics":[{"not_picked":["Runesmith:UraniumAnvil","hubris:Stopwatch"],"picked":"energizedSpire:NeverEndingSparkler"}],"items_purged_floors":[13,19],"is_endless":true,"potions_floor_spawned":[3,5,6,7],"killed_by":"Sentry and Sphere","ascension_level":0}}