{"host":"vyjryxuuuxkt43k4","time":1612407496,"event":{"mods":["AchievementEnabler","BaseMod","Colored Map","DeckTracker","Keyboard Shortcuts","Minty Spire (QoL Compilation)","Permanent Neow","Quick Restart","Rare Cards Sparkle","Relic Stats","StSLib","SuperFastMode","everything is the same but u backflip on backflip"],"gold_per_floor":[119,44,44,59,134,134,162,162,162,162,193,206,206,240,240,338,338,351,367,380,398,398,398,413,413,413,426,8,21,21,54,54,155,155,173,192,32,82,98,98,125,125,149,149,183,195,214,566,566,566],"floor_reached":51,"language":"KOR","playtime":5262,"items_purged":["Defend_B"],"score":1321,"play_id":"0e29f025-d47b-4dc6-8aef-df70455373a2","local_time":"20210204115816","is_ascension_mode":true,"campfire_choices":[{"data":"Coolheaded","floor":6.0,"key":"SMITH"},{"floor":10.0,"key":"REST"},{"data":"Dualcast","floor":15.0,"key":"SMITH"},{"data":"Buffer","floor":23.0,"key":"SMITH"},{"data":"1","floor":25.0,"key":"LIFT"},{"data":"Reboot","floor":32.0,"key":"SMITH"},{"data":"Purity","floor":40.0,"key":"SMITH"},{"data":"2","floor":42.0,"key":"LIFT"},{"data":"3","floor":44.0,"key":"LIFT"},{"data":"Beam Cell","floor":49.0,"key":"SMITH"}],"circlet_count":0,"master_deck":["AscendersBane","Defend_B","Defend_B","Zap","Dualcast+1","Gash","Coolheaded+1","Gash","Self Repair","All For One","Chill","BootSequence","Scrape","Buffer+1","Sunder","Go for the Eyes+1","Rebound+1","Steam+1","Coolheaded","Gash","Magnetism+1","BootSequence+1","Reboot+1","Echo Form+1","Buffer+1","Reprogram+1","Gash+1","Aggregate+1","Purity+1","Gash+1","BootSequence+1","Beam Cell+1","Skim+1","Reprogram+1"],"relics":["Cracked Core","Turnip","Ice Cream","StrikeDummy","Unceasing Top","Girya","Centennial Puzzle","Runic Pyramid","Frozen Egg 2","Mummified Hand","Toy Ornithopter","Astrolabe","Lizard Tail","Prayer Wheel","War Paint","CaptainsWheel","Old Coin"],"acts_visited":["Exordium","TheCity","TheBeyond"],"potions_floor_usage":[50],"damage_taken":[{"damage":11.0,"enemies":"Small Slimes","floor":1.0,"turns":4.0},{"damage":0.0,"enemies":"Cultist","floor":4.0,"turns":3.0},{"damage":38.0,"enemies":"3 Sentries","floor":7.0,"turns":9.0},{"damage":16.0,"enemies":"Lagavulin","floor":11.0,"turns":6.0},{"damage":5.0,"enemies":"Jaw Worm","floor":12.0,"turns":4.0},{"damage":0.0,"enemies":"3 Sentries","floor":14.0,"turns":7.0},{"damage":22.0,"enemies":"Hexaghost","floor":16.0,"turns":9.0},{"damage":18.0,"enemies":"Shell Parasite","floor":18.0,"turns":5.0},{"damage":8.0,"enemies":"2 Thieves","floor":19.0,"turns":4.0},{"damage":4.0,"enemies":"Snecko","floor":20.0,"turns":4.0},{"damage":0.0,"enemies":"Centurion and Healer","floor":21.0,"turns":7.0},{"damage":10.0,"enemies":"Cultist and Chosen","floor":24.0,"turns":7.0},{"damage":8.0,"enemies":"3 Cultists","floor":27.0,"turns":5.0},{"damage":0.0,"enemies":"Chosen and Byrds","floor":29.0,"turns":4.0},{"damage":16.0,"enemies":"Gremlin Leader","floor":31.0,"turns":6.0},{"damage":27.0,"enemies":"Champ","floor":33.0,"turns":10.0},{"damage":0.0,"enemies":"3 Darklings","floor":35.0,"turns":5.0},{"damage":0.0,"enemies":"Orb Walker","floor":36.0,"turns":4.0},{"damage":28.0,"enemies":"Mind Bloom Boss Battle","floor":38.0,"turns":4.0},{"damage":17.0,"enemies":"Maw","floor":39.0,"turns":6.0},{"damage":0.0,"enemies":"Nemesis","floor":41.0,"turns":5.0},{"damage":0.0,"enemies":"Giant Head","floor":45.0,"turns":5.0},{"damage":0.0,"enemies":"Sphere and 2 Shapes","floor":46.0,"turns":4.0},{"damage":0.0,"enemies":"Writhing Mass","floor":47.0,"turns":3.0},{"damage":0.0,"enemies":"2 Orb Walkers","floor":48.0,"turns":3.0},{"damage":0,"enemies":"Time Eater","floor":50,"turns":6}],"seed_played":"1725459560983930758","potions_obtained":[{"floor":11.0,"key":"DistilledChaos"},{"floor":12.0,"key":"SpeedPotion"},{"floor":14.0,"key":"AttackPotion"},{"floor":18.0,"key":"Block Potion"},{"floor":20.0,"key":"Energy Potion"},{"floor":29.0,"key":"Block Potion"},{"floor":36.0,"key":"Ancient Potion"},{"floor":38.0,"key":"DistilledChaos"},{"floor":41.0,"key":"EssenceOfSteel"},{"floor":45.0,"key":"Energy Potion"},{"floor":48.0,"key":"FearPotion"}],"is_trial":false,"path_per_floor":["M","$","?","M","?","R","E","T","T","R","E","M","?","E","R","B",null,"M","M","M","M","?","R","M","R","T","M","$","M","$","E","R","B",null,"M","M","$","?","M","R","E","R","T","R","E","M","M","?","R","B",null],"character_chosen":"DEFECT","items_purchased":["Coolheaded","Gash","Magnetism+1","Mummified Hand","Purity"],"campfire_rested":1,"item_purchase_floors":[2,2,28,28,37],"current_hp_per_floor":[57,57,57,57,46,46,15,15,15,35,26,28,50,57,57,42,62,51,43,46,53,53,53,50,50,50,49,49,56,56,47,47,32,59,66,66,66,45,35,35,47,47,47,47,66,68,68,68,68,68],"gold":566,"neow_bonus":"ONE_RARE_RELIC","is_daily":false,"chose_seed":false,"campfire_upgraded":6,"win_rate":0.0,"timestamp":1612407496,"path_taken":["M","$","?","?","?","R","E","?","T","R","E","?","?","E","R","BOSS","M","M","M","M","?","R","M","R","T","?","$","M","?","E","R","BOSS","M","M","$","?","M","R","E","R","T","R","E","M","M","?","R","BOSS"],"items_purchased_type":["Card","Card","Card","Relic","Card"],"build_version":"2020-12-22","purchased_purges":1,"victory":true,"max_hp_per_floor":[68,68,68,68,68,68,68,68,68,68,68,68,68,68,68,68,68,68,68,68,68,68,68,68,68,68,68,68,68,68,68,68,68,68,68,68,68,68,68,68,68,68,68,68,68,68,68,68,68,68],"relic_stats":{"Centennial Puzzle":[30],"Lizard Tail":0,"counters":[26,139],"Mummified Hand":[78],"Astrolabe":["Buffer","Reprogram","Gash"],"Prayer Wheel":3,"Turnip":[14],"War Paint":["Steam","Aggregate"],"obtain_stats":[{"Ice Cream":7,"Girya":11,"Astrolabe":34,"Frozen Egg 2":26,"War Paint":43,"Old Coin":48,"Centennial Puzzle":14,"Lizard Tail":38,"CaptainsWheel":45,"Mummified Hand":28,"Prayer Wheel":41,"Turnip":0,"Cracked Core":0,"StrikeDummy":8,"Unceasing Top":9,"Toy Ornithopter":31,"Runic Pyramid":17},{"Ice Cream":3,"Girya":4,"Astrolabe":16,"Frozen Egg 2":12,"War Paint":21,"Old Coin":25,"Centennial Puzzle":6,"Lizard Tail":19,"CaptainsWheel":22,"Mummified Hand":13,"Prayer Wheel":21,"Turnip":0,"Cracked Core":0,"StrikeDummy":3,"Unceasing Top":3,"Toy Ornithopter":15,"Runic Pyramid":7},{"Ice Cream":16,"Girya":22,"Astrolabe":94,"Frozen Egg 2":69,"War Paint":118,"Old Coin":133,"Centennial Puzzle":33,"Lizard Tail":107,"CaptainsWheel":123,"Mummified Hand":74,"Prayer Wheel":118,"Turnip":0,"Cracked Core":0,"StrikeDummy":16,"Unceasing Top":16,"Toy Ornithopter":84,"Runic Pyramid":42}],"Unceasing Top":[36],"Toy Ornithopter":17},"card_choices":[{"not_picked":["Compile Driver","Rebound"],"picked":"Gash","floor":1.0},{"not_picked":["Melter","Rebound"],"picked":"Self Repair","floor":4.0},{"not_picked":["Tempest","White Noise"],"picked":"All For One","floor":7.0},{"not_picked":["Go for the Eyes","Barrage"],"picked":"Chill","floor":11.0},{"not_picked":["Hologram","Recycle"],"picked":"BootSequence","floor":12.0},{"not_picked":["Streamline","Core Surge"],"picked":"Scrape","floor":14.0},{"not_picked":["Meteor Strike","Biased Cognition"],"picked":"Buffer","floor":16.0},{"not_picked":["Leap","Compile Driver"],"picked":"Sunder","floor":18.0},{"not_picked":["Redo","FTL"],"picked":"Go for the Eyes+1","floor":19.0},{"not_picked":["Ball Lightning+1","Go for the Eyes"],"picked":"Rebound+1","floor":20.0},{"not_picked":["Leap","Barrage"],"picked":"Steam","floor":21.0},{"not_picked":["Compile Driver","Steam"],"picked":"Gash","floor":24.0},{"not_picked":["Sweeping Beam","Streamline","Compile Driver"],"picked":"SKIP","floor":27.0},{"not_picked":["Leap","Steam"],"picked":"BootSequence+1","floor":29.0},{"not_picked":["Seek","Lockon"],"picked":"Reboot","floor":31.0},{"not_picked":["Electrodynamics+1","Biased Cognition+1"],"picked":"Echo Form+1","floor":33.0},{"not_picked":["Self Repair+1","Hello World+1","Reinforced Body"],"picked":"SKIP","floor":35.0},{"not_picked":["Stack+1","Hologram"],"picked":"Aggregate","floor":36.0},{"not_picked":["Undo","Static Discharge+1"],"picked":"Gash+1","floor":38.0},{"not_picked":["Stack+1","Reinforced Body"],"picked":"BootSequence+1","floor":39.0},{"not_picked":["Cold Snap","Genetic Algorithm"],"picked":"Beam Cell","floor":41.0},{"not_picked":["Ball Lightning+1","Redo","Biased Cognition+1"],"picked":"SKIP","floor":45.0},{"not_picked":["Go for the Eyes+1","Loop+1"],"picked":"Skim+1","floor":46.0},{"not_picked":["Heatsinks+1","Sweeping Beam+1"],"picked":"Reprogram+1","floor":46.0},{"not_picked":["Barrage+1","Coolheaded+1","Beam Cell"],"picked":"SKIP","floor":47.0},{"not_picked":["Redo+1","Cold Snap","Self Repair+1"],"picked":"SKIP","floor":47.0}],"player_experience":685103,"relics_obtained":[{"floor":7.0,"key":"Ice Cream"},{"floor":8.0,"key":"StrikeDummy"},{"floor":9.0,"key":"Unceasing Top"},{"floor":11.0,"key":"Girya"},{"floor":14.0,"key":"Centennial Puzzle"},{"floor":26.0,"key":"Frozen Egg 2"},{"floor":31.0,"key":"Toy Ornithopter"},{"floor":38.0,"key":"Lizard Tail"},{"floor":41.0,"key":"Prayer Wheel"},{"floor":43.0,"key":"War Paint"},{"floor":45.0,"key":"CaptainsWheel"},{"floor":48.0,"key":"Old Coin"}],"event_choices":[{"cards_removed":["Strike_B"],"damage_healed":0.0,"max_hp_gain":0.0,"max_hp_loss":0.0,"gold_gain":0.0,"event_name":"Purifier","player_choice":"Purged","floor":3.0,"gold_loss":0.0,"damage_taken":0.0},{"damage_healed":0.0,"max_hp_gain":0.0,"max_hp_loss":0.0,"gold_gain":75.0,"event_name":"World of Goop","player_choice":"Gather Gold","floor":5.0,"gold_loss":0.0,"damage_taken":11.0},{"damage_healed":22.0,"max_hp_gain":0.0,"max_hp_loss":0.0,"gold_gain":0.0,"event_name":"Big Fish","player_choice":"Banana","floor":13.0,"gold_loss":0.0,"damage_taken":0.0},{"damage_healed":0.0,"max_hp_gain":0.0,"max_hp_loss":0.0,"gold_gain":0.0,"cards_transformed":["Strike_B"],"event_name":"Transmorgrifier","player_choice":"Transformed","floor":22.0,"gold_loss":0.0,"damage_taken":0.0,"cards_obtained":["Coolheaded"]},{"damage_healed":0.0,"max_hp_gain":0.0,"max_hp_loss":0.0,"gold_gain":0.0,"event_name":"MindBloom","player_choice":"Fight","floor":38.0,"gold_loss":0.0,"damage_taken":0.0},{"damage_healed":0.0,"max_hp_gain":0.0,"max_hp_loss":0.0,"gold_gain":0.0,"event_name":"Mysterious Sphere","player_choice":"Fight","floor":48.0,"gold_loss":0.0,"damage_taken":0.0}],"is_beta":false,"boss_relics":[{"not_picked":["Pandora\u0027s Box","Empty Cage"],"picked":"Runic Pyramid"},{"not_picked":["Calling Bell","Black Star"],"picked":"Astrolabe"}],"items_purged_floors":[37],"is_endless":false,"potions_floor_spawned":[11,12,14,18,20,29,36,38,41,45,48],"ascension_level":11}}