{"host":"l5zfpd2l2htson6l","time":1612481908,"event":{"mods":["AchievementEnabler","BaseMod","Colored Map","Colored Powertips","Minty Spire (QoL Compilation)","Permanent Neow","Quick Restart","Rare Cards Sparkle","Relic Stats","SuperFastMode"],"gold_per_floor":[211,44,44,61,80,106,106,117,117,149,161,161,211,243,243,318,318,338,263,313,332,350,350,350],"floor_reached":23,"language":"ENG","playtime":752,"items_purged":[],"score":422,"play_id":"01dcebc9-8a2c-424f-9dd9-d435291427d3","local_time":"20210204153828","is_ascension_mode":true,"campfire_choices":[{"data":"Bash","floor":7.0,"key":"SMITH"},{"floor":12.0,"key":"REST"},{"data":"Fire Breathing","floor":15.0,"key":"SMITH"}],"circlet_count":0,"master_deck":["AscendersBane","Strike_R","Strike_R","Strike_R","Strike_R","Defend_R","Defend_R","Defend_R","Defend_R","Bash+1","Wild Strike","Whirlwind","Flame Barrier","Fire Breathing+1","Evolve","Spot Weakness","Ghostly Armor","Offering","Limit Break","Pummel","Shockwave"],"relics":["Burning Blood","Question Card","The Courier","Eternal Feather","Red Skull","Fusion Hammer"],"acts_visited":["Exordium","TheCity"],"potions_floor_usage":[23],"damage_taken":[{"damage":14.0,"enemies":"Jaw Worm","floor":1.0,"turns":4.0},{"damage":7.0,"enemies":"Cultist","floor":4.0,"turns":4.0},{"damage":1.0,"enemies":"Small Slimes","floor":5.0,"turns":3.0},{"damage":20.0,"enemies":"3 Sentries","floor":6.0,"turns":5.0},{"damage":21.0,"enemies":"Blue Slaver","floor":8.0,"turns":3.0},{"damage":32.0,"enemies":"Gremlin Nob","floor":10.0,"turns":4.0},{"damage":1.0,"enemies":"2 Fungi Beasts","floor":11.0,"turns":5.0},{"damage":20.0,"enemies":"3 Sentries","floor":14.0,"turns":5.0},{"damage":38.0,"enemies":"Hexaghost","floor":16.0,"turns":8.0},{"damage":59.0,"enemies":"Shell Parasite","floor":18.0,"turns":6.0},{"damage":11.0,"enemies":"2 Thieves","floor":21.0,"turns":3.0},{"damage":27,"enemies":"Snecko","floor":22,"turns":4},{"damage":17,"enemies":"Book of Stabbing","floor":23,"turns":1}],"seed_played":"8563204560716350070","potions_obtained":[{"floor":1.0,"key":"SneckoOil"},{"floor":4.0,"key":"PowerPotion"},{"floor":11.0,"key":"Strength Potion"},{"floor":18.0,"key":"FairyPotion"},{"floor":21.0,"key":"Ancient Potion"}],"is_trial":false,"path_per_floor":["M","$","?","M","M","E","R","M","T","E","M","R","?","E","R","B",null,"M","?","?","M","M","E"],"character_chosen":"IRONCLAD","items_purchased":["Whirlwind","Flame Barrier"],"campfire_rested":1,"item_purchase_floors":[2,2],"current_hp_per_floor":[60,60,65,64,69,55,55,40,40,14,19,52,44,30,39,7,62,9,9,9,30,9,0,0],"gold":350,"neow_bonus":"HUNDRED_GOLD","is_daily":false,"chose_seed":false,"campfire_upgraded":2,"win_rate":0.0,"timestamp":1612481908,"path_taken":["M","$","?","M","M","E","R","M","T","E","M","R","?","E","R","BOSS","M","?","?","M","?","E"],"items_purchased_type":["Card","Card"],"build_version":"2020-12-22","purchased_purges":0,"victory":false,"max_hp_per_floor":[75,75,80,80,80,80,80,80,80,80,80,80,80,80,80,80,80,80,80,80,80,80,80,80],"relic_stats":{"counters":[13,55],"Eternal Feather":18,"Question Card":8,"obtain_stats":[{"Eternal Feather":10,"The Courier":9,"Fusion Hammer":17,"Question Card":6,"Burning Blood":0,"Red Skull":14},{"Eternal Feather":6,"The Courier":5,"Fusion Hammer":9,"Question Card":4,"Burning Blood":0,"Red Skull":8},{"Eternal Feather":23,"The Courier":19,"Fusion Hammer":41,"Question Card":16,"Burning Blood":0,"Red Skull":33}],"Burning Blood":72},"card_choices":[{"not_picked":["Sword Boomerang","Rampage"],"picked":"Wild Strike","floor":1.0},{"not_picked":["Iron Wave","Clothesline"],"picked":"Fire Breathing","floor":4.0},{"not_picked":["Heavy Blade","Searing Blow"],"picked":"Evolve","floor":5.0},{"not_picked":["Clothesline","Sword Boomerang","Rupture"],"picked":"SKIP","floor":6.0},{"not_picked":["Anger","Flex","Body Slam"],"picked":"Spot Weakness","floor":8.0},{"not_picked":["Warcry","Cleave","Sentinel"],"picked":"Ghostly Armor","floor":10.0},{"not_picked":["Clash","Armaments","Sword Boomerang","Infernal Blade"],"picked":"SKIP","floor":11.0},{"not_picked":["Metallicize","Dropkick","Corruption"],"picked":"Offering","floor":14.0},{"not_picked":["Fiend Fire","Corruption","Exhume"],"picked":"Limit Break","floor":16.0},{"not_picked":["Sword Boomerang","Iron Wave","Searing Blow+1"],"picked":"Pummel","floor":18.0},{"not_picked":["Wild Strike","Seeing Red","Body Slam"],"picked":"Shockwave","floor":21.0},{"not_picked":["Havoc","Brutality","Wild Strike","Cleave"],"picked":"SKIP","floor":22}],"player_experience":895636,"relics_obtained":[{"floor":6.0,"key":"Question Card"},{"floor":9.0,"key":"The Courier"},{"floor":10.0,"key":"Eternal Feather"},{"floor":14.0,"key":"Red Skull"}],"event_choices":[{"damage_healed":0.0,"max_hp_gain":5.0,"max_hp_loss":0.0,"gold_gain":0.0,"event_name":"Big Fish","player_choice":"Donut","floor":3.0,"gold_loss":0.0,"damage_taken":0.0},{"damage_healed":0.0,"max_hp_gain":0.0,"max_hp_loss":0.0,"gold_gain":50.0,"event_name":"FaceTrader","player_choice":"Touch","floor":13.0,"gold_loss":0.0,"damage_taken":8.0},{"cards_removed":["Strike_R"],"damage_healed":0.0,"max_hp_gain":0.0,"max_hp_loss":0.0,"gold_gain":0.0,"event_name":"Beggar","player_choice":"Gave Gold","floor":19.0,"gold_loss":75.0,"damage_taken":0.0},{"damage_healed":0.0,"max_hp_gain":0.0,"max_hp_loss":0.0,"gold_gain":50.0,"event_name":"Golden Shrine","player_choice":"Pray","floor":20.0,"gold_loss":0.0,"damage_taken":0.0}],"is_beta":false,"boss_relics":[{"not_picked":["Empty Cage","Pandora\u0027s Box"],"picked":"Fusion Hammer"}],"items_purged_floors":[],"is_endless":false,"potions_floor_spawned":[1,4,6,11,18,21],"killed_by":"Book of Stabbing","ascension_level":20}}