{"host":"p0hktren06injwdf","time":1612398493,"event":{"mods":["AchievementEnabler","BaseMod","Colored Map","DeckTracker","Minty Spire (QoL Compilation)","Permanent Neow","StSLib","SuperFastMode"],"gold_per_floor":[111,111,111,121,121,121,138,138,138,163,176,141,13,27,27,106,106,120,140,159,159,74,74,74],"floor_reached":23,"language":"KOR","playtime":413,"items_purged":["Strike_B"],"score":382,"play_id":"39aca6b6-755c-454d-a6ce-822a38241f1d","local_time":"20210204092813","is_ascension_mode":true,"campfire_choices":[{"data":"Zap","floor":6,"key":"SMITH"},{"data":"Melter","floor":8,"key":"SMITH"},{"data":"Cold Snap","floor":15,"key":"SMITH"}],"circlet_count":0,"master_deck":["AscendersBane","Strike_B","Strike_B","Defend_B","Defend_B","Defend_B","Defend_B","Zap+1","Dualcast","Amplify","Melter+1","Seek","Cold Snap+1","Cold Snap","Hologram","FTL","Ghostly","Ghostly","Ghostly","Self Repair"],"relics":["Cracked Core","Bronze Scales","Dead Branch","WingedGreaves","Black Star"],"acts_visited":["Exordium","TheCity"],"potions_floor_usage":[],"damage_taken":[{"damage":0,"enemies":"2 Louse","floor":1,"turns":3},{"damage":7,"enemies":"Jaw Worm","floor":4,"turns":3},{"damage":10,"enemies":"Small Slimes","floor":7,"turns":3},{"damage":25,"enemies":"3 Sentries","floor":10,"turns":6},{"damage":1,"enemies":"3 Louse","floor":11,"turns":2},{"damage":4,"enemies":"Blue Slaver","floor":14,"turns":3},{"damage":9,"enemies":"Hexaghost","floor":16,"turns":9},{"damage":13,"enemies":"Chosen","floor":18,"turns":5},{"damage":16,"enemies":"3 Byrds","floor":19,"turns":3},{"damage":10,"enemies":"Centurion and Healer","floor":20,"turns":8},{"damage":23,"enemies":"Slavers","floor":23,"turns":4}],"seed_played":"487648198844270042","potions_obtained":[{"floor":1,"key":"PowerPotion"},{"floor":11,"key":"FocusPotion"}],"is_trial":false,"path_per_floor":["M","?","?","M","?","R","M","R","T","E","M","?","$","M","R","B",null,"M","M","M","?","$","E"],"character_chosen":"DEFECT","items_purchased":["Cold Snap","Self Repair"],"campfire_rested":0,"item_purchase_floors":[13,22],"current_hp_per_floor":[64,64,64,57,57,57,47,47,47,22,21,38,38,34,34,25,60,47,31,21,21,21,0,0],"gold":74,"neow_bonus":"RANDOM_COMMON_RELIC","is_daily":false,"chose_seed":false,"campfire_upgraded":3,"win_rate":0.0,"timestamp":1612398493,"path_taken":["M","?","?","M","?","R","M","R","T","E","M","?","$","M","R","BOSS","M","M","M","?","$","E"],"items_purchased_type":["Card","Card"],"build_version":"2020-12-22","purchased_purges":1,"victory":false,"max_hp_per_floor":[71,71,71,71,71,71,71,71,71,71,71,71,71,71,71,71,71,71,71,71,35,35,35,35],"card_choices":[{"not_picked":["Hello World","Sweeping Beam","Stack"],"picked":"SKIP","floor":1},{"not_picked":["Turbo","Force Field","Barrage"],"picked":"SKIP","floor":4},{"not_picked":["Rebound","Beam Cell","Melter"],"picked":"SKIP","floor":7},{"not_picked":["Rebound","Beam Cell"],"picked":"Melter","floor":7},{"not_picked":["Rebound","Compile Driver"],"picked":"Seek","floor":10},{"not_picked":["Rebound","Ball Lightning"],"picked":"Cold Snap","floor":11},{"not_picked":["Doom and Gloom","Streamline","Stack"],"picked":"SKIP","floor":14},{"not_picked":["Genetic Algorithm","Barrage","Lockon"],"picked":"SKIP","floor":18},{"not_picked":["Melter","Sunder"],"picked":"Hologram","floor":19},{"not_picked":["Coolheaded","Rebound"],"picked":"FTL","floor":20}],"player_experience":1007998,"relics_obtained":[{"floor":9,"key":"Dead Branch"},{"floor":10,"key":"WingedGreaves"}],"event_choices":[{"damage_healed":0,"gold_gain":0,"player_choice":"Ignored","damage_taken":0,"max_hp_gain":0,"max_hp_loss":0,"event_name":"Liars Game","floor":2,"gold_loss":0},{"damage_healed":0,"gold_gain":0,"cards_transformed":["Strike_B"],"player_choice":"Change","damage_taken":0,"max_hp_gain":0,"max_hp_loss":0,"event_name":"Living Wall","floor":3,"gold_loss":0,"cards_obtained":["Amplify"]},{"damage_healed":0,"gold_gain":0,"player_choice":"Ignored","damage_taken":0,"max_hp_gain":0,"max_hp_loss":0,"event_name":"Shining Light","floor":5,"gold_loss":0},{"damage_healed":17,"gold_gain":0,"player_choice":"Healed","damage_taken":0,"max_hp_gain":0,"max_hp_loss":0,"event_name":"The Cleric","floor":12,"gold_loss":35},{"damage_healed":0,"gold_gain":0,"player_choice":"Became a Ghost","damage_taken":0,"max_hp_gain":0,"max_hp_loss":36,"event_name":"Ghosts","floor":21,"gold_loss":0,"cards_obtained":["Ghostly","Ghostly","Ghostly"]}],"is_beta":false,"boss_relics":[{"not_picked":["Coffee Dripper","Tiny House"],"picked":"Black Star"}],"items_purged_floors":[13],"is_endless":false,"potions_floor_spawned":[1,11,14,19],"killed_by":"Slavers","ascension_level":20}}