{"host":"gzk4gkgy3zij1c51","time":1612400776,"event":{"mods":["BaseMod","Colored Map","Downfall","Highlight Path","Marked Mod","Minty Spire (QoL Compilation)","Relic Stats","StSLib","everything is the same but u backflip on backflip"],"gold_per_floor":[99,111,124,137,150,100,100,125,0,0,0,28,40,74,86,183,183,83,102,121,31,31,45,45,45,59,69,2,80,80,180,200,300,300,200,212,225,236,336,352,432,432,601,601,626,526,537,550,568,568,568,600,114,114,114,114],"floor_reached":57,"language":"ENG","playtime":5860,"items_purged":["Guardian:Strike_Guardian","Pain"],"score":3083,"play_id":"56970907-7b60-4410-b6c3-affa3a493e23","local_time":"20210204010616","is_ascension_mode":true,"campfire_choices":[{"data":"Guardian:TwinSlam","floor":1,"key":"SMITH"},{"data":"Guardian:SentryBeam","floor":10,"key":"SMITH"},{"data":"Guardian:StasisEngine","floor":18,"key":"SMITH"},{"floor":25,"key":"RECALL"},{"data":"Guardian:TimeCapacitor","floor":35,"key":"SMITH"},{"data":"Guardian:MultiBeam","floor":46,"key":"SMITH"},{"data":"Guardian:Repulse","floor":54,"key":"SMITH"}],"circlet_count":0,"master_deck":["AscendersBane","Guardian:Strike_Guardian","Guardian:Strike_Guardian","Guardian:Strike_Guardian","Guardian:Defend_Guardian","Guardian:Defend_Guardian","Guardian:Defend_Guardian","Guardian:Defend_Guardian","Guardian:CurlUp","Guardian:TwinSlam+1","Guardian:SpikerProtocol","Guardian:Recover+1","Guardian:Suspension","Guardian:FuturePlans","Guardian:PrismaticBarrier","Guardian:SentryBeam+1","Guardian:EvasiveProtocol","Guardian:MultiBeam+1","Guardian:RevengeProtocol","Guardian:PiercingHide+1","Guardian:DonusPower+1","Guardian:StasisEngine+1","Guardian:TemporalShield+1","Guardian:WalkerClaw+1","Guardian:FloatingOrbs","Guardian:StasisField+1","Guardian:CrystalBeam","Guardian:TimeCapacitor+1","Guardian:TemporalStrike","Guardian:ChargeUp+1","Guardian:Preprogram+1","Guardian:FastForward+1","Guardian:ShieldCharger+1","Guardian:FloatingOrbs+1","Blind+1","Panacea+1","Guardian:TimeBomb+1","Guardian:Repulse+1"],"relics":["Guardian:ModeShifterPlus","bronze:DecasWashers","Dead Branch","Guardian:SackOfGems","Toxic Egg 2","downfall:HeartBlessingGreen","Torii","champ:DeflectingBracers","Meat on the Bone","Mango","Mummified Hand","Cursed Key","downfall:HeartBlessingRed","Letter Opener","downfall:HeartBlessingBlue","War Paint","Guardian:StasisUpgradeRelic","hexamod:BolsterEngine"],"acts_visited":["Exordium","TheCity","TheBeyond","TheEnding"],"potions_floor_usage":[5,6,14,15,16,28,31,56,56],"damage_taken":[{"damage":1,"enemies":"Cultist","floor":2,"turns":4},{"damage":2,"enemies":"Jaw Worm","floor":3,"turns":5},{"damage":0,"enemies":"2 Louse","floor":4,"turns":4},{"damage":5,"enemies":"2 Fungi Beasts","floor":5,"turns":6},{"damage":0,"enemies":"downfall:FleeingMerchant","floor":6,"turns":4},{"damage":50,"enemies":"Gremlin Nob","floor":8,"turns":6},{"damage":0,"enemies":"downfall:FleeingMerchant","floor":9,"turns":4},{"damage":0,"enemies":"downfall:FleeingMerchant","floor":11,"turns":4},{"damage":5,"enemies":"3 Sentries","floor":12,"turns":5},{"damage":0,"enemies":"Large Slime","floor":13,"turns":2},{"damage":8,"enemies":"Gremlin Nob","floor":14,"turns":4},{"damage":0,"enemies":"Lots of Slimes","floor":15,"turns":4},{"damage":0,"enemies":"DF_ARCHETYPE_STREAMLINE","floor":16,"turns":8},{"damage":0,"enemies":"3 Byrds","floor":19,"turns":3},{"damage":0,"enemies":"Chosen","floor":20,"turns":6},{"damage":0,"enemies":"downfall:FleeingMerchant","floor":21,"turns":4},{"damage":9,"enemies":"Snecko","floor":23,"turns":2},{"damage":0,"enemies":"Centurion and Healer","floor":26,"turns":3},{"damage":2,"enemies":"3 Cultists","floor":27,"turns":5},{"damage":2,"enemies":"downfall:FleeingMerchant","floor":28,"turns":4},{"damage":4,"enemies":"Colosseum Nobs","floor":31,"turns":3},{"damage":2,"enemies":"Shelled Parasite and Fungi","floor":32,"turns":3},{"damage":21,"enemies":"IC_MUSHROOM_ARCHETYPE","floor":33,"turns":4},{"damage":3,"enemies":"3 Darklings","floor":36,"turns":3},{"damage":1,"enemies":"Orb Walker","floor":37,"turns":3},{"damage":6,"enemies":"3 Darklings","floor":38,"turns":5},{"damage":9,"enemies":"4 Shapes","floor":40,"turns":4},{"damage":6,"enemies":"downfall:FleeingMerchant","floor":43,"turns":3},{"damage":0,"enemies":"Reptomancer","floor":45,"turns":4},{"damage":0,"enemies":"Maw","floor":47,"turns":4},{"damage":0,"enemies":"Sphere and 2 Shapes","floor":48,"turns":4},{"damage":0,"enemies":"Transient","floor":49,"turns":5},{"damage":63,"enemies":"SI_POISON_ARCHETYPE","floor":50,"turns":5},{"damage":0,"enemies":"downfall:CharBossMerchant","floor":52,"turns":5},{"damage":0,"enemies":"downfall:NeowBoss","floor":55,"turns":8},{"damage":70,"enemies":"downfall:NeowBossFinal","floor":56,"turns":7}],"seed_played":"-3428788426461166226","potions_obtained":[{"floor":2,"key":"SkillPotion"},{"floor":3,"key":"SkillPotion"},{"floor":12,"key":"GamblersBrew"},{"floor":13,"key":"Guardian:DefensiveModePotion"},{"floor":14,"key":"Energy Potion"},{"floor":15,"key":"LiquidBronze"},{"floor":19,"key":"DuplicationPotion"},{"floor":20,"key":"FearPotion"},{"floor":31,"key":"Strength Potion"},{"floor":37,"key":"Fire Potion"},{"floor":45,"key":"Dexterity Potion"}],"is_trial":false,"path_per_floor":["R","M","M","M","M","$","T","E","$","R","$","E","M","E","M","B",null,"R","M","M","$","?","M","T","R","M","M","$","T","?","?","M","B",null,"R","M","M","M","?","M","T","?","$","?","E","R","M","M","M","B",null,"E","$","R","B","B",null],"character_chosen":"GUARDIAN","items_purchased":["Guardian:Gem_Yellow","Guardian:SentryBeam","Guardian:EvasiveProtocol","Guardian:TemporalStrike","Blind+1","Guardian:StasisUpgradeRelic","hexamod:BolsterEngine","Panacea+1","Guardian:TimeBomb+1","Guardian:Repulse"],"campfire_rested":0,"item_purchase_floors":[6,9,9,28,43,53,53,53,53,53],"current_hp_per_floor":[80,79,77,77,72,72,72,22,22,22,22,17,17,9,9,9,68,68,68,68,68,68,59,59,59,59,57,55,55,55,65,63,54,90,90,87,86,80,80,71,71,71,65,65,65,75,75,75,75,24,90,90,90,90,90,32],"gold":114,"neow_bonus":"TEN_PERCENT_HP_BONUS","is_daily":false,"chose_seed":false,"campfire_upgraded":6,"win_rate":0.0,"timestamp":1612400776,"path_taken":["R","M","M","?","M","?","T","E","?","R","$","E","M","E","M","BOSS","R","M","M","$","?","M","T","R","M","M","?","?","?","?","M","BOSS","R","M","M","M","?","?","T","?","$","?","E","R","M","?","M","BOSS","E","$","R","BOSS","BOSS"],"items_purchased_type":["Card","Card","Card","Card","Card","Relic","Relic","Card","Card","Card"],"build_version":"2020-12-22","purchased_purges":2,"victory":true,"max_hp_per_floor":[88,88,88,88,88,88,88,88,88,88,88,88,88,88,88,88,88,88,88,88,88,88,88,88,88,88,88,88,88,88,102,102,102,102,102,102,102,102,102,102,102,102,102,102,102,112,112,112,112,112,112,112,112,112,112,112],"relic_stats":{"Torii":6,"counters":[36,157],"Mummified Hand":[158],"Dead Branch":[354],"Letter Opener":[195],"War Paint":["Guardian:Recover","Guardian:PiercingHide"],"Cursed Key":1,"obtain_stats":[{"Guardian:ModeShifterPlus":17,"Torii":22,"downfall:HeartBlessingRed":35,"bronze:DecasWashers":7,"Dead Branch":8,"Guardian:ModeShifter":0,"Guardian:SackOfGems":12,"downfall:HeartBlessingGreen":18,"Mango":31,"champ:DeflectingBracers":24,"Letter Opener":45,"War Paint":52,"Cursed Key":34,"Guardian:StasisUpgradeRelic":53,"Mummified Hand":31,"downfall:HeartBlessingBlue":46,"Toxic Egg 2":14,"hexamod:BolsterEngine":53,"Meat on the Bone":29},{"Guardian:ModeShifterPlus":13,"Torii":16,"downfall:HeartBlessingRed":23,"bronze:DecasWashers":5,"Dead Branch":6,"Guardian:ModeShifter":0,"Guardian:SackOfGems":9,"downfall:HeartBlessingGreen":13,"Mango":21,"champ:DeflectingBracers":17,"Letter Opener":29,"War Paint":34,"Cursed Key":23,"Guardian:StasisUpgradeRelic":34,"Mummified Hand":21,"downfall:HeartBlessingBlue":29,"Toxic Egg 2":11,"hexamod:BolsterEngine":34,"Meat on the Bone":20},{"Guardian:ModeShifterPlus":60,"Torii":73,"downfall:HeartBlessingRed":97,"bronze:DecasWashers":23,"Dead Branch":29,"Guardian:ModeShifter":0,"Guardian:SackOfGems":42,"downfall:HeartBlessingGreen":60,"Mango":90,"champ:DeflectingBracers":75,"Letter Opener":119,"War Paint":142,"Cursed Key":97,"Guardian:StasisUpgradeRelic":142,"Mummified Hand":90,"downfall:HeartBlessingBlue":119,"Toxic Egg 2":48,"hexamod:BolsterEngine":142,"Meat on the Bone":87}],"Meat on the Bone":36},"card_choices":[{"not_picked":["Guardian:Repulse","Guardian:Suspension"],"picked":"Guardian:SpikerProtocol","floor":2},{"not_picked":["Guardian:RollAttack","Guardian:Gem_Green"],"picked":"Guardian:Recover","floor":3},{"not_picked":["Guardian:Gem_Green","Guardian:CrystalBeam"],"picked":"Guardian:Suspension","floor":4},{"not_picked":["Guardian:TemporalShield","Guardian:Emergency","Guardian:Recover"],"picked":"SKIP","floor":5},{"not_picked":["Guardian:GuardianWhirl","Guardian:ChargeCore"],"picked":"Guardian:FuturePlans","floor":6},{"not_picked":["Guardian:HyperBeam_Guardian","Guardian:ChargeCore"],"picked":"Guardian:Gem_Cyan","floor":8},{"not_picked":["Guardian:ChargeCore","Guardian:TimeBomb"],"picked":"Guardian:PrismaticBarrier","floor":9},{"not_picked":["Guardian:BronzeArmor","Guardian:Gem_White"],"picked":"Guardian:MultiBeam","floor":11},{"not_picked":["Guardian:WalkerClaw","Guardian:Reroute"],"picked":"Guardian:RevengeProtocol","floor":12},{"not_picked":["Guardian:RollAttack","Guardian:Incinerate"],"picked":"Guardian:PiercingHide","floor":13},{"not_picked":["Guardian:Recover+1","Guardian:VentSteam+1","Guardian:BaubleBeam"],"picked":"SKIP","floor":14},{"not_picked":["Guardian:CrystalBeam","Guardian:PolyBeam"],"picked":"Guardian:DonusPower+1","floor":15},{"not_picked":["Guardian:AncientConstruct","Guardian:ConstructionForm"],"picked":"Guardian:StasisEngine","floor":16},{"not_picked":["Guardian:EvasiveProtocol","Guardian:Incinerate"],"picked":"Guardian:TemporalShield+1","floor":19},{"not_picked":["Guardian:PiercingHide+1","Guardian:FuturePlans"],"picked":"Guardian:WalkerClaw+1","floor":20},{"not_picked":["Guardian:GemFire","Guardian:PiercingHide+1"],"picked":"Guardian:Gem_Lightblue","floor":21},{"not_picked":["Guardian:ArmoredProtocol","Guardian:TemporalShield+1"],"picked":"Guardian:FloatingOrbs","floor":23},{"not_picked":["Guardian:Reroute","Guardian:Recover+1"],"picked":"Guardian:StasisField+1","floor":26},{"not_picked":["Guardian:Gem_Cyan","Guardian:FloatingOrbs"],"picked":"Guardian:CrystalBeam","floor":27},{"not_picked":["Guardian:Recover+1","Guardian:Gem_Red"],"picked":"Guardian:TimeCapacitor","floor":28},{"not_picked":["Guardian:Suspension+1","Guardian:ChargeCore"],"picked":"Guardian:ChargeUp+1","floor":31},{"not_picked":["Guardian:BodySlam","Guardian:ChargeCore"],"picked":"Guardian:Preprogram+1","floor":32},{"not_picked":["Guardian:RevengeProtocol","Guardian:GemFinder"],"picked":"Guardian:FastForward+1","floor":33},{"not_picked":["Guardian:VentSteam+1","Guardian:Gem_Yellow"],"picked":"Guardian:ShieldCharger+1","floor":36},{"not_picked":["Guardian:Clone+1","Guardian:Incinerate"],"picked":"Guardian:Gem_Blue","floor":37},{"not_picked":["Guardian:Gem_Cyan","Guardian:Recover+1"],"picked":"Guardian:FloatingOrbs+1","floor":38},{"not_picked":["Guardian:PiercingHide+1","Guardian:FuturePlans+1","Guardian:PrismaticBeam"],"picked":"SKIP","floor":40},{"not_picked":["Guardian:MultiBeam+1","Guardian:VentSteam+1","Guardian:RevengeProtocol"],"picked":"SKIP","floor":43},{"not_picked":["Guardian:SentryBeam+1","Guardian:TemporalShield+1","Guardian:CrystalBeam+1"],"picked":"SKIP","floor":45},{"not_picked":["Guardian:PiercingHide+1","Guardian:Gem_Red"],"picked":"Guardian:Gem_Fragmented","floor":47},{"not_picked":["Guardian:Gem_Green","Guardian:BodySlam","Guardian:Emergency+1"],"picked":"SKIP","floor":48},{"not_picked":["Guardian:WalkerClaw","Guardian:PolyBeam","Guardian:BronzeOrb"],"picked":"SKIP","floor":49},{"not_picked":["Guardian:PiercingHide+1","Guardian:FloatingOrbs","Guardian:CrystalBeam+1"],"picked":"SKIP","floor":52}],"player_experience":1131860,"relics_obtained":[{"floor":7,"key":"bronze:DecasWashers"},{"floor":8,"key":"Dead Branch"},{"floor":12,"key":"Guardian:SackOfGems"},{"floor":14,"key":"Toxic Egg 2"},{"floor":24,"key":"champ:DeflectingBracers"},{"floor":29,"key":"Meat on the Bone"},{"floor":31,"key":"Mango"},{"floor":31,"key":"Mummified Hand"},{"floor":45,"key":"Letter Opener"},{"floor":52,"key":"War Paint"}],"event_choices":[],"is_beta":false,"boss_relics":[{"not_picked":["Pandora\u0027s Box","Coffee Dripper"],"picked":"Guardian:ModeShifterPlus"},{"not_picked":["Astrolabe","SacredBark"],"picked":"Cursed Key"}],"items_purged_floors":[21,43],"is_endless":false,"potions_floor_spawned":[2,3,12,13,14,15,19,20,26,31,37,38,45,48],"ascension_level":12}}