{"host":"og2dufvjgkards7m","time":1612472495,"event":{"mods":["AchievementEnabler","BaseMod","Better Match","Better Note","Better Sensory Stone","Block Reminder","Colored Map","Colored Powertips","DeckTracker","Highlight Path","Minty Spire (QoL Compilation)","Rare Cards Sparkle","Relic Sorter","StSLib","SuperFastMode"],"gold_per_floor":[116,135,150,150,220,253,253,288,288,63,92,92,102,130,130,226,226,236,236,236,251,264,264,229,229,229,229,48,48,48,76,76,177,177,189,200,200,200,215,215,248,248,248,14,14,33,33,46,46,46,46,46,46,77,77,77],"floor_reached":55,"language":"SPA","playtime":3789,"items_purged":["Strike_B"],"score":810,"play_id":"ba1b037b-1669-4ed0-b64e-e4357b172825","local_time":"20210204130135","is_ascension_mode":true,"campfire_choices":[{"data":"Storm","floor":7.0,"key":"SMITH"},{"floor":12.0,"key":"REST"},{"data":"Storm","floor":15.0,"key":"SMITH"},{"data":"Loop","floor":23.0,"key":"SMITH"},{"floor":25.0,"key":"RECALL"},{"data":"White Noise","floor":30.0,"key":"SMITH"},{"data":"Brutality","floor":32.0,"key":"SMITH"},{"data":"Havoc","floor":40.0,"key":"SMITH"},{"data":"Capacitor","floor":42.0,"key":"SMITH"},{"data":"A Thousand Cuts","floor":47.0,"key":"SMITH"},{"data":"Discovery","floor":49.0,"key":"SMITH"},{"data":"Static Discharge","floor":52.0,"key":"SMITH"}],"circlet_count":0,"master_deck":["Zap","Dualcast+1","White Noise+1","Loop+1","Storm+1","Storm+1","Discovery+1","Havoc+1","Brutality+1","Capacitor+1","Cold Snap","Beam Cell","Recycle","Aggregate","Loop","Prepared+1","Self Repair","Static Discharge+1","A Thousand Cuts+1","Finesse+1","Metallicize","Finesse+1","Loop","Creative AI"],"relics":["Cracked Core","FossilizedHelix","Anchor","Letter Opener","Bottled Tornado","PrismaticShard","Gambling Chip","Odd Mushroom","Pandora\u0027s Box","Pantograph","Lee\u0027s Waffle","Bottled Lightning","Bronze Scales","Philosopher\u0027s Stone","Incense Burner","Symbiotic Virus","DataDisk","War Paint","Toy Ornithopter"],"acts_visited":["Exordium","TheCity","TheBeyond","TheEnding"],"potions_floor_usage":[55,55],"damage_taken":[{"damage":0.0,"enemies":"2 Louse","floor":1.0,"turns":2.0},{"damage":0.0,"enemies":"Jaw Worm","floor":2.0,"turns":2.0},{"damage":0.0,"enemies":"Cultist","floor":3.0,"turns":4.0},{"damage":13.0,"enemies":"Lagavulin","floor":6.0,"turns":6.0},{"damage":27.0,"enemies":"Gremlin Nob","floor":8.0,"turns":5.0},{"damage":0.0,"enemies":"3 Sentries","floor":11.0,"turns":3.0},{"damage":0.0,"enemies":"2 Fungi Beasts","floor":13.0,"turns":2.0},{"damage":9.0,"enemies":"The Mushroom Lair","floor":14.0,"turns":3.0},{"damage":28.0,"enemies":"The Guardian","floor":16.0,"turns":8.0},{"damage":24.0,"enemies":"2 Thieves","floor":18.0,"turns":3.0},{"damage":0.0,"enemies":"Spheric Guardian","floor":21.0,"turns":2.0},{"damage":5.0,"enemies":"Snecko","floor":22.0,"turns":4.0},{"damage":20.0,"enemies":"Gremlin Leader","floor":31.0,"turns":3.0},{"damage":20.0,"enemies":"Collector","floor":33.0,"turns":4.0},{"damage":1.0,"enemies":"Orb Walker","floor":35.0,"turns":2.0},{"damage":1.0,"enemies":"3 Shapes","floor":36.0,"turns":2.0},{"damage":2.0,"enemies":"Maw","floor":39.0,"turns":4.0},{"damage":13.0,"enemies":"Giant Head","floor":41.0,"turns":5.0},{"damage":15.0,"enemies":"Sphere and 2 Shapes","floor":46.0,"turns":2.0},{"damage":1.0,"enemies":"Spire Growth","floor":48.0,"turns":2.0},{"damage":84.0,"enemies":"Time Eater","floor":50.0,"turns":7.0},{"damage":68.0,"enemies":"Shield and Spear","floor":54.0,"turns":4.0},{"damage":61,"enemies":"The Heart","floor":55,"turns":5}],"seed_played":"6886088717662319004","potions_obtained":[{"floor":1.0,"key":"Energy Potion"},{"floor":3.0,"key":"Energy Potion"},{"floor":8.0,"key":"FocusPotion"},{"floor":11.0,"key":"FocusPotion"},{"floor":16.0,"key":"Fruit Juice"},{"floor":18.0,"key":"AttackPotion"},{"floor":31.0,"key":"SpeedPotion"},{"floor":33.0,"key":"Fire Potion"},{"floor":35.0,"key":"PotionOfCapacity"},{"floor":46.0,"key":"BlessingOfTheForge"}],"is_trial":false,"path_per_floor":["M","M","M","?","T","E","R","E","T","$","E","R","M","?","R","B",null,"M","?","?","M","M","R","$","R","T","?","$","T","R","E","R","B",null,"M","M","?","?","M","R","E","R","T","$","?","M","R","M","R","B",null,"R","$","E","B"],"character_chosen":"DEFECT","items_purchased":["PrismaticShard","Self Repair","Static Discharge","Lee\u0027s Waffle","DataDisk","Finesse"],"campfire_rested":1,"item_purchase_floors":[10,24,28,28,44,44],"current_hp_per_floor":[68,68,68,68,68,55,55,28,28,28,28,48,48,39,39,16,73,49,36,36,36,31,31,31,31,31,31,85,85,85,72,72,72,85,85,84,84,84,85,85,79,79,79,79,79,64,64,70,70,8,85,85,85,24,0,0],"gold":77,"neow_bonus":"ONE_RARE_RELIC","is_daily":false,"chose_seed":false,"campfire_upgraded":10,"win_rate":0.0,"timestamp":1612472495,"path_taken":["M","M","M","?","?","E","R","E","T","$","E","R","M","?","R","BOSS","M","?","?","?","M","R","$","R","T","?","$","?","R","E","R","BOSS","M","M","?","?","M","R","E","R","T","$","?","?","R","M","R","BOSS","R","$","E","BOSS"],"items_purchased_type":["Relic","Card","Card","Relic","Relic","Card"],"build_version":"2020-12-22","purchased_purges":1,"victory":false,"max_hp_per_floor":[68,68,68,68,68,68,68,68,68,68,68,68,68,68,68,73,73,73,78,78,78,78,78,78,78,78,78,85,85,85,85,85,85,85,85,85,85,85,85,85,85,85,85,85,85,85,85,85,85,85,85,85,85,85,85,85],"card_choices":[{"not_picked":["Loop","Force Field"],"picked":"White Noise","floor":1.0},{"not_picked":["Barrage","Blizzard"],"picked":"Loop","floor":2.0},{"not_picked":["Leap","Turbo"],"picked":"Storm","floor":3.0},{"not_picked":["Glacier","Sunder"],"picked":"Storm","floor":6.0},{"not_picked":["Beam Cell","Ball Lightning","Conserve Battery"],"picked":"SKIP","floor":8.0},{"not_picked":["DeceiveReality","FollowUp"],"picked":"Discovery","floor":11.0},{"not_picked":["Blur","Pommel Strike"],"picked":"Havoc","floor":13.0},{"not_picked":["Hyperbeam","Demon Form"],"picked":"Brutality","floor":16.0},{"not_picked":["Crippling Poison","Twin Strike","Anger"],"picked":"SKIP","floor":18.0},{"not_picked":["Wild Strike","Cloak And Dagger"],"picked":"Prepared+1","floor":21.0},{"not_picked":["Streamline","WaveOfTheHand","EmptyBody+1"],"picked":"SKIP","floor":22.0},{"not_picked":["FollowUp","Deadly Poison","Grand Finale"],"picked":"SKIP","floor":31.0},{"not_picked":["Apotheosis","Biased Cognition"],"picked":"A Thousand Cuts","floor":33.0},{"not_picked":["Prostrate+1","Combust+1","PathToVictory"],"picked":"SKIP","floor":35.0},{"not_picked":["Outmaneuver+1","Blur+1"],"picked":"Finesse+1","floor":36.0},{"not_picked":["Heavy Blade","Reckless Charge+1","Predator+1"],"picked":"SKIP","floor":39.0},{"not_picked":["Melter+1","Wild Strike+1","Blade Dance+1"],"picked":"SKIP","floor":41.0},{"not_picked":["Power Through+1","Conclude"],"picked":"Loop","floor":46.0},{"not_picked":["LikeWater","Trip+1","Crescendo"],"picked":"SKIP","floor":48.0},{"not_picked":["Stack","Loop"],"picked":"Creative AI","floor":54.0}],"player_experience":164829,"relics_obtained":[{"floor":6.0,"key":"Anchor"},{"floor":8.0,"key":"Letter Opener"},{"floor":9.0,"key":"Bottled Tornado"},{"floor":11.0,"key":"Gambling Chip"},{"floor":14.0,"key":"Odd Mushroom"},{"floor":26.0,"key":"Pantograph"},{"floor":29.0,"key":"Bottled Lightning"},{"floor":31.0,"key":"Bronze Scales"},{"floor":41.0,"key":"Incense Burner"},{"floor":43.0,"key":"Symbiotic Virus"},{"floor":45.0,"key":"War Paint"},{"floor":54.0,"key":"Toy Ornithopter"}],"event_choices":[{"cards_removed":["Strike_B"],"damage_healed":0.0,"max_hp_gain":0.0,"max_hp_loss":0.0,"gold_gain":0.0,"event_name":"Living Wall","player_choice":"Forget","floor":4.0,"gold_loss":0.0,"damage_taken":0.0},{"damage_healed":0.0,"max_hp_gain":0.0,"max_hp_loss":0.0,"gold_gain":0.0,"event_name":"Mushrooms","player_choice":"Fought Mushrooms","floor":14.0,"gold_loss":0.0,"damage_taken":0.0},{"damage_healed":0.0,"max_hp_gain":5.0,"max_hp_loss":0.0,"gold_gain":0.0,"event_name":"Forgotten Altar","player_choice":"Shed Blood","floor":19.0,"gold_loss":0.0,"damage_taken":18.0},{"damage_healed":0.0,"max_hp_gain":0.0,"max_hp_loss":0.0,"gold_gain":0.0,"cards_transformed":["Compile Driver"],"event_name":"Transmorgrifier","player_choice":"Transformed","floor":20.0,"gold_loss":0.0,"damage_taken":0.0,"cards_obtained":["Loop"]},{"damage_healed":0.0,"max_hp_gain":0.0,"max_hp_loss":0.0,"gold_gain":0.0,"event_name":"Ghosts","player_choice":"Ignored","floor":27.0,"gold_loss":0.0,"damage_taken":0.0},{"damage_healed":0.0,"max_hp_gain":0.0,"max_hp_loss":0.0,"gold_gain":3.0,"event_name":"betterStone:BetterStone","player_choice":"4","floor":37.0,"gold_loss":0.0,"damage_taken":0.0,"cards_obtained":["Metallicize"]},{"damage_healed":0.0,"max_hp_gain":0.0,"max_hp_loss":0.0,"gold_gain":0.0,"event_name":"Tomb of Lord Red Mask","player_choice":"Ignored","floor":38.0,"gold_loss":0.0,"damage_taken":0.0},{"damage_healed":0.0,"max_hp_gain":0.0,"max_hp_loss":0.0,"gold_gain":0.0,"event_name":"Wheel of Change","player_choice":"Relic","floor":45.0,"gold_loss":0.0,"damage_taken":0.0}],"is_beta":false,"boss_relics":[{"not_picked":["FrozenCore","Cursed Key"],"picked":"Pandora\u0027s Box"},{"not_picked":["Snecko Eye","Black Star"],"picked":"Philosopher\u0027s Stone"}],"items_purged_floors":[10],"is_endless":false,"potions_floor_spawned":[1,3,8,11,16,18,31,33,35,39,46],"killed_by":"The Heart","ascension_level":3}}