{"host":"j7ar7kkzojniygbp","time":1612476742,"event":{"mods":["AchievementEnabler","Aspiration","BaseMod","Colored Map","Conjunction","Conspire","Downfall","Halation","Hermit","Hubris","Infinite Spire","Minty Spire (QoL Compilation)","Replay The Spire","Shop Mod","StSLib","The Blue Laboratory","The Cursed","The Necromancer"],"gold_per_floor":[11,11,34,34,44,76,76,108,131,157,176,195,215,235,235,332,332,347,347,347],"floor_reached":19,"language":"ENG","playtime":2722,"items_purged":[],"score":214,"play_id":"87016362-de95-403e-81f8-f6dee096b4db","local_time":"20210204231222","is_ascension_mode":false,"campfire_choices":[{"data":"Replay:DivineShield","floor":7,"key":"SMITH"}],"circlet_count":0,"master_deck":["Strike_P+1","Strike_P+1","Defend_P","Defend_P","Defend_P","Eruption","Vigilance","Replay:DivineShield+1","Masterful Stab","Dodge and Roll","hubris:Counter","FlurryOfBlows","Worship","FlurryOfBlows+1","Replay:Vibes","FearNoEvil","SandsOfTime","DevaForm","Brilliance"],"relics":["PureWater","Whetstone","Replay:WaspNest","InkBottle","Centennial Puzzle","Pen Nib","halation:Prosthetics"],"acts_visited":["Exordium","TheCity"],"potions_floor_usage":[12,16,18,18],"damage_taken":[{"damage":4,"enemies":"Jaw Worm","floor":1,"turns":4},{"damage":4,"enemies":"conspire:RoseBush","floor":5,"turns":2},{"damage":15,"enemies":"3 Sentries","floor":6,"turns":7},{"damage":0,"enemies":"Gremlin Nob","floor":8,"turns":3},{"damage":18,"enemies":"Lagavulin","floor":10,"turns":4},{"damage":0,"enemies":"Cultist","floor":11,"turns":2},{"damage":1,"enemies":"Lots of Slimes","floor":12,"turns":2},{"damage":7,"enemies":"Exordium Thugs","floor":13,"turns":3},{"damage":5,"enemies":"Looter","floor":14,"turns":2},{"damage":5,"enemies":"Fading Forest","floor":16,"turns":11},{"damage":47,"enemies":"2 Thieves","floor":18,"turns":3},{"damage":7,"enemies":"conspire:FuzzyDice","floor":19,"turns":1}],"seed_played":"-1577658484836214727","potions_obtained":[{"floor":1,"key":"BottledMiracle"},{"floor":8,"key":"hexamod:SoulburnPotion"},{"floor":13,"key":"Swift Potion"},{"floor":14,"key":"hexamod:SoulburnPotion"}],"is_trial":false,"path_per_floor":["M","?","T","?","M","E","R","E","T","E","M","M","M","M","R_BF","B",null,"M","M"],"character_chosen":"WATCHER","items_purchased":[],"campfire_rested":0,"item_purchase_floors":[],"current_hp_per_floor":[82,82,82,82,78,63,63,63,63,45,45,44,37,32,57,52,51,4,0,0],"gold":347,"neow_bonus":"TWENTY_PERCENT_HP_BONUS","is_daily":false,"chose_seed":false,"campfire_upgraded":1,"win_rate":0.0,"timestamp":1612476742,"path_taken":["M","?","?","?","?","E","R","E","T","E","M","M","M","M","R_BF","BOSS","M","?"],"items_purchased_type":[],"build_version":"2020-12-22","purchased_purges":0,"victory":false,"max_hp_per_floor":[86,86,86,86,86,86,86,86,86,86,86,86,86,86,86,86,51,51,51,51],"card_choices":[{"not_picked":["Protect","CutThroughFate"],"picked":"Replay:DivineShield","floor":1},{"not_picked":["Halt","Weave"],"picked":"FlurryOfBlows","floor":5},{"not_picked":["Weave","Tantrum"],"picked":"Worship","floor":6},{"not_picked":["EmptyMind","Replay:Anticipation"],"picked":"FlurryOfBlows","floor":8},{"not_picked":["EmptyBody","Scrawl"],"picked":"Replay:Vibes","floor":10},{"not_picked":["WaveOfTheHand","FollowUp","BowlingBash"],"picked":"SKIP","floor":11},{"not_picked":["PathToVictory","InnerPeace"],"picked":"FearNoEvil","floor":12},{"not_picked":["ThirdEye","CutThroughFate"],"picked":"SandsOfTime","floor":13},{"not_picked":["EmptyMind","BowlingBash"],"picked":"DevaForm","floor":14},{"not_picked":["Establishment","LessonLearned"],"picked":"Brilliance","floor":16},{"not_picked":["CrushJoints","Replay:ManipulateFuture","BowlingBash"],"picked":"SKIP","floor":18}],"player_experience":21376,"relics_obtained":[{"floor":3,"key":"Whetstone"},{"floor":6,"key":"Replay:WaspNest"},{"floor":8,"key":"InkBottle"},{"floor":9,"key":"Centennial Puzzle"},{"floor":10,"key":"Pen Nib"}],"event_choices":[{"damage_healed":0,"gold_gain":0,"player_choice":"Leave","damage_taken":0,"max_hp_gain":0,"max_hp_loss":0,"event_name":"conspire:Investor","floor":2,"gold_loss":0}],"is_beta":false,"boss_relics":[{"not_picked":["halation:MonkeysPaw","hubris:CrackedHourglass"],"picked":"halation:Prosthetics"}],"items_purged_floors":[],"is_endless":false,"potions_floor_spawned":[1,8,13,14],"killed_by":"conspire:FuzzyDice","ascension_level":0}}