{"host":"fxrgx7wt2cpkbhka","time":1612418353,"event":{"mods":["AchievementEnabler","BaseMod","Colored Powertips","Minty Spire (QoL Compilation)","Permanent Neow","Quick Restart","Slay-I","StSLib","Waifu the Spire"],"gold_per_floor":[114,32,43,118,118,118,146,156,156,173,173,173,185,198,198,274,274,284,304,49,59,59,59],"floor_reached":22,"language":"ENG","playtime":671,"items_purged":[],"score":351,"play_id":"8a355f1f-2c7b-467e-9b05-2b1551b2bfd7","local_time":"20210203215913","is_ascension_mode":true,"campfire_choices":[{"data":"Flash of Steel","floor":6,"key":"SMITH"},{"data":"Inflame","floor":15,"key":"SMITH"}],"circlet_count":0,"master_deck":["AscendersBane","Strike_R","Strike_R","Strike_R","Strike_R+1","Defend_R","Defend_R+1","Defend_R","Defend_R+1","Bash","Cleave","Flash of Steel+1","Evolve+1","Clash","Flex","Inflame+1","Feed","Flex","Clash"],"relics":["Burning Blood","NeowsBlessing","Matryoshka","War Paint","Lizard Tail","Black Star","Ornamental Fan"],"acts_visited":["Exordium","TheCity"],"potions_floor_usage":[16,21,21],"damage_taken":[{"damage":0,"enemies":"2 Louse","floor":1,"turns":1},{"damage":0,"enemies":"Cultist","floor":3,"turns":1},{"damage":0,"enemies":"3 Sentries","floor":7,"turns":1},{"damage":0,"enemies":"Small Slimes","floor":8,"turns":2},{"damage":3,"enemies":"2 Fungi Beasts","floor":10,"turns":4},{"damage":10,"enemies":"Lots of Slimes","floor":13,"turns":3},{"damage":5,"enemies":"Gremlin Gang","floor":14,"turns":4},{"damage":15,"enemies":"Slime Boss","floor":16,"turns":9},{"damage":24,"enemies":"Spheric Guardian","floor":18,"turns":4},{"damage":45,"enemies":"Shell Parasite","floor":19,"turns":7},{"damage":24,"enemies":"3 Cultists","floor":21,"turns":6},{"damage":89,"enemies":"Snecko","floor":22,"turns":7}],"seed_played":"8334072818583103516","potions_obtained":[{"floor":1,"key":"BloodPotion"},{"floor":5,"key":"Fire Potion"},{"floor":16,"key":"Explosive Potion"}],"is_trial":false,"path_per_floor":["M","$","M","?","?","R","E","M","T","M","?","?","M","M","R","B",null,"M","M","$","M","M"],"character_chosen":"IRONCLAD","items_purchased":["Flash of Steel","Ornamental Fan"],"campfire_rested":0,"item_purchase_floors":[2,20],"current_hp_per_floor":[78,78,80,69,69,69,75,80,80,80,64,64,60,61,61,52,73,58,19,19,17,0,0],"gold":59,"neow_bonus":"THREE_ENEMY_KILL","is_daily":false,"chose_seed":false,"campfire_upgraded":2,"win_rate":0.0,"timestamp":1612418353,"path_taken":["M","$","M","?","?","R","E","M","T","?","?","?","?","M","R","BOSS","M","?","$","M","M"],"items_purchased_type":["Card","Relic"],"build_version":"2020-12-22","purchased_purges":0,"victory":false,"max_hp_per_floor":[80,80,80,80,80,80,80,80,80,80,80,80,80,80,80,80,80,83,83,83,83,83,83],"card_choices":[{"not_picked":["Burning Pact","Sword Boomerang"],"picked":"Cleave","floor":1},{"not_picked":["Headbutt","Body Slam"],"picked":"Evolve","floor":3},{"not_picked":["True Grit","Second Wind"],"picked":"Clash","floor":7},{"not_picked":["Perfected Strike","Second Wind","Battle Trance"],"picked":"SKIP","floor":8},{"not_picked":["Anger","Shrug It Off"],"picked":"Flex","floor":10},{"not_picked":["Sword Boomerang","Sentinel","Rupture"],"picked":"SKIP","floor":13},{"not_picked":["Rampage","Pommel Strike"],"picked":"Inflame","floor":14},{"not_picked":["Impervious","Barricade"],"picked":"Feed","floor":16},{"not_picked":["Havoc","Twin Strike"],"picked":"Flex","floor":18},{"not_picked":["Perfected Strike","Barricade","Heavy Blade"],"picked":"SKIP","floor":19},{"not_picked":["Pummel+1","Anger"],"picked":"Clash","floor":21}],"player_experience":742510,"relics_obtained":[{"floor":7,"key":"Matryoshka"},{"floor":9,"key":"War Paint"},{"floor":9,"key":"Lizard Tail"}],"event_choices":[{"damage_healed":0,"gold_gain":75,"player_choice":"Gather Gold","damage_taken":11,"max_hp_gain":0,"max_hp_loss":0,"event_name":"World of Goop","floor":4,"gold_loss":0},{"damage_healed":0,"gold_gain":0,"player_choice":"Got Potions","damage_taken":0,"max_hp_gain":0,"max_hp_loss":0,"event_name":"Lab","floor":5,"gold_loss":0},{"damage_healed":0,"gold_gain":0,"player_choice":"Entered Light","damage_taken":16,"max_hp_gain":0,"max_hp_loss":0,"event_name":"Shining Light","floor":11,"gold_loss":0,"cards_upgraded":["Evolve","Strike_R"]},{"cards_removed":["Strike_R"],"damage_healed":0,"gold_gain":0,"player_choice":"Offered Basic","damage_taken":0,"max_hp_gain":0,"max_hp_loss":0,"event_name":"Bonfire Elementals","floor":12,"gold_loss":0}],"is_beta":false,"boss_relics":[{"not_picked":["Runic Pyramid","Philosopher\u0027s Stone"],"picked":"Black Star"}],"items_purged_floors":[],"is_endless":false,"potions_floor_spawned":[1,8,10,14,16,19],"killed_by":"Snecko","ascension_level":13}}