{"host":"lsq35p0sdkx2xifo","time":1612419094,"event":{"mods":["AchievementEnabler","BaseMod","Highlight Path","Minty Spire (QoL Compilation)","StSLib"],"gold_per_floor":[112,64,14,28,39,53,53,80,80,91,91,153,153,166,166,268,268,286,300,311,147,166,166,166,197,197,208,40,40,40,65,65,65,65],"floor_reached":33,"language":"ENG","playtime":3913,"items_purged":["Strike_P"],"score":390,"play_id":"7e280e36-36c7-416d-ae2d-e5448b9619a3","local_time":"20210203221134","is_ascension_mode":true,"campfire_choices":[{"data":"Study","floor":7,"key":"SMITH"},{"data":"DevaForm","floor":11,"key":"SMITH"},{"floor":15,"key":"REST"},{"floor":23,"key":"REST"},{"floor":30,"key":"REST"},{"floor":32,"key":"REST"}],"circlet_count":0,"master_deck":["Strike_P","Strike_P","Defend_P+1","Defend_P","Defend_P+1","Eruption+1","Vigilance","Study+1","BowlingBash","CutThroughFate","EmptyBody","EmptyFist","DevaForm+1","CarveReality","Wallop","ConjureBlade","WaveOfTheHand","TalkToTheHand","FlurryOfBlows","LikeWater","BowlingBash","Prostrate","CutThroughFate","Apotheosis","Wish"],"relics":["PureWater","Omamori","War Paint","HornCleat","Calling Bell","PreservedInsect","Sundial","Oddly Smooth Stone","The Courier","Anchor"],"acts_visited":["Exordium","TheCity"],"potions_floor_usage":[8,12,16,16,22,27],"damage_taken":[{"damage":0.0,"enemies":"Small Slimes","floor":1.0,"turns":2.0},{"damage":11.0,"enemies":"Jaw Worm","floor":4.0,"turns":6.0},{"damage":0,"enemies":"2 Louse","floor":5,"turns":2},{"damage":0,"enemies":"2 Fungi Beasts","floor":6,"turns":4},{"damage":0,"enemies":"3 Sentries","floor":8,"turns":5},{"damage":5,"enemies":"3 Louse","floor":10,"turns":2},{"damage":20,"enemies":"Gremlin Nob","floor":12,"turns":5},{"damage":0,"enemies":"Lots of Slimes","floor":14,"turns":3},{"damage":8,"enemies":"Slime Boss","floor":16,"turns":9},{"damage":17,"enemies":"Chosen","floor":18,"turns":6},{"damage":14,"enemies":"2 Thieves","floor":19,"turns":2},{"damage":4,"enemies":"Centurion and Healer","floor":20,"turns":7},{"damage":26,"enemies":"Cultist and Chosen","floor":22,"turns":7},{"damage":24,"enemies":"Slavers","floor":25,"turns":5},{"damage":10,"enemies":"Snecko","floor":27,"turns":4},{"damage":10,"enemies":"Book of Stabbing","floor":31,"turns":5},{"damage":67,"enemies":"Automaton","floor":33,"turns":6}],"seed_played":"6584154404646068854","potions_obtained":[{"floor":1.0,"key":"Dexterity Potion"},{"floor":6,"key":"ColorlessPotion"},{"floor":8,"key":"PowerPotion"},{"floor":14,"key":"Weak Potion"},{"floor":20,"key":"LiquidMemories"},{"floor":25,"key":"Swift Potion"}],"is_trial":false,"path_per_floor":["M","$","?","M","M","M","R","E","T","M","R","?","?","M","R","B",null,"M","M","M","$","M","R","?","E","T","M","$","?","R","E","R","B"],"character_chosen":"WATCHER","items_purchased":["BowlingBash","LikeWater","BowlingBash","Apotheosis"],"campfire_rested":4,"item_purchase_floors":[2,21,21,28],"current_hp_per_floor":[72,72,72,61,61,61,61,61,61,56,56,36,29,29,50,42,65,48,34,30,30,4,25,49,25,25,15,15,15,36,26,47,0,0],"gold":65,"neow_bonus":"UPGRADE_CARD","is_daily":false,"chose_seed":false,"campfire_upgraded":2,"win_rate":0.0,"timestamp":1612419094,"path_taken":["M","$","?","M","M","M","R","E","T","M","R","?","?","M","R","BOSS","M","M","M","$","M","R","?","E","T","M","$","?","R","E","R","BOSS"],"items_purchased_type":["Card","Card","Card","Card"],"build_version":"2020-12-22","purchased_purges":1,"victory":false,"max_hp_per_floor":[72,72,72,72,72,72,72,72,72,72,72,72,72,72,72,72,72,72,72,72,72,72,72,72,72,72,72,72,72,72,72,72,72,72],"card_choices":[{"not_picked":["EmptyMind","Worship"],"picked":"Study","floor":1.0},{"not_picked":["Halt","SashWhip"],"picked":"CutThroughFate","floor":4},{"not_picked":["Consecrate","WindmillStrike"],"picked":"EmptyBody","floor":5},{"not_picked":["Consecrate","Indignation"],"picked":"EmptyFist","floor":6},{"not_picked":["SashWhip","SandsOfTime"],"picked":"DevaForm","floor":8},{"not_picked":["Consecrate","EmptyFist","Vengeance"],"picked":"SKIP","floor":10},{"not_picked":["WreathOfFlame","ForeignInfluence"],"picked":"CarveReality","floor":12},{"not_picked":["CutThroughFate","FlyingSleeves"],"picked":"Wallop","floor":14},{"not_picked":["DeusExMachina","Devotion"],"picked":"ConjureBlade","floor":16},{"not_picked":["CrushJoints","Halt+1"],"picked":"WaveOfTheHand","floor":18},{"not_picked":["WreathOfFlame","Indignation"],"picked":"TalkToTheHand","floor":19},{"not_picked":["WaveOfTheHand","Crescendo"],"picked":"FlurryOfBlows","floor":20},{"not_picked":["EmptyFist","Halt"],"picked":"Consecrate+1","floor":22},{"not_picked":["DeceiveReality","JustLucky"],"picked":"Prostrate","floor":25},{"not_picked":["SignatureMove","Worship"],"picked":"CutThroughFate","floor":27},{"not_picked":["SandsOfTime","Meditate"],"picked":"Wish","floor":31}],"player_experience":1269509,"relics_obtained":[{"floor":8,"key":"Omamori"},{"floor":9,"key":"War Paint"},{"floor":17,"key":"PreservedInsect"},{"floor":17,"key":"Sundial"},{"floor":25,"key":"Oddly Smooth Stone"},{"floor":31,"key":"Anchor"}],"event_choices":[{"cards_removed":["Strike_P"],"damage_healed":0.0,"max_hp_gain":0.0,"max_hp_loss":0.0,"gold_gain":0.0,"event_name":"The Cleric","player_choice":"Card Removal","floor":3.0,"gold_loss":50.0,"damage_taken":0.0},{"damage_healed":0,"gold_gain":0,"player_choice":"Searched \u00272\u0027 times","damage_taken":0,"relics_obtained":["HornCleat"],"max_hp_gain":0,"max_hp_loss":0,"event_name":"Dead Adventurer","floor":12,"gold_loss":0},{"cards_removed":["Defend_P"],"damage_healed":0,"gold_gain":0,"player_choice":"Card Removal","damage_taken":7,"max_hp_gain":0,"max_hp_loss":0,"event_name":"Golden Wing","floor":13,"gold_loss":0},{"damage_healed":24,"gold_gain":0,"player_choice":"Heal","damage_taken":0,"max_hp_gain":0,"max_hp_loss":0,"event_name":"The Library","floor":24,"gold_loss":0},{"cards_removed":["Consecrate"],"damage_healed":0,"gold_gain":0,"player_choice":"Gave Card","damage_taken":0,"relics_obtained":["The Courier"],"max_hp_gain":0,"max_hp_loss":0,"event_name":"WeMeetAgain","floor":29,"gold_loss":0}],"is_beta":false,"boss_relics":[{"not_picked":["Sozu","Busted Crown"],"picked":"Calling Bell"}],"items_purged_floors":[21],"is_endless":false,"potions_floor_spawned":[1,6,8,14,20,25],"killed_by":"Automaton","ascension_level":5}}