{"host":"t3am9egsh7oyry6t","time":1612404580,"event":{"mods":["AchievementEnabler","BaseMod","Colored Powertips","Googly Eyes","Minty Spire (QoL Compilation)","Relic Stats","StSLib","Synergy Search"],"gold_per_floor":[115,129,145,158,2,29,49,80,80,105,124,124,137,154,154,225,225,244,264,284,28,43,43,0,33,33,62,84,124,136,164,176,265,277,308,320,302,326,32,32,66,66,66,98,8,20,20,39,39,39],"floor_reached":51,"language":"ENG","playtime":3363,"items_purged":["Strike_R","Strike_R"],"score":1356,"play_id":"2d19d7d4-483c-49bd-bde3-41ae18b678e3","local_time":"20210203180940","is_ascension_mode":true,"campfire_choices":[{"data":"Bash","floor":12,"key":"SMITH"},{"data":"Pommel Strike","floor":15,"key":"SMITH"},{"data":"Corruption","floor":23,"key":"SMITH"},{"data":"Dark Embrace","floor":32,"key":"SMITH"},{"floor":40,"key":"REST"},{"data":"Berserk","floor":42,"key":"SMITH"},{"data":"Barricade","floor":47,"key":"SMITH"},{"data":"Heavy Blade","floor":49,"key":"SMITH"}],"circlet_count":0,"master_deck":["AscendersBane","Strike_R","Strike_R","Strike_R","Defend_R","Defend_R","Defend_R","Defend_R","Bash+1","Flame Barrier","Anger","Pommel Strike+1","Thunderclap","Panacea","Shrug It Off","Offering","Spot Weakness","Clothesline","Pommel Strike","Corruption+1","Juggernaut","Headbutt","True Grit+1","Heavy Blade+1","Bloodletting","Battle Trance","Flex","Evolve","Dark Embrace+1","Berserk+1","Flex+1","Thunderclap+1","Uppercut+1","Demon Form","Metallicize","Barricade+1","Shrug It Off","Inflame","Infernal Blade+1"],"relics":["Burning Blood","NeowsBlessing","Meat on the Bone","Vajra","Kunai","HornCleat","Black Star","Mummified Hand","Tiny Chest","Pear","Ornamental Fan","Paper Frog","MawBank","Incense Burner","Anchor","Philosopher\u0027s Stone","MealTicket","Strawberry","Bottled Tornado","Regal Pillow","White Beast Statue"],"acts_visited":["Exordium","TheCity","TheBeyond"],"potions_floor_usage":[4,10,10,25,27,29,38,50,50],"damage_taken":[{"damage":0,"enemies":"Jaw Worm","floor":1,"turns":1},{"damage":0,"enemies":"2 Louse","floor":2,"turns":1},{"damage":0,"enemies":"Small Slimes","floor":3,"turns":1},{"damage":10,"enemies":"Gremlin Gang","floor":4,"turns":5},{"damage":32,"enemies":"Gremlin Nob","floor":6,"turns":5},{"damage":6,"enemies":"3 Louse","floor":7,"turns":4},{"damage":36,"enemies":"3 Sentries","floor":8,"turns":10},{"damage":12,"enemies":"Lagavulin","floor":10,"turns":4},{"damage":6,"enemies":"2 Fungi Beasts","floor":11,"turns":3},{"damage":6,"enemies":"Large Slime","floor":13,"turns":5},{"damage":3,"enemies":"Blue Slaver","floor":14,"turns":3},{"damage":21,"enemies":"Slime Boss","floor":16,"turns":9},{"damage":6,"enemies":"3 Byrds","floor":18,"turns":5},{"damage":8,"enemies":"Chosen","floor":19,"turns":4},{"damage":23,"enemies":"Centurion and Healer","floor":20,"turns":6},{"damage":19,"enemies":"Snecko","floor":22,"turns":4},{"damage":23,"enemies":"Book of Stabbing","floor":25,"turns":5},{"damage":15,"enemies":"Gremlin Leader","floor":27,"turns":4},{"damage":18,"enemies":"Shelled Parasite and Fungi","floor":28,"turns":4},{"damage":22,"enemies":"Slavers","floor":29,"turns":3},{"damage":14,"enemies":"Snake Plant","floor":31,"turns":4},{"damage":51,"enemies":"Collector","floor":33,"turns":8},{"damage":26,"enemies":"3 Shapes","floor":35,"turns":4},{"damage":7,"enemies":"Orb Walker","floor":36,"turns":3},{"damage":34,"enemies":"Jaw Worm Horde","floor":38,"turns":5},{"damage":22,"enemies":"Giant Head","floor":41,"turns":6},{"damage":9,"enemies":"Nemesis","floor":44,"turns":3},{"damage":1,"enemies":"Sphere and 2 Shapes","floor":46,"turns":5},{"damage":15,"enemies":"Spire Growth","floor":48,"turns":4},{"damage":38,"enemies":"Donu and Deca","floor":50,"turns":7}],"seed_played":"-5505982038762975950","potions_obtained":[{"floor":1,"key":"Explosive Potion"},{"floor":2,"key":"SpeedPotion"},{"floor":8,"key":"DistilledChaos"},{"floor":13,"key":"Block Potion"},{"floor":16,"key":"Ancient Potion"},{"floor":19,"key":"Explosive Potion"},{"floor":25,"key":"Explosive Potion"},{"floor":33,"key":"BloodPotion"},{"floor":37,"key":"DuplicationPotion"},{"floor":38,"key":"Dexterity Potion"},{"floor":48,"key":"PowerPotion"}],"is_trial":false,"path_per_floor":["M","M","M","M","$","E","M","E","T","E","M","R","M","M","R","B",null,"M","M","M","$","M","R","?","E","T","E","M","E","?","M","R","B",null,"M","M","?","M","$","R","E","R","T","E","$","M","R","M","R","B",null],"character_chosen":"IRONCLAD","items_purchased":["Panacea","Mummified Hand","Demon Form","Block Potion","Shrug It Off","Inflame"],"campfire_rested":1,"item_purchase_floors":[5,21,39,39,45,45],"current_hp_per_floor":[74,75,75,71,71,45,45,27,27,33,45,45,45,48,48,45,68,68,66,49,49,48,48,48,53,53,56,56,52,52,56,56,23,70,50,49,49,33,33,58,61,61,61,58,73,78,78,69,69,49],"gold":39,"neow_bonus":"THREE_ENEMY_KILL","is_daily":false,"chose_seed":false,"campfire_upgraded":7,"win_rate":0.0,"timestamp":1612404580,"path_taken":["M","M","M","M","$","E","M","E","T","E","M","R","M","M","R","BOSS","M","M","M","$","M","R","?","E","T","E","M","E","?","M","R","BOSS","M","M","?","M","$","R","E","R","T","E","$","?","R","M","R","BOSS"],"items_purchased_type":["Card","Relic","Card","Potion","Card","Card"],"build_version":"2020-12-22","purchased_purges":2,"victory":true,"max_hp_per_floor":[75,75,75,75,75,75,75,75,75,75,75,75,75,75,75,75,75,75,75,75,75,75,75,75,85,85,85,85,85,85,85,85,85,85,85,85,85,85,85,85,92,92,92,92,92,92,92,92,92,92],"relic_stats":{"Regal Pillow":0,"counters":[30,135],"Mummified Hand":[64],"Ornamental Fan":[112],"Tiny Chest":0,"MealTicket":15,"Black Star":5,"Kunai":[47],"MawBank":144,"obtain_stats":[{"Regal Pillow":44,"Pear":25,"NeowsBlessing":0,"Vajra":8,"Incense Burner":29,"Bottled Tornado":43,"MawBank":27,"Burning Blood":0,"White Beast Statue":44,"Anchor":29,"HornCleat":10,"Mummified Hand":21,"Ornamental Fan":26,"Strawberry":41,"Tiny Chest":25,"Philosopher\u0027s Stone":34,"MealTicket":41,"Black Star":17,"Kunai":9,"Meat on the Bone":6,"Paper Frog":27},{"Regal Pillow":27,"Pear":17,"NeowsBlessing":0,"Vajra":7,"Incense Burner":20,"Bottled Tornado":26,"MawBank":18,"Burning Blood":0,"White Beast Statue":27,"Anchor":20,"HornCleat":8,"Mummified Hand":15,"Ornamental Fan":17,"Strawberry":26,"Tiny Chest":17,"Philosopher\u0027s Stone":22,"MealTicket":26,"Black Star":12,"Kunai":7,"Meat on the Bone":5,"Paper Frog":18},{"Regal Pillow":119,"Pear":75,"NeowsBlessing":0,"Vajra":27,"Incense Burner":86,"Bottled Tornado":116,"MawBank":79,"Burning Blood":0,"White Beast Statue":119,"Anchor":86,"HornCleat":31,"Mummified Hand":66,"Ornamental Fan":75,"Strawberry":116,"Tiny Chest":75,"Philosopher\u0027s Stone":98,"MealTicket":116,"Black Star":51,"Kunai":27,"Meat on the Bone":13,"Paper Frog":79}],"Burning Blood":169,"Meat on the Bone":168},"card_choices":[{"not_picked":["Fire Breathing","Ghostly Armor"],"picked":"Flame Barrier","floor":1},{"not_picked":["Havoc","Rage"],"picked":"Anger","floor":2},{"not_picked":["Heavy Blade","Armaments"],"picked":"Pommel Strike","floor":3},{"not_picked":["Clash","Sword Boomerang"],"picked":"Thunderclap","floor":4},{"not_picked":["Carnage","Sever Soul"],"picked":"Shrug It Off","floor":6},{"not_picked":["Pommel Strike","Dual Wield"],"picked":"Offering","floor":7},{"not_picked":["Twin Strike","Clash"],"picked":"Spot Weakness","floor":8},{"not_picked":["Iron Wave","Rupture","Ghostly Armor"],"picked":"SKIP","floor":10},{"not_picked":["Reckless Charge","Clash"],"picked":"Clothesline","floor":11},{"not_picked":["Blood for Blood","True Grit"],"picked":"Pommel Strike","floor":13},{"not_picked":["Ghostly Armor","Spot Weakness"],"picked":"Corruption","floor":14},{"not_picked":["Offering","Barricade"],"picked":"Juggernaut","floor":16},{"not_picked":["Twin Strike","Combust+1"],"picked":"Headbutt","floor":18},{"not_picked":["Body Slam","True Grit","Reckless Charge"],"picked":"SKIP","floor":19},{"not_picked":["Shrug It Off","Sword Boomerang+1"],"picked":"True Grit+1","floor":20},{"not_picked":["Twin Strike","Clothesline"],"picked":"Heavy Blade","floor":22},{"not_picked":["Dropkick","Ghostly Armor+1"],"picked":"Bloodletting","floor":25},{"not_picked":["Searing Blow","Iron Wave"],"picked":"Battle Trance","floor":27},{"not_picked":["Perfected Strike","Anger"],"picked":"Flex","floor":28},{"not_picked":["Iron Wave","Wild Strike","True Grit"],"picked":"SKIP","floor":29},{"not_picked":["Hemokinesis","Corruption"],"picked":"Dark Embrace","floor":31},{"not_picked":["Bludgeon","Offering"],"picked":"Berserk","floor":33},{"not_picked":["Spot Weakness","Wild Strike"],"picked":"Flex+1","floor":35},{"not_picked":["Searing Blow","Headbutt"],"picked":"Thunderclap+1","floor":36},{"not_picked":["Clothesline+1","True Grit"],"picked":"Uppercut+1","floor":38},{"not_picked":["Burning Pact","Flame Barrier+1"],"picked":"Metallicize","floor":41},{"not_picked":["Perfected Strike","Clothesline+1"],"picked":"Barricade","floor":44},{"not_picked":["Headbutt+1","Body Slam"],"picked":"Infernal Blade+1","floor":46},{"not_picked":["Inflame","Thunderclap+1","Heavy Blade"],"picked":"SKIP","floor":48}],"player_experience":500344,"relics_obtained":[{"floor":6,"key":"Meat on the Bone"},{"floor":8,"key":"Vajra"},{"floor":9,"key":"Kunai"},{"floor":10,"key":"HornCleat"},{"floor":25,"key":"Tiny Chest"},{"floor":25,"key":"Pear"},{"floor":26,"key":"Ornamental Fan"},{"floor":27,"key":"Paper Frog"},{"floor":27,"key":"MawBank"},{"floor":29,"key":"Incense Burner"},{"floor":29,"key":"Anchor"},{"floor":41,"key":"MealTicket"},{"floor":41,"key":"Strawberry"},{"floor":43,"key":"Bottled Tornado"},{"floor":44,"key":"Regal Pillow"},{"floor":44,"key":"White Beast Statue"}],"event_choices":[{"damage_healed":0,"gold_gain":0,"player_choice":"Paid Fearfully","damage_taken":0,"max_hp_gain":0,"max_hp_loss":0,"event_name":"Masked Bandits","floor":24,"gold_loss":43},{"damage_healed":0,"gold_gain":0,"player_choice":"Read","damage_taken":0,"max_hp_gain":0,"max_hp_loss":0,"event_name":"The Library","floor":30,"gold_loss":0,"cards_obtained":["Evolve"]},{"damage_healed":0,"gold_gain":0,"player_choice":"Bought 2 Potions","damage_taken":0,"max_hp_gain":0,"max_hp_loss":0,"event_name":"The Woman in Blue","floor":37,"gold_loss":0}],"is_beta":false,"boss_relics":[{"not_picked":["Runic Dome","Snecko Eye"],"picked":"Black Star"},{"not_picked":["Velvet Choker","Astrolabe"],"picked":"Philosopher\u0027s Stone"}],"items_purged_floors":[5,39],"is_endless":false,"potions_floor_spawned":[1,2,8,13,16,19,20,25,33,38,46,48],"ascension_level":14}}