{"host":"j9ki0s1dicmcfq9y","time":1612405537,"event":{"mods":["BaseMod","Minty Spire (QoL Compilation)","StSLib","The Senshi"],"gold_per_floor":[116,116,133,151,326,326,343,354,380,393,107,107,107,117,117,117,117],"floor_reached":16,"language":"ENG","playtime":1683,"items_purged":[],"score":94,"play_id":"aa47b6e5-3b48-4d58-9e02-7a2c0947b07a","local_time":"20210203212537","is_ascension_mode":false,"campfire_choices":[{"data":"theSenshi:StudyParty","floor":6,"key":"SMITH"},{"data":"theSenshi:MoonPrismPowerMakeUp","floor":12,"key":"SMITH"},{"floor":15,"key":"RECALL"}],"circlet_count":0,"master_deck":["theSenshi:SailorKick","theSenshi:SailorKick","theSenshi:SailorKick","theSenshi:SailorKick","theSenshi:SailorBlock","theSenshi:SailorBlock","theSenshi:SailorBlock","theSenshi:SailorBlock","theSenshi:RoseThrow","theSenshi:MoonPrismPowerMakeUp+1","theSenshi:StudyParty+1","theSenshi:InTheNickOfTime","theSenshi:MoonKick+1","theSenshi:SailorMercuryAssists","Doubt","theSenshi:MoonPunch"],"relics":["theSenshi:TransformationBroochRelic","Tiny Chest","HandDrill"],"acts_visited":["Exordium"],"potions_floor_usage":[10,10,16],"damage_taken":[{"damage":0,"enemies":"Jaw Worm","floor":1,"turns":5},{"damage":0,"enemies":"Cultist","floor":3,"turns":5},{"damage":0,"enemies":"Small Slimes","floor":4,"turns":4},{"damage":5,"enemies":"3 Louse","floor":7,"turns":5},{"damage":2,"enemies":"Large Slime","floor":8,"turns":7},{"damage":3,"enemies":"Gremlin Gang","floor":10,"turns":9},{"damage":6,"enemies":"3 Louse","floor":14,"turns":4},{"damage":53,"enemies":"Hexaghost","floor":16,"turns":15}],"seed_played":"-1044220246736735009","potions_obtained":[{"floor":4,"key":"EssenceOfSteel"},{"floor":7,"key":"Block Potion"},{"floor":8,"key":"Regen Potion"}],"is_trial":false,"path_per_floor":["M","?","M","M","?","R","M","M","T","M","$","R","?","M","R","B"],"character_chosen":"THE_SENSHI","items_purchased":["Tiny Chest","HandDrill"],"campfire_rested":0,"item_purchase_floors":[11,11],"current_hp_per_floor":[54,54,54,54,54,54,49,47,47,59,59,59,59,53,53,0,0],"gold":117,"neow_bonus":"THREE_RARE_CARDS","is_daily":false,"chose_seed":false,"campfire_upgraded":2,"win_rate":0.0,"timestamp":1612405537,"path_taken":["M","?","M","?","?","R","M","M","T","M","$","R","?","M","R","BOSS"],"items_purchased_type":["Relic","Relic"],"build_version":"2020-12-22","purchased_purges":0,"victory":false,"max_hp_per_floor":[75,75,75,75,75,75,75,75,75,75,75,75,75,75,75,75,75],"card_choices":[{"not_picked":["theSenshi:InTheNameOfTheMoon","theSenshi:JupitersPower"],"picked":"theSenshi:StudyParty","floor":0},{"not_picked":["theSenshi:SailorChibiMoonAssists","theSenshi:RainbowMoonHeartAche"],"picked":"theSenshi:InTheNickOfTime","floor":1},{"not_picked":["theSenshi:MoonPower","theSenshi:TuxedoMaskAssists"],"picked":"theSenshi:MoonKick","floor":3},{"not_picked":["theSenshi:TallSilhouette","theSenshi:TuxedoMaskAssists"],"picked":"theSenshi:SailorMercuryAssists","floor":4},{"not_picked":["theSenshi:MoonKick","theSenshi:SailorPlanetPower","theSenshi:SailorPlanetAttack"],"picked":"SKIP","floor":7},{"not_picked":["theSenshi:MercurysCunning","theSenshi:NeptunesGrace","theSenshi:SailorChibiMoonAssists"],"picked":"SKIP","floor":8},{"not_picked":["theSenshi:KlutzyLuck","theSenshi:RainbowMoonHeartAche","theSenshi:LunasBite"],"picked":"SKIP","floor":10},{"not_picked":["theSenshi:Overload","theSenshi:GatheringStrength"],"picked":"theSenshi:MoonPunch","floor":14}],"player_experience":753068,"relics_obtained":[],"event_choices":[{"damage_healed":0,"gold_gain":0,"player_choice":"Ignored","damage_taken":0,"max_hp_gain":0,"max_hp_loss":0,"event_name":"Purifier","floor":2,"gold_loss":0},{"damage_healed":0,"gold_gain":175,"player_choice":"AGREE","damage_taken":0,"max_hp_gain":0,"max_hp_loss":0,"event_name":"Liars Game","floor":5,"gold_loss":0,"cards_obtained":["Doubt"]},{"damage_healed":0,"gold_gain":0,"player_choice":"Grow","damage_taken":0,"max_hp_gain":0,"max_hp_loss":0,"event_name":"Living Wall","floor":13,"gold_loss":0,"cards_upgraded":["theSenshi:MoonKick"]}],"is_beta":false,"boss_relics":[],"items_purged_floors":[],"is_endless":false,"potions_floor_spawned":[4,7,8],"killed_by":"Hexaghost","ascension_level":0}}