{"host":"dxldt284mdio0lzg","time":1612449266,"event":{"mods":["AchievementEnabler","BaseMod","Colored Map","Colored Powertips","Minty Spire (QoL Compilation)","SuperFastMode"],"gold_per_floor":[113,132,132,144,144,144,144,144,190,200,183,194,219,17,17,114,114,131,131,147,161,172,172,203,216,216,216,234,48,48,62,62,167,217,232,26,42,58,58,58],"floor_reached":39,"language":"ENG","playtime":1651,"items_purged":[],"score":477,"play_id":"0aaf1d54-369c-4a9e-9cce-2aaea101834f","local_time":"20210204153426","is_ascension_mode":true,"campfire_choices":[{"data":"Accuracy","floor":6,"key":"SMITH"},{"data":"Outmaneuver","floor":8,"key":"SMITH"},{"floor":15,"key":"REST"},{"data":"Blade Dance","floor":23,"key":"SMITH"},{"data":"Blade Dance","floor":30,"key":"SMITH"},{"floor":32,"key":"REST"}],"circlet_count":0,"master_deck":["Strike_G","Strike_G","Strike_G","Strike_G","Strike_G","Defend_G","Defend_G","Defend_G","Defend_G","Defend_G","Survivor","Neutralize+1","Blade Dance+1","Outmaneuver+1","Accuracy+1","Backflip","Crippling Poison","Dodge and Roll","Blade Dance+1","Blind","Tools of the Trade","Backstab","Blade Dance+1","Outmaneuver+1","Prepared","Escape Plan+1","Decay","Reflex","Blade Dance+1","Footwork","Infinite Blades","A Thousand Cuts","Accuracy","Terror","Expertise","Outmaneuver+1"],"relics":["Ring of the Serpent","NeowsBlessing","The Courier","Bronze Scales","Anchor","Vajra","PreservedInsect","Tiny Chest","Toolbox","Tiny House","Gremlin Horn"],"acts_visited":["Exordium","TheCity","TheBeyond"],"potions_floor_usage":[16,16,33,33,33,38,38],"damage_taken":[{"damage":0,"enemies":"Small Slimes","floor":1,"turns":1},{"damage":0,"enemies":"Cultist","floor":2,"turns":1},{"damage":0,"enemies":"Jaw Worm","floor":4,"turns":1},{"damage":0,"enemies":"3 Louse","floor":10,"turns":3},{"damage":12,"enemies":"Exordium Thugs","floor":11,"turns":4},{"damage":0,"enemies":"Lots of Slimes","floor":12,"turns":3},{"damage":4,"enemies":"Lagavulin","floor":13,"turns":6},{"damage":13,"enemies":"Slime Boss","floor":16,"turns":4},{"damage":0,"enemies":"3 Byrds","floor":18,"turns":5},{"damage":0,"enemies":"Chosen","floor":20,"turns":2},{"damage":12,"enemies":"Shelled Parasite and Fungi","floor":21,"turns":4},{"damage":0,"enemies":"Cultist and Chosen","floor":22,"turns":3},{"damage":6,"enemies":"Book of Stabbing","floor":24,"turns":4},{"damage":0,"enemies":"Centurion and Healer","floor":25,"turns":6},{"damage":0,"enemies":"Chosen and Byrds","floor":28,"turns":4},{"damage":9,"enemies":"Snake Plant","floor":31,"turns":4},{"damage":22,"enemies":"Collector","floor":33,"turns":5},{"damage":0,"enemies":"Orb Walker","floor":35,"turns":2},{"damage":43,"enemies":"3 Shapes","floor":37,"turns":4},{"damage":27,"enemies":"3 Darklings","floor":38,"turns":3},{"damage":12,"enemies":"Spire Growth","floor":39,"turns":2}],"seed_played":"1319766009447403340","potions_obtained":[{"floor":2,"key":"Ancient Potion"},{"floor":10,"key":"Poison Potion"},{"floor":12,"key":"PowerPotion"},{"floor":13,"key":"SteroidPotion"},{"floor":18,"key":"Explosive Potion"},{"floor":21,"key":"FearPotion"},{"floor":24,"key":"DistilledChaos"},{"floor":34,"key":"ColorlessPotion"},{"floor":37,"key":"DistilledChaos"}],"is_trial":false,"path_per_floor":["M","M","?","M","?","R","?","R","T","M","M","M","E","$","R","B",null,"M","?","M","M","M","R","E","M","T","?","M","$","R","M","R","B",null,"M","$","M","M","M"],"character_chosen":"THE_SILENT","items_purchased":["Blade Dance","Vajra","Blind","Blade Dance","Footwork","Toolbox","Gremlin Horn"],"campfire_rested":2,"item_purchase_floors":[14,14,14,29,29,29,36],"current_hp_per_floor":[70,70,70,70,56,56,56,56,56,56,44,44,40,40,61,48,70,70,70,70,58,58,58,52,52,52,52,52,52,52,43,64,42,75,75,75,32,5,0,0],"gold":58,"neow_bonus":"THREE_ENEMY_KILL","is_daily":false,"chose_seed":false,"campfire_upgraded":4,"win_rate":0.0,"timestamp":1612449266,"path_taken":["M","M","?","?","?","R","?","R","T","?","M","?","E","$","R","BOSS","M","?","M","M","?","R","E","M","T","?","M","?","R","?","R","BOSS","M","$","M","M","M"],"items_purchased_type":["Card","Relic","Card","Card","Card","Relic","Relic"],"build_version":"2020-12-22","purchased_purges":0,"victory":false,"max_hp_per_floor":[70,70,70,70,70,70,70,70,70,70,70,70,70,70,70,70,70,70,70,70,70,70,70,70,70,70,70,70,70,70,70,70,70,75,75,75,75,75,75,75],"card_choices":[{"not_picked":["Underhanded Strike","Eviscerate"],"picked":"Blade Dance","floor":1},{"not_picked":["Escape Plan","Bane"],"picked":"Outmaneuver","floor":2},{"not_picked":["Distraction","Deadly Poison"],"picked":"Accuracy","floor":4},{"not_picked":["Sucker Punch","Underhanded Strike","Malaise"],"picked":"SKIP","floor":10},{"not_picked":["Flying Knee","Outmaneuver"],"picked":"Backflip","floor":11},{"not_picked":["PiercingWail","All Out Attack"],"picked":"Crippling Poison","floor":12},{"not_picked":["Footwork","Outmaneuver"],"picked":"Dodge and Roll","floor":13},{"not_picked":["Glass Knife","Bullet Time"],"picked":"Tools of the Trade","floor":16},{"not_picked":["PiercingWail+1","Acrobatics+1"],"picked":"Backstab","floor":18},{"not_picked":["Riddle With Holes","Acrobatics","Dodge and Roll"],"picked":"SKIP","floor":20},{"not_picked":["Dagger Throw+1","Sucker Punch"],"picked":"Blade Dance","floor":21},{"not_picked":["Riddle With Holes","Distraction"],"picked":"Outmaneuver+1","floor":22},{"not_picked":["Escape Plan","Night Terror"],"picked":"Prepared","floor":24},{"not_picked":["Poisoned Stab","Expertise+1"],"picked":"Escape Plan","floor":25},{"not_picked":["Tactician","Leg Sweep"],"picked":"Reflex","floor":28},{"not_picked":["Endless Agony","Backstab"],"picked":"Infinite Blades","floor":31},{"not_picked":["Die Die Die","Adrenaline"],"picked":"A Thousand Cuts","floor":33},{"not_picked":["Sucker Punch","Choke+1"],"picked":"Accuracy","floor":34},{"not_picked":["Bouncing Flask+1","Eviscerate"],"picked":"Terror","floor":35},{"not_picked":["Deadly Poison+1","Bouncing Flask+1"],"picked":"Expertise","floor":37},{"not_picked":["Catalyst","Sucker Punch+1"],"picked":"Outmaneuver+1","floor":38}],"player_experience":88870,"relics_obtained":[{"floor":9,"key":"Bronze Scales"},{"floor":13,"key":"Anchor"},{"floor":24,"key":"PreservedInsect"},{"floor":26,"key":"Tiny Chest"}],"event_choices":[{"damage_healed":0,"gold_gain":0,"player_choice":"Gave Potion","damage_taken":0,"relics_obtained":["The Courier"],"max_hp_gain":0,"max_hp_loss":0,"event_name":"WeMeetAgain","floor":3,"gold_loss":0},{"damage_healed":0,"gold_gain":0,"player_choice":"Entered Light","damage_taken":14,"max_hp_gain":0,"max_hp_loss":0,"event_name":"Shining Light","floor":5,"gold_loss":0,"cards_upgraded":["Neutralize","Blade Dance"]},{"damage_healed":0,"gold_gain":0,"player_choice":"Ignored","damage_taken":0,"max_hp_gain":0,"max_hp_loss":0,"event_name":"Golden Wing","floor":7,"gold_loss":0},{"damage_healed":0,"gold_gain":0,"player_choice":"Upgraded","damage_taken":0,"max_hp_gain":0,"max_hp_loss":0,"event_name":"Upgrade Shrine","floor":19,"gold_loss":0,"cards_upgraded":["Blade Dance"]},{"damage_healed":0,"gold_gain":0,"player_choice":"Cursed","damage_taken":0,"max_hp_gain":0,"max_hp_loss":0,"event_name":"Wheel of Change","floor":27,"gold_loss":0,"cards_obtained":["Decay"]}],"is_beta":false,"boss_relics":[{"not_picked":["SacredBark","Cursed Key"],"picked":"Ring of the Serpent"},{"not_picked":["Snecko Eye","Astrolabe"],"picked":"Tiny House"}],"items_purged_floors":[],"is_endless":false,"potions_floor_spawned":[2,10,12,13,18,21,24,25,37],"killed_by":"Spire Growth","ascension_level":1}}