{"host":"takgv9cv6xf64vhq","time":1612465491,"event":{"mods":["BaseMod","Colored Powertips","Conspire","Decade(王小明)","Downfall","Energized Spire","Hermit","Hubris","LagranYue(拉格朗・月)","Marisa（F雨　魔理沙）","Minty Spire (QoL Compilation)","Replay The Spire","StSLib","The Cursed","The Hierophant","The Jungle","The Servant 0.9.4","TheHeartMod"],"gold_per_floor":[113,113,263,94,94,94,15,15,15,26,46,65,65,84,84,84,84],"floor_reached":16,"language":"ZHS","playtime":751,"items_purged":[],"score":226,"play_id":"23a1c6d3-c3a4-459e-a718-8cbfc5c18e73","local_time":"20210205030451","is_ascension_mode":true,"campfire_choices":[{"data":"Neutralize","floor":6.0,"key":"SMITH"},{"data":"Survivor","floor":8.0,"key":"SMITH"},{"data":"A Thousand Cuts","floor":13.0,"key":"SMITH"},{"data":"Doubt","floor":15,"key":"PURGE"}],"circlet_count":0,"master_deck":["AscendersBane","conspire:GhostlyStrike","conspire:GhostlyStrike","conspire:GhostlyStrike","conspire:GhostlyStrike","conspire:GhostlyStrike","conspire:GhostlyDefend","conspire:GhostlyDefend","conspire:GhostlyDefend","conspire:GhostlyDefend","conspire:GhostlyDefend","Survivor+1","Neutralize+1","Deflect","Sneak Up","ReplayTheSpireMod:Speed Training","A Thousand Cuts+1","Prepared"],"relics":["Ring of the Snake","ReplayTheSpireMod:TigerMarble","hubris:Towel","Membership Card","LagranYue:NewUniverseRelic","Mirror"],"acts_visited":["Exordium"],"potions_floor_usage":[16,16],"damage_taken":[{"damage":4.0,"enemies":"Small Slimes","floor":1.0,"turns":6.0},{"damage":15.0,"enemies":"Jaw Worm","floor":10.0,"turns":10.0},{"damage":0.0,"enemies":"2 Louse","floor":11.0,"turns":4.0},{"damage":9.0,"enemies":"Large Slime","floor":12.0,"turns":10.0},{"damage":0.0,"enemies":"Exordium Wildlife","floor":14.0,"turns":2.0},{"damage":48,"enemies":"Hexaghost","floor":16,"turns":12}],"seed_played":"-3945293604643019192","potions_obtained":[{"floor":10.0,"key":"Regen Potion"},{"floor":11.0,"key":"Dexterity Potion"},{"floor":14.0,"key":"Fire Potion"}],"is_trial":false,"path_per_floor":["M","?","?","$","?","R","$","R","T","M","M","M","R","M","R","B"],"character_chosen":"THE_SILENT","items_purchased":["Membership Card","LagranYue:NewUniverseRelic"],"campfire_rested":0,"item_purchase_floors":[4,7],"current_hp_per_floor":[55,55,55,55,55,55,55,55,55,40,52,43,43,43,43,0,0],"gold":84,"neow_bonus":"RANDOM_COMMON_RELIC","is_daily":false,"chose_seed":true,"campfire_upgraded":3,"win_rate":0.0,"timestamp":1612465491,"path_taken":["M","?","?","?","?","R","$","R","T","M","M","M","R","M","R","BOSS"],"items_purchased_type":["Relic","Relic"],"build_version":"2020-12-22","purchased_purges":0,"victory":false,"max_hp_per_floor":[66,66,66,66,66,66,66,66,66,66,66,66,66,66,66,66,66],"card_choices":[{"not_picked":["Outmaneuver","Dagger Spray"],"picked":"Deflect","floor":1.0},{"not_picked":["Sucker Punch","PiercingWail"],"picked":"Sneak Up","floor":10.0},{"not_picked":["Draining Mist","Leg Sweep"],"picked":"ReplayTheSpireMod:Speed Training","floor":11.0},{"not_picked":["Reflex","Deflect"],"picked":"A Thousand Cuts","floor":12.0},{"not_picked":["Leg Sweep","Dagger Spray"],"picked":"Prepared","floor":14.0}],"player_experience":419181,"relics_obtained":[{"floor":9.0,"key":"Mirror"}],"event_choices":[{"damage_healed":0.0,"max_hp_gain":0.0,"max_hp_loss":0.0,"gold_gain":150.0,"event_name":"Liars Game","player_choice":"AGREE","floor":3.0,"gold_loss":0.0,"damage_taken":0.0,"cards_obtained":["Doubt"]},{"damage_healed":0.0,"max_hp_gain":0.0,"max_hp_loss":0.0,"gold_gain":0.0,"event_name":"conspire:LoneGhost","player_choice":"Agree","floor":5.0,"gold_loss":0.0,"damage_taken":0.0}],"is_beta":false,"boss_relics":[],"items_purged_floors":[],"is_endless":false,"potions_floor_spawned":[10,11,14],"killed_by":"Hexaghost","ascension_level":19}}