{"host":"by8i6f8xc0ywpsd5","time":1612433171,"event":{"mods":["BaseMod","Colored Map","Minty Spire (QoL Compilation)","Relic Stats"],"gold_per_floor":[110,129,147,162,5,5,5,19,44,71,71,106,106,123,123,198,198,214,214,226,242,8,8,8,8],"floor_reached":24,"language":"ENG","playtime":1395,"items_purged":[],"score":416,"play_id":"550588a8-e21b-4a67-a513-8a675d9eff11","local_time":"20210204120611","is_ascension_mode":true,"campfire_choices":[{"data":"Iron Wave","floor":6,"key":"SMITH"},{"floor":11,"key":"REST"},{"floor":13,"key":"REST"},{"data":"True Grit","floor":15,"key":"SMITH"},{"floor":23,"key":"REST"}],"circlet_count":0,"master_deck":["AscendersBane","Strike_R","Strike_R","Strike_R","Strike_R","Defend_R","Defend_R","Defend_R","Bash","Body Slam+1","True Grit+1","Iron Wave+1","Inflame","Shrug It Off","True Grit","Shrug It Off","Limit Break","Feel No Pain+1","Burning Pact","Feel No Pain","Disarm"],"relics":["Empty Cage","OrangePellets","Happy Flower","Akabeko","Toy Ornithopter","Velvet Choker"],"acts_visited":["Exordium","TheCity"],"potions_floor_usage":[4,4,10,12,16,21],"damage_taken":[{"damage":2,"enemies":"Cultist","floor":1,"turns":4},{"damage":7,"enemies":"Small Slimes","floor":2,"turns":3},{"damage":4,"enemies":"Jaw Worm","floor":3,"turns":6},{"damage":31,"enemies":"Exordium Wildlife","floor":4,"turns":7},{"damage":2,"enemies":"Blue Slaver","floor":8,"turns":6},{"damage":8,"enemies":"3 Sentries","floor":10,"turns":7},{"damage":25,"enemies":"Gremlin Nob","floor":12,"turns":4},{"damage":4,"enemies":"Looter","floor":14,"turns":3},{"damage":11,"enemies":"The Guardian","floor":16,"turns":12},{"damage":15,"enemies":"3 Byrds","floor":18,"turns":9},{"damage":19,"enemies":"Spheric Guardian","floor":20,"turns":5},{"damage":10,"enemies":"3 Cultists","floor":21,"turns":6},{"damage":32,"enemies":"Gremlin Leader","floor":24,"turns":8}],"seed_played":"2293538044599327496","potions_obtained":[{"floor":1,"key":"EntropicBrew"},{"floor":4,"key":"LiquidMemories"},{"floor":8,"key":"DuplicationPotion"},{"floor":14,"key":"Fire Potion"},{"floor":20,"key":"PowerPotion"}],"is_trial":false,"path_per_floor":["M","M","M","M","$","R","?","M","T","E","R","E","R","M","R","B",null,"M","?","M","M","$","R","E"],"character_chosen":"IRONCLAD","items_purchased":["OrangePellets","Feel No Pain","Disarm","BloodPotion"],"campfire_rested":3,"item_purchase_floors":[5,22,22,22],"current_hp_per_floor":[66,59,55,24,24,24,24,22,22,14,36,11,33,29,29,23,62,47,26,7,2,2,26,0,0],"gold":8,"neow_bonus":"BOSS_RELIC","is_daily":false,"chose_seed":false,"campfire_upgraded":2,"win_rate":0.0,"timestamp":1612433171,"path_taken":["M","?","?","M","$","R","?","M","T","E","R","E","R","M","R","BOSS","M","?","M","M","$","R","E"],"items_purchased_type":["Relic","Card","Card","Potion"],"build_version":"2020-12-22","purchased_purges":0,"victory":false,"max_hp_per_floor":[75,75,75,75,75,75,75,75,75,75,75,75,75,75,75,75,75,75,80,80,80,80,80,80,80],"relic_stats":{"OrangePellets":[2],"Happy Flower":[18],"counters":[13,80],"obtain_stats":[{"OrangePellets":5,"Happy Flower":9,"Velvet Choker":17,"Empty Cage":0,"Burning Blood":0,"Akabeko":10,"Toy Ornithopter":12},{"OrangePellets":4,"Happy Flower":5,"Velvet Choker":9,"Empty Cage":0,"Burning Blood":0,"Akabeko":6,"Toy Ornithopter":7},{"OrangePellets":20,"Happy Flower":26,"Velvet Choker":52,"Empty Cage":0,"Burning Blood":0,"Akabeko":33,"Toy Ornithopter":37}],"Toy Ornithopter":10},"card_choices":[{"not_picked":["Dual Wield","Perfected Strike"],"picked":"Body Slam","floor":1},{"not_picked":["Body Slam","Headbutt"],"picked":"True Grit","floor":2},{"not_picked":["Shrug It Off","Twin Strike"],"picked":"Iron Wave","floor":3},{"not_picked":["Seeing Red","Sword Boomerang"],"picked":"Inflame","floor":4},{"not_picked":["Warcry","Wild Strike"],"picked":"Shrug It Off","floor":8},{"not_picked":["Rupture","Combust"],"picked":"True Grit","floor":10},{"not_picked":["True Grit","Flex","Berserk"],"picked":"SKIP","floor":12},{"not_picked":["Warcry","Heavy Blade"],"picked":"Shrug It Off","floor":14},{"not_picked":["Berserk","Brutality"],"picked":"Limit Break","floor":16},{"not_picked":["Cleave","Evolve"],"picked":"Feel No Pain+1","floor":18},{"not_picked":["Twin Strike","Entrench"],"picked":"Burning Pact","floor":20},{"not_picked":["Twin Strike","Wild Strike","Evolve"],"picked":"SKIP","floor":21}],"player_experience":1738719,"relics_obtained":[{"floor":9,"key":"Happy Flower"},{"floor":10,"key":"Akabeko"},{"floor":12,"key":"Toy Ornithopter"}],"event_choices":[{"damage_healed":0,"gold_gain":0,"player_choice":"Upgraded","damage_taken":0,"max_hp_gain":0,"max_hp_loss":0,"event_name":"Upgrade Shrine","floor":7,"gold_loss":0,"cards_upgraded":["Body Slam"]},{"damage_healed":0,"gold_gain":0,"player_choice":"Shed Blood","damage_taken":26,"max_hp_gain":5,"max_hp_loss":0,"event_name":"Forgotten Altar","floor":19,"gold_loss":0}],"is_beta":false,"boss_relics":[{"not_picked":["Astrolabe","Cursed Key"],"picked":"Velvet Choker"}],"items_purged_floors":[],"is_endless":false,"potions_floor_spawned":[1,4,8,14,20],"killed_by":"Gremlin Leader","ascension_level":20}}