{"host":"2se5dq1do2gp0x9k","time":1612452744,"event":{"mods":["AchievementEnabler","BaseMod","Block Reminder","Colored Map","Colored Powertips","Minty Spire (QoL Compilation)","Relic Stats","StSLib","SuperFastMode"],"gold_per_floor":[114,132,142,11,31,31,51,51,75,94,94,94,94,94,94],"floor_reached":14,"language":"ENG","playtime":316,"items_purged":["Strike_B"],"score":164,"play_id":"07eba498-b682-4214-b5f4-412147af1f2d","local_time":"20210204073224","is_ascension_mode":true,"campfire_choices":[{"data":"Doom and Gloom","floor":6,"key":"SMITH"},{"data":"Defragment","floor":8,"key":"SMITH"},{"data":"Zap","floor":13,"key":"SMITH"}],"circlet_count":0,"master_deck":["AscendersBane","Strike_B","Strike_B","Strike_B","Defend_B","Defend_B+1","Defend_B+1","Defend_B","Zap+1","Dualcast","Consume","Doom and Gloom+1","Cold Snap","Coolheaded","Defragment+1","Loop+1"],"relics":["Cracked Core","NeowsBlessing","Potion Belt"],"acts_visited":["Exordium"],"potions_floor_usage":[],"damage_taken":[{"damage":0,"enemies":"Cultist","floor":1,"turns":1},{"damage":0,"enemies":"2 Louse","floor":2,"turns":1},{"damage":0,"enemies":"Small Slimes","floor":3,"turns":1},{"damage":1,"enemies":"2 Fungi Beasts","floor":5,"turns":4},{"damage":6,"enemies":"Exordium Wildlife","floor":7,"turns":4},{"damage":6,"enemies":"Red Slaver","floor":10,"turns":4},{"damage":31,"enemies":"Gremlin Nob","floor":14,"turns":3}],"seed_played":"3189271849747324805","potions_obtained":[{"floor":3,"key":"Weak Potion"},{"floor":5,"key":"FocusPotion"}],"is_trial":false,"path_per_floor":["M","M","M","$","M","R","M","R","T","M","?","?","R","E"],"character_chosen":"DEFECT","items_purchased":["Coolheaded"],"campfire_rested":0,"item_purchase_floors":[4],"current_hp_per_floor":[64,64,64,64,63,63,57,57,57,51,30,30,30,0,0],"gold":94,"neow_bonus":"THREE_ENEMY_KILL","is_daily":false,"chose_seed":false,"campfire_upgraded":3,"win_rate":0.0,"timestamp":1612452744,"path_taken":["M","M","M","$","M","R","M","R","T","?","?","?","R","E"],"items_purchased_type":["Card"],"build_version":"2020-12-22","purchased_purges":1,"victory":false,"max_hp_per_floor":[71,71,71,71,71,71,71,71,71,71,71,71,71,71,71],"relic_stats":{"counters":[7,18],"obtain_stats":[{"Potion Belt":9,"NeowsBlessing":0,"Cracked Core":0},{"Potion Belt":5,"NeowsBlessing":0,"Cracked Core":0},{"Potion Belt":11,"NeowsBlessing":0,"Cracked Core":0}]},"card_choices":[{"not_picked":["Steam","Static Discharge"],"picked":"Consume","floor":1},{"not_picked":["Coolheaded","Recycle"],"picked":"Doom and Gloom","floor":2},{"not_picked":["Coolheaded","Barrage"],"picked":"Cold Snap","floor":3},{"not_picked":["Streamline","Redo","Reboot"],"picked":"SKIP","floor":5},{"not_picked":["Barrage","Fusion"],"picked":"Defragment","floor":7},{"not_picked":["Ball Lightning","Rip and Tear"],"picked":"Loop","floor":10}],"player_experience":4068394,"relics_obtained":[{"floor":9,"key":"Potion Belt"}],"event_choices":[{"damage_healed":0,"gold_gain":0,"player_choice":"Entered Light","damage_taken":21,"max_hp_gain":0,"max_hp_loss":0,"event_name":"Shining Light","floor":11,"gold_loss":0,"cards_upgraded":["Defend_B","Defend_B"]},{"damage_healed":0,"gold_gain":0,"player_choice":"Upgraded","damage_taken":0,"max_hp_gain":0,"max_hp_loss":0,"event_name":"Upgrade Shrine","floor":12,"gold_loss":0,"cards_upgraded":["Loop"]}],"is_beta":false,"boss_relics":[],"items_purged_floors":[4],"is_endless":false,"potions_floor_spawned":[3,5],"killed_by":"Gremlin Nob","ascension_level":20}}