{"host":"g2yp6paluzgljz05","time":1612421096,"event":{"mods":["BaseMod","Bestiary","Colored Powertips","DeckTracker","Highlight Path","Minty Spire (QoL Compilation)","Quick Restart"],"gold_per_floor":[110,110,90,100,100,100,50,64,64,99,99,24,24,34,34,34,34],"floor_reached":16,"language":"ENG","playtime":587,"items_purged":["Strike_R"],"score":147,"play_id":"dc47d340-d89b-45bb-9e70-43d2adae631c","local_time":"20210204174456","is_ascension_mode":true,"campfire_choices":[{"data":"Bash","floor":6,"key":"SMITH"},{"data":"Metallicize","floor":11,"key":"SMITH"},{"floor":15,"key":"REST"}],"circlet_count":0,"master_deck":["AscendersBane","Strike_R","Defend_R","Defend_R","Defend_R","Defend_R","Bash+1","Metallicize+1","True Grit"],"relics":["Burning Blood","Frozen Egg 2","Juzu Bracelet","Vajra"],"acts_visited":["Exordium"],"potions_floor_usage":[10,16,16],"damage_taken":[{"damage":16,"enemies":"Small Slimes","floor":1,"turns":3},{"damage":8,"enemies":"2 Louse","floor":4,"turns":4},{"damage":4,"enemies":"Jaw Worm","floor":8,"turns":4},{"damage":47,"enemies":"Gremlin Nob","floor":10,"turns":5},{"damage":25,"enemies":"Lots of Slimes","floor":14,"turns":7},{"damage":45,"enemies":"Hexaghost","floor":16,"turns":9}],"seed_played":"-2806100811294129871","potions_obtained":[{"floor":4,"key":"EssenceOfSteel"},{"floor":8,"key":"BloodPotion"},{"floor":10,"key":"CultistPotion"}],"is_trial":false,"path_per_floor":["M","?","?","M","?","R","?","M","T","E","R","$","T","M","R","B"],"character_chosen":"IRONCLAD","items_purchased":[],"campfire_rested":1,"item_purchase_floors":[],"current_hp_per_floor":[62,55,55,53,58,58,58,60,60,36,36,36,36,17,42,0,0],"gold":34,"neow_bonus":"REMOVE_CARD","is_daily":false,"chose_seed":false,"campfire_upgraded":2,"win_rate":0.0,"timestamp":1612421096,"path_taken":["M","?","?","M","?","R","?","?","T","E","R","$","?","M","R","BOSS"],"items_purchased_type":[],"build_version":"2020-12-22","purchased_purges":1,"victory":false,"max_hp_per_floor":[80,80,80,80,85,85,85,85,85,85,85,85,85,85,85,85,85],"card_choices":[{"not_picked":["Clothesline","Headbutt"],"picked":"Metallicize","floor":1},{"not_picked":["Seeing Red","Heavy Blade","Twin Strike"],"picked":"SKIP","floor":4},{"not_picked":["Combust","Ghostly Armor","Carnage"],"picked":"SKIP","floor":8},{"not_picked":["Wild Strike","Thunderclap","Hemokinesis"],"picked":"SKIP","floor":10},{"not_picked":["Shockwave","Thunderclap"],"picked":"True Grit","floor":14}],"player_experience":326304,"relics_obtained":[{"floor":9,"key":"Frozen Egg 2"},{"floor":10,"key":"Juzu Bracelet"},{"floor":13,"key":"Vajra"}],"event_choices":[{"cards_removed":["Strike_R"],"damage_healed":0,"gold_gain":0,"player_choice":"Card Removal","damage_taken":7,"max_hp_gain":0,"max_hp_loss":0,"event_name":"Golden Wing","floor":2,"gold_loss":0},{"damage_healed":0,"gold_gain":0,"player_choice":"Left Gold","damage_taken":0,"max_hp_gain":0,"max_hp_loss":0,"event_name":"World of Goop","floor":3,"gold_loss":20},{"damage_healed":0,"gold_gain":0,"player_choice":"Donut","damage_taken":0,"max_hp_gain":5,"max_hp_loss":0,"event_name":"Big Fish","floor":5,"gold_loss":0},{"cards_removed":["Strike_R"],"damage_healed":0,"gold_gain":0,"player_choice":"Card Removal","damage_taken":0,"max_hp_gain":0,"max_hp_loss":0,"event_name":"The Cleric","floor":7,"gold_loss":50}],"is_beta":false,"boss_relics":[],"items_purged_floors":[12],"is_endless":false,"potions_floor_spawned":[4,8,10],"killed_by":"Hexaghost","ascension_level":10}}