{"host":"b9id4afcchnn1rfb","time":1612467768,"event":{"mods":["Act Like it!","BaseMod","Better Note","Colored Map","Colored Powertips","Hallownest","Hermit","Infinite Spire","Minty Spire (QoL Compilation)","StSLib","SuperFastMode","The Death Knight","The Necromancer"],"gold_per_floor":[214,214,35,52,52,52,52,52],"floor_reached":7,"language":"ENG","playtime":129,"items_purged":[],"score":47,"play_id":"3f21748c-042d-46e5-af22-d6a4d95ad523","local_time":"20210204204248","is_ascension_mode":true,"campfire_choices":[{"data":"Summon_Undead","floor":6,"key":"SMITH"}],"circlet_count":0,"master_deck":["Strike_W","Strike_W","Strike_W","Strike_W","Defend_W","Defend_W","Defend_W","Defend_W","Negative_Energy_Arrows","Bone_Wall","Summon_Undead+1","Panache","Negative_Energy_Sphere"],"relics":["Vampire_Amulet","Juzu Bracelet","Golden Idol"],"acts_visited":["Exordium"],"potions_floor_usage":[1],"damage_taken":[{"damage":0,"enemies":"Small Slimes","floor":1,"turns":3},{"damage":8,"enemies":"2 Louse","floor":4,"turns":3},{"damage":78,"enemies":"Gremlin Nob","floor":7,"turns":5}],"seed_played":"4510477263402786680","potions_obtained":[{"floor":1,"key":"Fruit Juice"}],"is_trial":false,"path_per_floor":["M","?","$","M","?","R","E"],"character_chosen":"NECROMANCER","items_purchased":["Panache"],"campfire_rested":0,"item_purchase_floors":[3],"current_hp_per_floor":[80,73,73,75,55,55,0,0],"gold":52,"neow_bonus":"HUNDRED_GOLD","is_daily":false,"chose_seed":false,"campfire_upgraded":1,"win_rate":0.0,"timestamp":1612467768,"path_taken":["M","?","$","M","?","R","E"],"items_purchased_type":["Card"],"build_version":"2020-12-22","purchased_purges":0,"victory":false,"max_hp_per_floor":[80,80,80,80,80,80,80,80],"card_choices":[{"not_picked":["Negative_Energy_Shield","Negative_Energy_Javelin"],"picked":"Summon_Undead","floor":1},{"not_picked":["Blood_Shield","Bones_to_Steel"],"picked":"Negative_Energy_Sphere","floor":4}],"player_experience":484004,"relics_obtained":[],"event_choices":[{"damage_healed":0,"gold_gain":0,"player_choice":"Success","damage_taken":7,"relics_obtained":["Juzu Bracelet"],"max_hp_gain":0,"max_hp_loss":0,"event_name":"Scrap Ooze","floor":2,"gold_loss":0},{"damage_healed":0,"gold_gain":0,"player_choice":"Take Damage","damage_taken":20,"relics_obtained":["Golden Idol"],"max_hp_gain":0,"max_hp_loss":0,"event_name":"Golden Idol","floor":5,"gold_loss":0}],"is_beta":false,"boss_relics":[],"items_purged_floors":[],"is_endless":false,"potions_floor_spawned":[1],"killed_by":"Gremlin Nob","ascension_level":4}}