{"host":"i0avyit1s6jb1siw","time":1612468811,"event":{"mods":["BaseMod","DeckTracker","Dota2Spire","Highlight Path","Minty Spire (QoL Compilation)","Quick Restart","StSLib","SuperFastMode"],"gold_per_floor":[112,112,137,157,177,177,177,177,177,202,235,260,285,310,196,196,196,285,285,304,304,317,331,331,331],"floor_reached":24,"language":"ENG","playtime":480,"items_purged":["Strike_G"],"score":400,"play_id":"45dc0c4d-e7b0-4c50-afff-22ef0b5b636a","local_time":"20210204210011","is_ascension_mode":true,"campfire_choices":[{"floor":6.0,"key":"REST"},{"data":"Predator","floor":8.0,"key":"SMITH"},{"data":"Noxious Fumes","floor":17,"key":"SMITH"}],"circlet_count":0,"master_deck":["AscendersBane","Strike_G","Defend_G","Defend_G","Defend_G","Defend_G","Survivor","Neutralize","Heel Hook","Accuracy","Predator+1","Blur","Backstab","Dagger Spray","Infinite Blades","PiercingWail","Noxious Fumes+1","After Image","Deflect+1"],"relics":["Ring of the Snake","Golden Idol","Regal Pillow","Dota2Spire:EchoSabre","Dota2Spire:Dagon","Dota2Spire:Bloodstone","CultistMask"],"acts_visited":["Exordium","TheCity"],"potions_floor_usage":[18,18,18,23,24],"damage_taken":[{"damage":3.0,"enemies":"Small Slimes","floor":1.0,"turns":5.0},{"damage":7.0,"enemies":"Jaw Worm","floor":3.0,"turns":3.0},{"damage":1.0,"enemies":"Cultist","floor":4.0,"turns":4.0},{"damage":15.0,"enemies":"Large Slime","floor":5.0,"turns":11.0},{"damage":8.0,"enemies":"Gremlin Nob","floor":11.0,"turns":3.0},{"damage":0.0,"enemies":"Exordium Thugs","floor":12.0,"turns":3.0},{"damage":0.0,"enemies":"Red Slaver","floor":13.0,"turns":1.0},{"damage":1.0,"enemies":"2 Fungi Beasts","floor":14.0,"turns":2.0},{"damage":8,"enemies":"Slime Boss","floor":18,"turns":8},{"damage":14,"enemies":"2 Thieves","floor":20,"turns":3},{"damage":18,"enemies":"Spheric Guardian","floor":22,"turns":6},{"damage":27,"enemies":"Chosen and Byrds","floor":23,"turns":7},{"damage":37,"enemies":"Cultist and Chosen","floor":24,"turns":7}],"seed_played":"-5268609698082594179","potions_obtained":[{"floor":1.0,"key":"Regen Potion"},{"floor":3.0,"key":"DuplicationPotion"},{"floor":11.0,"key":"PowerPotion"},{"floor":13.0,"key":"EntropicBrew"},{"floor":18,"key":"SkillPotion"},{"floor":22,"key":"Energy Potion"},{"floor":23,"key":"Fire Potion"}],"is_trial":false,"path_per_floor":["M","?","M","M","M","R","?","R","T","T","E","M","M","M","$","?","R","B",null,"M","?","M","M","M"],"character_chosen":"THE_SILENT","items_purchased":["Noxious Fumes"],"campfire_rested":1,"item_purchase_floors":[15],"current_hp_per_floor":[41,41,34,33,18,36,36,36,36,36,28,28,28,27,27,27,27,34,54,40,40,22,4,0,0],"gold":331,"neow_bonus":"TRANSFORM_TWO_CARDS","is_daily":false,"chose_seed":false,"campfire_upgraded":2,"win_rate":0.0,"timestamp":1612468811,"path_taken":["M","?","M","M","M","R","?","R","T","T","E","M","?","M","$","?","R","BOSS","M","?","?","M","M"],"items_purchased_type":["Card"],"build_version":"2020-12-22","purchased_purges":1,"victory":false,"max_hp_per_floor":[66,60,60,60,60,60,60,60,60,60,60,60,60,60,60,60,60,60,60,60,60,60,60,60,60],"card_choices":[{"not_picked":["Heel Hook","Catalyst"],"picked":"Predator","floor":1.0},{"not_picked":["Prepared","Underhanded Strike","Bane"],"picked":"SKIP","floor":3.0},{"not_picked":["Deflect","Backflip"],"picked":"Blur","floor":4.0},{"not_picked":["Leg Sweep","Prepared"],"picked":"Backstab","floor":5.0},{"not_picked":["Backstab","Outmaneuver","Grand Finale"],"picked":"SKIP","floor":11.0},{"not_picked":["Slice","Underhanded Strike","Blur"],"picked":"SKIP","floor":12.0},{"not_picked":["PiercingWail","Slice"],"picked":"Infinite Blades","floor":13.0},{"not_picked":["Eviscerate","Dodge and Roll"],"picked":"PiercingWail","floor":14.0},{"not_picked":["A Thousand Cuts","Venomology"],"picked":"After Image","floor":18},{"not_picked":["Well Laid Plans","PiercingWail"],"picked":"Deflect+1","floor":20},{"not_picked":["Noxious Fumes","Calculated Gamble","Eviscerate"],"picked":"SKIP","floor":22},{"not_picked":["Slice","Underhanded Strike","Poisoned Stab"],"picked":"SKIP","floor":23}],"player_experience":2407197,"relics_obtained":[{"floor":9.0,"key":"Regal Pillow"},{"floor":10.0,"key":"Dota2Spire:EchoSabre"},{"floor":11.0,"key":"Dota2Spire:Dagon"}],"event_choices":[{"damage_healed":0.0,"max_hp_gain":0.0,"max_hp_loss":6.0,"gold_gain":0.0,"event_name":"Golden Idol","player_choice":"Lose Max HP","floor":2.0,"gold_loss":0.0,"damage_taken":0.0,"relics_obtained":["Golden Idol"]},{"damage_healed":0.0,"max_hp_gain":0.0,"max_hp_loss":0.0,"gold_gain":0.0,"cards_transformed":["Strike_G"],"event_name":"Transmorgrifier","player_choice":"Transformed","floor":7.0,"gold_loss":0.0,"damage_taken":0.0,"cards_obtained":["Dagger Spray"]},{"cards_removed":["Strike_G"],"damage_healed":0.0,"max_hp_gain":0.0,"max_hp_loss":0.0,"gold_gain":0.0,"event_name":"Purifier","player_choice":"Purged","floor":16.0,"gold_loss":0.0,"damage_taken":0.0},{"damage_healed":0,"gold_gain":0,"player_choice":"Trade","damage_taken":0,"relics_obtained":["CultistMask"],"max_hp_gain":0,"max_hp_loss":0,"event_name":"FaceTrader","floor":21,"gold_loss":0}],"is_beta":false,"boss_relics":[{"not_picked":["Coffee Dripper","Calling Bell"],"picked":"Dota2Spire:Bloodstone"}],"items_purged_floors":[15],"is_endless":false,"potions_floor_spawned":[1,3,4,11,13,18,22,23],"killed_by":"Cultist and Chosen","ascension_level":20}}