{"host":"n4fty02wqqi95laq","time":1612444611,"event":{"mods":["BaseMod","Highlight Path","Minty Spire (QoL Compilation)","Quick Restart","Rare Cards Sparkle","StSLib"],"gold_per_floor":[109,109,55,55,68,98,98,98,122,147,176,188,113,113,113],"floor_reached":14,"language":"ZHS","playtime":244,"items_purged":[],"score":242,"play_id":"b25ca183-97ab-4761-863c-9a64aa64193c","local_time":"20210204211651","is_ascension_mode":true,"campfire_choices":[{"data":"Blade Dance","floor":7.0,"key":"SMITH"}],"circlet_count":0,"master_deck":["AscendersBane","Strike_G","Strike_G","Defend_G","Defend_G","Defend_G","Defend_G","Defend_G","Survivor","Neutralize","Cloak And Dagger","Blade Dance+1","Acrobatics","Backflip","Die Die Die"],"relics":["Ring of the Snake","NeowsBlessing","Pocketwatch","Pen Nib","Odd Mushroom","Ornamental Fan"],"acts_visited":["Exordium"],"potions_floor_usage":[11],"damage_taken":[{"damage":0.0,"enemies":"2 Louse","floor":1.0,"turns":1.0},{"damage":0.0,"enemies":"Cultist","floor":5.0,"turns":1.0},{"damage":0.0,"enemies":"3 Sentries","floor":6.0,"turns":1.0},{"damage":12,"enemies":"The Mushroom Lair","floor":10,"turns":4},{"damage":26,"enemies":"Gremlin Nob","floor":11,"turns":4},{"damage":0,"enemies":"Jaw Worm","floor":12,"turns":3},{"damage":18,"enemies":"Lagavulin","floor":14,"turns":8}],"seed_played":"-4894844700466803817","potions_obtained":[{"floor":5.0,"key":"FearPotion"}],"is_trial":false,"path_per_floor":["M","?","$","$","M","E","R","?","T","?","E","M","?","E"],"character_chosen":"THE_SILENT","items_purchased":["Blade Dance"],"campfire_rested":0,"item_purchase_floors":[3],"current_hp_per_floor":[59,59,59,59,59,59,59,59,59,47,21,21,21,3,3],"gold":113,"neow_bonus":"THREE_ENEMY_KILL","is_daily":false,"chose_seed":false,"campfire_upgraded":1,"win_rate":0.0,"timestamp":1612444611,"path_taken":["M","?","?","$","M","E","R","?","T","?","E","?","?","E"],"items_purchased_type":["Card"],"build_version":"2020-12-22","purchased_purges":0,"victory":false,"max_hp_per_floor":[66,66,66,66,66,66,66,66,66,66,66,66,66,66,66],"card_choices":[{"not_picked":["Quick Slash","Heel Hook"],"picked":"Cloak And Dagger","floor":1.0},{"not_picked":["Prepared","PiercingWail","Deflect"],"picked":"SKIP","floor":5.0},{"not_picked":["Bouncing Flask","Prepared"],"picked":"Acrobatics","floor":6.0},{"not_picked":["Quick Slash","Choke"],"picked":"Backflip","floor":11},{"not_picked":["Bane","Flechettes"],"picked":"Die Die Die","floor":12}],"player_experience":702198,"relics_obtained":[{"floor":6.0,"key":"Pocketwatch"},{"floor":9,"key":"Pen Nib"},{"floor":10,"key":"Odd Mushroom"},{"floor":11,"key":"Ornamental Fan"}],"event_choices":[{"cards_removed":["Strike_G"],"damage_healed":0.0,"max_hp_gain":0.0,"max_hp_loss":0.0,"gold_gain":0.0,"event_name":"Purifier","player_choice":"Purged","floor":2.0,"gold_loss":0.0,"damage_taken":0.0},{"cards_removed":["Strike_G"],"damage_healed":0,"gold_gain":0,"player_choice":"Forget","damage_taken":0,"max_hp_gain":0,"max_hp_loss":0,"event_name":"Living Wall","floor":8,"gold_loss":0},{"damage_healed":0,"gold_gain":0,"player_choice":"Fought Mushrooms","damage_taken":0,"max_hp_gain":0,"max_hp_loss":0,"event_name":"Mushrooms","floor":10,"gold_loss":0},{"cards_removed":["Strike_G"],"damage_healed":0,"gold_gain":0,"player_choice":"Card Removal","damage_taken":0,"max_hp_gain":0,"max_hp_loss":0,"event_name":"The Cleric","floor":13,"gold_loss":75}],"is_beta":false,"boss_relics":[],"items_purged_floors":[],"is_endless":false,"potions_floor_spawned":[5],"killed_by":"Lagavulin","ascension_level":20}}