{"host":"25fn74ijs2305xd4","time":1612453455,"event":{"mods":["AchievementEnabler","BaseMod","Colored Map","Colored Powertips","Dark Map","Minty Spire (QoL Compilation)","Relic Stats","StSLib"],"gold_per_floor":[111,111,123,146,173,185,224,216,228,240,252,46,46,66,66,169,169,180,180,130,146,146,146],"floor_reached":22,"language":"POL","playtime":700,"items_purged":["Strike_B"],"score":271,"play_id":"abe16f4a-2153-47e6-8690-1d577495db49","local_time":"20210204164415","is_ascension_mode":true,"campfire_choices":[{"data":"Lockon","floor":6,"key":"SMITH"},{"data":"Conserve Battery","floor":11,"key":"SMITH"},{"data":"Core Surge","floor":13,"key":"SMITH"},{"data":"Consume","floor":15,"key":"SMITH"}],"circlet_count":0,"master_deck":["Strike_B","Strike_B","Strike_B","Defend_B","Defend_B","Defend_B","Defend_B","Zap","Dualcast","Conserve Battery+1","Lockon+1","Core Surge+1","Consume+1","Multi-Cast","Cold Snap","Undo"],"relics":["Cracked Core","NeowsBlessing","MawBank","Mummified Hand","Pear","Runic Capacitor","Nuclear Battery"],"acts_visited":["Exordium","TheCity"],"potions_floor_usage":[16,18,21,22],"damage_taken":[{"damage":0,"enemies":"Jaw Worm","floor":1,"turns":1},{"damage":0,"enemies":"Cultist","floor":4,"turns":1},{"damage":0,"enemies":"Small Slimes","floor":5,"turns":1},{"damage":28,"enemies":"3 Sentries","floor":7,"turns":10},{"damage":21,"enemies":"Exordium Thugs","floor":14,"turns":5},{"damage":8,"enemies":"Hexaghost","floor":16,"turns":7},{"damage":20,"enemies":"Shell Parasite","floor":18,"turns":7},{"damage":8,"enemies":"Spheric Guardian","floor":21,"turns":4},{"damage":25,"enemies":"Snake Plant","floor":22,"turns":4}],"seed_played":"2718754669333831591","potions_obtained":[{"floor":4,"key":"Dexterity Potion"},{"floor":5,"key":"Dexterity Potion"},{"floor":8,"key":"EssenceOfDarkness"},{"floor":21,"key":"DuplicationPotion"}],"is_trial":false,"path_per_floor":["M","?","$","M","M","R","E","?","T","$","R","$","R","M","R","B",null,"M","?","?","M","M"],"character_chosen":"DEFECT","items_purchased":["Runic Capacitor"],"campfire_rested":0,"item_purchase_floors":[12],"current_hp_per_floor":[68,68,68,68,68,68,40,40,50,50,50,50,50,29,29,21,69,49,33,33,25,0,0],"gold":146,"neow_bonus":"THREE_ENEMY_KILL","is_daily":false,"chose_seed":false,"campfire_upgraded":4,"win_rate":0.0,"timestamp":1612453455,"path_taken":["M","?","$","?","M","R","E","?","T","?","R","$","R","M","R","BOSS","M","?","?","M","?"],"items_purchased_type":["Relic"],"build_version":"2020-12-22","purchased_purges":1,"victory":false,"max_hp_per_floor":[75,75,75,75,75,75,75,75,85,85,85,85,85,85,85,85,85,85,90,90,90,90,90],"relic_stats":{"counters":[9,40],"Mummified Hand":[0],"MawBank":120,"obtain_stats":[{"Pear":9,"NeowsBlessing":0,"Mummified Hand":7,"Runic Capacitor":12,"Cracked Core":0,"MawBank":2,"Nuclear Battery":17},{"Pear":4,"NeowsBlessing":0,"Mummified Hand":4,"Runic Capacitor":4,"Cracked Core":0,"MawBank":1,"Nuclear Battery":6},{"Pear":13,"NeowsBlessing":0,"Mummified Hand":13,"Runic Capacitor":13,"Cracked Core":0,"MawBank":1,"Nuclear Battery":25}]},"card_choices":[{"not_picked":["Steam","Stack"],"picked":"Rebound","floor":1},{"not_picked":["Redo","Double Energy"],"picked":"Conserve Battery","floor":4},{"not_picked":["Hologram","Recycle"],"picked":"Lockon","floor":5},{"not_picked":["Self Repair","Beam Cell"],"picked":"Core Surge","floor":7},{"not_picked":["Barrage","White Noise"],"picked":"Consume","floor":14},{"not_picked":["Meteor Strike","Thunder Strike"],"picked":"Multi-Cast","floor":16},{"not_picked":["Sweeping Beam","Streamline"],"picked":"Cold Snap","floor":18},{"not_picked":["Go for the Eyes","Static Discharge"],"picked":"Undo","floor":21}],"player_experience":87933,"relics_obtained":[{"floor":7,"key":"Mummified Hand"},{"floor":9,"key":"Pear"}],"event_choices":[{"cards_removed":["Rebound"],"damage_healed":0,"gold_gain":0,"player_choice":"Gave Card","damage_taken":0,"relics_obtained":["MawBank"],"max_hp_gain":0,"max_hp_loss":0,"event_name":"WeMeetAgain","floor":2,"gold_loss":0},{"damage_healed":0,"gold_gain":0,"player_choice":"Bought 1 Potion","damage_taken":0,"max_hp_gain":0,"max_hp_loss":0,"event_name":"The Woman in Blue","floor":8,"gold_loss":0},{"damage_healed":0,"gold_gain":0,"player_choice":"Shed Blood","damage_taken":21,"max_hp_gain":5,"max_hp_loss":0,"event_name":"Forgotten Altar","floor":19,"gold_loss":0},{"damage_healed":0,"gold_gain":0,"player_choice":"Bet on Murderer","damage_taken":0,"max_hp_gain":0,"max_hp_loss":0,"event_name":"The Joust","floor":20,"gold_loss":50}],"is_beta":false,"boss_relics":[{"not_picked":["Philosopher\u0027s Stone","Cursed Key"],"picked":"Nuclear Battery"}],"items_purged_floors":[12],"is_endless":false,"potions_floor_spawned":[4,5,21],"killed_by":"Snake Plant","ascension_level":7}}