{"host":"mnpd8gh7cwxsn5kh","time":1612475025,"event":{"mods":["BaseMod","Bestiary","Block Reminder","Colored Map","Colored Powertips","Highlight Path","Minty Spire (QoL Compilation)","Relic Sorter","Relic Stats"],"gold_per_floor":[110,24,24,24,24,55,55,69,69,103,114,114,114,146,146,249,249,263,277,477,160,160,160,186,205,205,205,224,258,276,304,304,400,400,417,37,50,50,67,97,147,147,147,215,244,244,274,27,27,27],"floor_reached":51,"language":"ENG","playtime":6715,"items_purged":["Defend_P","Parasite"],"score":1355,"play_id":"04d2af6a-0c60-4f6a-b16f-5aa2db3447a6","local_time":"20210204224345","is_ascension_mode":true,"campfire_choices":[{"data":"BattleHymn","floor":7,"key":"SMITH"},{"data":"TalkToTheHand","floor":12,"key":"SMITH"},{"floor":15,"key":"REST"},{"data":"Defend_P","floor":23,"key":"PURGE"},{"floor":32,"key":"RECALL"},{"data":"LessonLearned+1","floor":49,"key":"PURGE"}],"circlet_count":0,"master_deck":["Strike_P+1","Strike_P+1","Defend_P+1","Eruption+1","Vigilance+1","BattleHymn+1","TalkToTheHand+1","ThirdEye+1","WindmillStrike+1","FlurryOfBlows+1","ThirdEye+1","ClearTheMind+1","Vault+1","Protect+1","Crescendo+1","ConjureBlade+1","Halt+1","CutThroughFate+1","Perseverance+1","Meditate+1","FearNoEvil+1","TalkToTheHand+1","Judgement+1","Evaluate+1","LikeWater+1","Crescendo+1","ThirdEye+1","Establishment+1","Wireheading+1","TalkToTheHand","LikeWater"],"relics":["HolyWater","Matryoshka","Du-Vu Doll","Whetstone","Toxic Egg 2","Peace Pipe","HornCleat","SlaversCollar","Eternal Feather","White Beast Statue","War Paint","PreservedInsect","Kunai","Lantern","Akabeko","TeardropLocket","Question Card","Pocketwatch","Pear","Boot","Sundial"],"acts_visited":["Exordium","TheCity","TheBeyond"],"potions_floor_usage":[25,30,31,33,33,35,40,40,40,45,47,50,50],"damage_taken":[{"damage":2,"enemies":"Jaw Worm","floor":1,"turns":6},{"damage":0,"enemies":"Lagavulin","floor":6,"turns":4},{"damage":0,"enemies":"2 Louse","floor":8,"turns":2},{"damage":5,"enemies":"3 Sentries","floor":10,"turns":4},{"damage":0,"enemies":"Cultist","floor":11,"turns":2},{"damage":16,"enemies":"Gremlin Nob","floor":14,"turns":3},{"damage":0,"enemies":"Slime Boss","floor":16,"turns":3},{"damage":0,"enemies":"Spheric Guardian","floor":18,"turns":2},{"damage":4,"enemies":"3 Byrds","floor":19,"turns":6},{"damage":0,"enemies":"Slavers","floor":24,"turns":7},{"damage":0,"enemies":"Centurion and Healer","floor":25,"turns":3},{"damage":8,"enemies":"Snake Plant","floor":28,"turns":4},{"damage":0,"enemies":"Gremlin Leader","floor":29,"turns":5},{"damage":0,"enemies":"Shelled Parasite and Fungi","floor":30,"turns":4},{"damage":20,"enemies":"Slavers","floor":31,"turns":2},{"damage":0,"enemies":"Collector","floor":33,"turns":7},{"damage":0,"enemies":"3 Shapes","floor":35,"turns":11},{"damage":0,"enemies":"3 Darklings","floor":37,"turns":8},{"damage":0,"enemies":"Writhing Mass","floor":39,"turns":5},{"damage":2,"enemies":"Reptomancer","floor":40,"turns":7},{"damage":0,"enemies":"Mind Bloom Boss Battle","floor":41,"turns":7},{"damage":1,"enemies":"Giant Head","floor":45,"turns":5},{"damage":5,"enemies":"Nemesis","floor":47,"turns":6},{"damage":29,"enemies":"Awakened One","floor":50,"turns":11}],"seed_played":"2766486404725664960","potions_obtained":[{"floor":1,"key":"SmokeBomb"},{"floor":10,"key":"SneckoOil"},{"floor":16,"key":"Ambrosia"},{"floor":24,"key":"LiquidMemories"},{"floor":25,"key":"SpeedPotion"},{"floor":29,"key":"DuplicationPotion"},{"floor":30,"key":"BlessingOfTheForge"},{"floor":31,"key":"Fire Potion"},{"floor":33,"key":"Strength Potion"},{"floor":35,"key":"Block Potion"},{"floor":37,"key":"Block Potion"},{"floor":40,"key":"LiquidMemories"},{"floor":41,"key":"PowerPotion"},{"floor":45,"key":"Strength Potion"},{"floor":47,"key":"Fire Potion"}],"is_trial":false,"path_per_floor":["M","$","?","T","?","E","R","M","T","E","M","R","?","E","R","B",null,"M","M","?","$","?","R","E","M","T","T","M","E","M","E","R","B",null,"M","$","M","?","M","E","?","?","T","T","E","?","E","$","R","B",null],"character_chosen":"WATCHER","items_purchased":["TalkToTheHand","ThirdEye","Eternal Feather","TeardropLocket","LikeWater","Crescendo+1","TalkToTheHand","LikeWater"],"campfire_rested":1,"item_purchase_floors":[2,2,21,36,36,36,48,48],"current_hp_per_floor":[63,63,63,63,49,49,49,49,49,44,44,44,37,21,42,42,65,65,61,61,61,61,70,70,70,70,70,62,62,62,42,54,54,68,68,68,68,68,68,66,66,66,66,76,75,75,70,70,75,46],"gold":27,"neow_bonus":"UPGRADE_CARD","is_daily":false,"chose_seed":false,"campfire_upgraded":2,"win_rate":0.0,"timestamp":1612475025,"path_taken":["M","$","?","?","?","E","R","?","T","E","M","R","?","E","R","BOSS","M","M","?","?","?","R","E","M","T","?","?","E","M","E","R","BOSS","M","$","M","?","M","E","?","?","T","?","E","?","E","$","R","BOSS"],"items_purchased_type":["Card","Card","Relic","Relic","Card","Card","Card","Card"],"build_version":"2020-12-22","purchased_purges":2,"victory":true,"max_hp_per_floor":[72,72,72,72,72,72,72,72,72,72,72,72,72,72,72,72,72,72,72,72,72,72,72,72,72,72,72,72,72,72,72,72,72,72,72,72,72,72,72,72,72,68,68,78,78,78,78,75,75,75],"relic_stats":{"Peace Pipe":2,"counters":[24,124],"Sundial":[2],"Eternal Feather":26,"PreservedInsect":327,"Whetstone":["WindmillStrike","Strike_P"],"Kunai":[38],"War Paint":["Vigilance"],"Question Card":3,"Boot":[24],"obtain_stats":[{"Lantern":29,"Pear":44,"Eternal Feather":21,"PreservedInsect":26,"Whetstone":9,"TeardropLocket":36,"War Paint":26,"Question Card":40,"Boot":45,"White Beast Statue":24,"Akabeko":31,"Du-Vu Doll":6,"Peace Pipe":10,"SlaversCollar":17,"Matryoshka":4,"HornCleat":14,"Sundial":47,"HolyWater":34,"Kunai":27,"PureWater":0,"Toxic Egg 2":9,"Pocketwatch":41},{"Lantern":13,"Pear":21,"Eternal Feather":9,"PreservedInsect":11,"Whetstone":3,"TeardropLocket":17,"War Paint":11,"Question Card":20,"Boot":22,"White Beast Statue":10,"Akabeko":15,"Du-Vu Doll":2,"Peace Pipe":4,"SlaversCollar":7,"Matryoshka":1,"HornCleat":6,"Sundial":23,"HolyWater":16,"Kunai":11,"PureWater":0,"Toxic Egg 2":3,"Pocketwatch":21},{"Lantern":51,"Pear":102,"Eternal Feather":32,"PreservedInsect":42,"Whetstone":12,"TeardropLocket":75,"War Paint":42,"Question Card":95,"Boot":107,"White Beast Statue":39,"Akabeko":57,"Du-Vu Doll":10,"Peace Pipe":16,"SlaversCollar":24,"Matryoshka":6,"HornCleat":21,"Sundial":113,"HolyWater":64,"Kunai":42,"PureWater":0,"Toxic Egg 2":12,"Pocketwatch":102}],"Pocketwatch":[0]},"card_choices":[{"not_picked":["Collect","JustLucky"],"picked":"BattleHymn","floor":1},{"not_picked":["Worship","FollowUp"],"picked":"WindmillStrike","floor":6},{"not_picked":["JustLucky","PathToVictory"],"picked":"FlurryOfBlows","floor":8},{"not_picked":["Consecrate","Sanctity+1"],"picked":"ThirdEye+1","floor":10},{"not_picked":["Consecrate","Prostrate+1"],"picked":"ClearTheMind+1","floor":11},{"not_picked":["Collect+1","SashWhip"],"picked":"FlurryOfBlows","floor":14},{"not_picked":["Judgement+1","Blasphemy+1"],"picked":"Vault+1","floor":16},{"not_picked":["ThirdEye+1","ClearTheMind+1"],"picked":"Protect+1","floor":18},{"not_picked":["SignatureMove","WheelKick"],"picked":"Crescendo+1","floor":19},{"not_picked":["MasterReality","ForeignInfluence+1"],"picked":"Halt+1","floor":24},{"not_picked":["WreathOfFlame+1","InnerPeace+1"],"picked":"CutThroughFate","floor":25},{"not_picked":["CrushJoints","SashWhip"],"picked":"Perseverance+1","floor":28},{"not_picked":["Nirvana","CrushJoints"],"picked":"Meditate+1","floor":29},{"not_picked":["Devotion","Consecrate+1"],"picked":"FearNoEvil","floor":30},{"not_picked":["Pray+1","WaveOfTheHand+1"],"picked":"TalkToTheHand","floor":31},{"not_picked":["Ragnarok","Alpha+1"],"picked":"Judgement+1","floor":33},{"not_picked":["Sanctity+1","SashWhip"],"picked":"Evaluate+1","floor":35},{"not_picked":["Crescendo+1","FollowUp+1","Swivel+1"],"picked":"SKIP","floor":37},{"not_picked":["CrushJoints","ForeignInfluence+1"],"picked":"ThirdEye+1","floor":39},{"not_picked":["PathToVictory+1","Halt+1","Crescendo+1"],"picked":"SKIP","floor":40},{"not_picked":["FollowUp+1","Protect+1","CutThroughFate"],"picked":"Establishment","floor":41},{"not_picked":["WindmillStrike","Crescendo+1","ClearTheMind+1"],"picked":"Wireheading","floor":45},{"not_picked":["FollowUp","ConjureBlade+1","Adaptation+1","EmptyBody+1"],"picked":"SKIP","floor":47}],"player_experience":298051,"relics_obtained":[{"floor":4,"key":"Matryoshka"},{"floor":6,"key":"Du-Vu Doll"},{"floor":9,"key":"Whetstone"},{"floor":9,"key":"Toxic Egg 2"},{"floor":10,"key":"Peace Pipe"},{"floor":14,"key":"HornCleat"},{"floor":24,"key":"White Beast Statue"},{"floor":26,"key":"War Paint"},{"floor":26,"key":"PreservedInsect"},{"floor":27,"key":"Kunai"},{"floor":29,"key":"Lantern"},{"floor":31,"key":"Akabeko"},{"floor":40,"key":"Question Card"},{"floor":41,"key":"Pocketwatch"},{"floor":44,"key":"Pear"},{"floor":45,"key":"Boot"},{"floor":47,"key":"Sundial"}],"event_choices":[{"damage_healed":0,"gold_gain":0,"player_choice":"Fled","damage_taken":0,"max_hp_gain":0,"max_hp_loss":0,"event_name":"Scrap Ooze","floor":3,"gold_loss":0},{"damage_healed":0,"gold_gain":0,"player_choice":"Entered Light","damage_taken":14,"max_hp_gain":0,"max_hp_loss":0,"event_name":"Shining Light","floor":5,"gold_loss":0,"cards_upgraded":["Defend_P","Strike_P"]},{"cards_removed":["Strike_P"],"damage_healed":0,"gold_gain":0,"player_choice":"Card Removal","damage_taken":7,"max_hp_gain":0,"max_hp_loss":0,"event_name":"Golden Wing","floor":13,"gold_loss":0},{"damage_healed":0,"gold_gain":250,"player_choice":"Bet on Owner","damage_taken":0,"max_hp_gain":0,"max_hp_loss":0,"event_name":"The Joust","floor":20,"gold_loss":50},{"damage_healed":0,"gold_gain":0,"cards_transformed":["Defend_P","Strike_P"],"player_choice":"Became Test Subject","damage_taken":0,"max_hp_gain":0,"max_hp_loss":0,"event_name":"Drug Dealer","floor":22,"gold_loss":0,"cards_obtained":["LessonLearned","ConjureBlade"]},{"cards_removed":["FlurryOfBlows"],"damage_healed":0,"gold_gain":0,"player_choice":"Removed Attack","damage_taken":0,"max_hp_gain":0,"max_hp_loss":0,"event_name":"Falling","floor":38,"gold_loss":0},{"damage_healed":0,"gold_gain":0,"player_choice":"Fight","damage_taken":0,"max_hp_gain":0,"max_hp_loss":0,"event_name":"MindBloom","floor":41,"gold_loss":0},{"damage_healed":0,"gold_gain":0,"player_choice":"Max HP","damage_taken":0,"max_hp_gain":0,"max_hp_loss":4,"event_name":"Winding Halls","floor":42,"gold_loss":0},{"damage_healed":0,"gold_gain":0,"player_choice":"Upgraded","damage_taken":0,"max_hp_gain":0,"max_hp_loss":0,"event_name":"Upgrade Shrine","floor":46,"gold_loss":0,"cards_upgraded":["Wireheading"]}],"is_beta":false,"boss_relics":[{"not_picked":["Calling Bell","Runic Dome"],"picked":"SlaversCollar"},{"not_picked":["Pandora\u0027s Box","Astrolabe"],"picked":"HolyWater"}],"items_purged_floors":[21,48],"is_endless":false,"potions_floor_spawned":[1,10,16,24,25,28,29,30,31,33,35,37,39,40,41,45,47],"ascension_level":8}}