{"host":"5w7hw1ne5h7avrl9","time":1612416192,"event":{"mods":["AchievementEnabler","BaseMod","Colored Map","Colored Powertips","Displayed Cursed Tome","Googly Eyes","Minty Spire (QoL Compilation)","SuperFastMode"],"gold_per_floor":[117,30,30,41,41,41,53,6,6,6,6,6,69,52,52,154,154,171,184,27,77,91,91,91,91],"floor_reached":24,"language":"ENG","playtime":2104,"items_purged":[],"score":260,"play_id":"89ab1140-7d00-49be-990a-0fbb5c2aa59f","local_time":"20210203212312","is_ascension_mode":true,"campfire_choices":[{"data":"Creative AI","floor":6,"key":"SMITH"},{"data":"Chill","floor":10,"key":"SMITH"},{"data":"Buffer","floor":12,"key":"SMITH"},{"data":"Gash","floor":15,"key":"SMITH"},{"data":"Gash","floor":23,"key":"SMITH"}],"circlet_count":0,"master_deck":["Creative AI+1","Streamline","Buffer+1","Chill+1","Lockon","Gash+1","Seek","Capacitor","Conserve Battery","Flash of Steel","Heatsinks","Redo","Cold Snap","Gash+1","Amplify","Auto Shields+1","Chill+1","Buffer+1","J.A.X.","Cold Snap+1"],"relics":["Pandora\u0027s Box","Tiny Chest","Pear","SsserpentHead","Empty Cage","DollysMirror"],"acts_visited":["Exordium","TheCity"],"potions_floor_usage":[14,16,22,22],"damage_taken":[{"damage":4,"enemies":"Small Slimes","floor":1,"turns":4},{"damage":0,"enemies":"Cultist","floor":4,"turns":5},{"damage":10,"enemies":"Jaw Worm","floor":7,"turns":3},{"damage":9,"enemies":"Exordium Wildlife","floor":13,"turns":5},{"damage":10,"enemies":"Exordium Thugs","floor":14,"turns":4},{"damage":7,"enemies":"Slime Boss","floor":16,"turns":9},{"damage":24,"enemies":"3 Byrds","floor":18,"turns":7},{"damage":10,"enemies":"Chosen","floor":19,"turns":7},{"damage":20,"enemies":"Snake Plant","floor":22,"turns":7},{"damage":34,"enemies":"Book of Stabbing","floor":24,"turns":9}],"seed_played":"2522045644977977082","potions_obtained":[{"floor":7,"key":"Explosive Potion"},{"floor":14,"key":"BlessingOfTheForge"},{"floor":16,"key":"AttackPotion"},{"floor":19,"key":"Weak Potion"},{"floor":22,"key":"SmokeBomb"}],"is_trial":false,"path_per_floor":["M","$","?","M","?","R","M","$","T","R","?","R","M","M","R","B",null,"M","M","$","?","M","R","E"],"character_chosen":"DEFECT","items_purchased":["Flash of Steel","Cold Snap","DollysMirror"],"campfire_rested":0,"item_purchase_floors":[2,8,20],"current_hp_per_floor":[71,71,64,64,64,64,54,54,64,64,64,64,55,45,45,38,85,61,51,51,51,31,31,0,0],"gold":91,"neow_bonus":"BOSS_RELIC","is_daily":false,"chose_seed":false,"campfire_upgraded":5,"win_rate":0.0,"timestamp":1612416192,"path_taken":["M","$","?","M","?","R","M","$","T","R","?","R","?","M","R","BOSS","M","M","$","?","M","R","E"],"items_purchased_type":["Card","Card","Relic"],"build_version":"2020-12-22","purchased_purges":0,"victory":false,"max_hp_per_floor":[75,75,75,75,75,75,75,75,85,85,85,85,85,85,85,85,85,85,85,85,85,85,85,85,85],"card_choices":[{"not_picked":["Ball Lightning","Compile Driver"],"picked":"Conserve Battery","floor":1},{"not_picked":["Reinforced Body","Sweeping Beam"],"picked":"Heatsinks","floor":4},{"not_picked":["Blizzard","Compile Driver"],"picked":"Redo","floor":7},{"not_picked":["Compile Driver","Steam","Barrage"],"picked":"SKIP","floor":13},{"not_picked":["Force Field","Leap"],"picked":"Gash","floor":14},{"not_picked":["Thunder Strike","Seek"],"picked":"Amplify","floor":16},{"not_picked":["Turbo","Compile Driver"],"picked":"Auto Shields+1","floor":18},{"not_picked":["Compile Driver","Glacier"],"picked":"Chill+1","floor":19},{"not_picked":["Stack","Go for the Eyes"],"picked":"Cold Snap+1","floor":22}],"player_experience":181120,"relics_obtained":[{"floor":9,"key":"Pear"}],"event_choices":[{"cards_removed":["Dualcast"],"damage_healed":0,"gold_gain":0,"player_choice":"Card Removal","damage_taken":7,"max_hp_gain":0,"max_hp_loss":0,"event_name":"Golden Wing","floor":3,"gold_loss":0},{"damage_healed":0,"gold_gain":0,"player_choice":"Box","damage_taken":0,"relics_obtained":["Tiny Chest"],"max_hp_gain":0,"max_hp_loss":0,"event_name":"Big Fish","floor":5,"gold_loss":0,"cards_obtained":["Regret"]},{"damage_healed":0,"gold_gain":0,"player_choice":"Trade","damage_taken":0,"relics_obtained":["SsserpentHead"],"max_hp_gain":0,"max_hp_loss":0,"event_name":"FaceTrader","floor":11,"gold_loss":0},{"damage_healed":0,"gold_gain":0,"player_choice":"Obtain J.A.X.","damage_taken":0,"max_hp_gain":0,"max_hp_loss":0,"event_name":"Drug Dealer","floor":21,"gold_loss":0,"cards_obtained":["J.A.X."]}],"is_beta":false,"boss_relics":[{"not_picked":["Philosopher\u0027s Stone","Fusion Hammer"],"picked":"Empty Cage"}],"items_purged_floors":[],"is_endless":false,"potions_floor_spawned":[7,14,16,19,22],"killed_by":"Book of Stabbing","ascension_level":2}}