{"host":"oigynbtg272c19pw","time":1612446270,"event":{"mods":["BaseMod","Colored Map","Minty Spire (QoL Compilation)","Relic Stats","Slay the Relics Exporter","StSLib"],"gold_per_floor":[118,193,220,6,16,342,342,354,354,369,369,399,324,25,25,96,96,107,107,32,32,52,52,52,63,63,3,3,32,32,66,66,140,140,151,111,122,14,30,60,72,117,129,168,200,8,43,61,61,61,61,61,61,23,58,58],"floor_reached":57,"playtime":4156,"items_purged":["Defend_R","Strike_R"],"score":3103,"play_id":"0d99ffb2-2c49-4040-9878-771869ed2627","local_time":"20210204144430","is_ascension_mode":true,"campfire_choices":[{"data":"Clothesline","floor":7,"key":"SMITH"},{"data":"Uppercut","floor":11,"key":"SMITH"},{"data":"Impervious","floor":15,"key":"SMITH"},{"data":"Disarm","floor":23,"key":"SMITH"},{"data":"Power Through","floor":30,"key":"SMITH"},{"data":"Sentinel","floor":32,"key":"SMITH"},{"floor":49,"key":"RECALL"},{"floor":53,"key":"REST"}],"circlet_count":0,"master_deck":["AscendersBane","Strike_R","Defend_R","Defend_R","Defend_R","Bash","Disarm+1","Bandage Up","Iron Wave","Clothesline+1","Shrug It Off","Uppercut+1","Rage","Impervious+1","Reckless Charge","Barricade","Rage+1","Reaper","Power Through+1","Uppercut","Dark Embrace","Sentinel+1","Bludgeon","Battle Trance","Feel No Pain","Shrug It Off","Battle Trance+1","Flame Barrier","Flame Barrier+1","Berserk","Headbutt+1","Feel No Pain","Evolve","Flex+1"],"relics":["Burning Blood","NeowsBlessing","Bronze Scales","Membership Card","Old Coin","Pantograph","Pen Nib","Medical Kit","Orichalcum","Snecko Eye","Enchiridion","Oddly Smooth Stone","Mummified Hand","Fusion Hammer","MealTicket","MawBank","Calipers","Happy Flower","Bottled Tornado","Anchor","OrangePellets","Omamori","Bag of Marbles"],"acts_visited":["Exordium","TheCity","TheBeyond","TheEnding"],"potions_floor_usage":[29,31,40,40,45,56,56],"damage_taken":[{"damage":0,"enemies":"Small Slimes","floor":1,"turns":2},{"damage":0,"enemies":"Jaw Worm","floor":5,"turns":1},{"damage":0,"enemies":"Gremlin Nob","floor":6,"turns":2},{"damage":3,"enemies":"Cultist","floor":8,"turns":4},{"damage":8,"enemies":"2 Fungi Beasts","floor":10,"turns":4},{"damage":25,"enemies":"Lagavulin","floor":12,"turns":10},{"damage":48,"enemies":"Slime Boss","floor":16,"turns":16},{"damage":0,"enemies":"Chosen","floor":18,"turns":4},{"damage":13,"enemies":"Shell Parasite","floor":22,"turns":6},{"damage":0,"enemies":"Centurion and Healer","floor":25,"turns":6},{"damage":5,"enemies":"Book of Stabbing","floor":29,"turns":6},{"damage":31,"enemies":"Gremlin Leader","floor":31,"turns":9},{"damage":0,"enemies":"Champ","floor":33,"turns":22},{"damage":0,"enemies":"Orb Walker","floor":35,"turns":3},{"damage":0,"enemies":"3 Darklings","floor":37,"turns":5},{"damage":0,"enemies":"Spire Growth","floor":39,"turns":5},{"damage":19,"enemies":"Reptomancer","floor":40,"turns":14},{"damage":24,"enemies":"Nemesis","floor":42,"turns":9},{"damage":0,"enemies":"Giant Head","floor":44,"turns":11},{"damage":0,"enemies":"Jaw Worm Horde","floor":45,"turns":4},{"damage":0,"enemies":"Reptomancer","floor":47,"turns":7},{"damage":0,"enemies":"Writhing Mass","floor":48,"turns":4},{"damage":13,"enemies":"Awakened One","floor":50,"turns":24},{"damage":0,"enemies":"Donu and Deca","floor":51,"turns":12},{"damage":18,"enemies":"Shield and Spear","floor":55,"turns":8},{"damage":4,"enemies":"The Heart","floor":56,"turns":9}],"seed_played":"8777780229506152291","potions_obtained":[{"floor":1,"key":"Weak Potion"},{"floor":5,"key":"Strength Potion"},{"floor":12,"key":"BlessingOfTheForge"},{"floor":29,"key":"EssenceOfSteel"},{"floor":31,"key":"DistilledChaos"},{"floor":36,"key":"Fire Potion"},{"floor":40,"key":"ColorlessPotion"},{"floor":42,"key":"Swift Potion"},{"floor":44,"key":"Fire Potion"},{"floor":48,"key":"PowerPotion"},{"floor":55,"key":"Strength Potion"}],"is_trial":false,"path_per_floor":["M","?","T","$","M","E","R","M","T","M","R","E","?","$","R","B",null,"M","?","?","?","M","R","?","M","T","$","?","E","R","E","R","B",null,"M","?","M","$","M","E","?","E","T","E","M","$","E","M","R","B","B",null,"R","$","E","B",null],"character_chosen":"IRONCLAD","items_purchased":["Membership Card","Bandage Up","Impervious","Medical Kit","Orichalcum","Reckless Charge","Power Through","Uppercut","MealTicket","Shrug It Off","OrangePellets","Berserk","Evolve"],"campfire_rested":1,"item_purchase_floors":[4,4,14,14,14,14,27,27,38,38,46,46,54],"current_hp_per_floor":[74,63,63,63,73,75,75,75,75,73,73,58,58,58,58,37,66,75,54,54,54,51,51,51,69,69,69,69,75,75,54,54,75,75,75,75,75,75,75,75,75,67,67,75,75,75,75,75,75,73,75,75,75,75,67,75],"gold":58,"neow_bonus":"THREE_ENEMY_KILL","is_daily":false,"chose_seed":false,"campfire_upgraded":6,"win_rate":0.0,"timestamp":1612446270,"path_taken":["M","?","?","$","?","E","R","M","T","M","R","E","?","$","R","BOSS","M","?","?","?","?","R","?","M","T","$","?","E","R","E","R","BOSS","M","?","?","$","M","E","?","E","T","E","M","?","E","M","R","BOSS","BOSS","R","$","E","BOSS"],"items_purchased_type":["Relic","Card","Card","Relic","Relic","Card","Card","Card","Relic","Card","Relic","Card","Card"],"build_version":"2020-12-13","purchased_purges":2,"victory":true,"max_hp_per_floor":[75,75,75,75,75,75,75,75,75,75,75,75,75,75,75,75,75,75,75,75,75,75,75,75,75,75,75,75,75,75,75,75,75,75,75,75,75,75,75,75,75,75,75,75,75,75,75,75,75,75,75,75,75,75,75,75],"relic_stats":{"Happy Flower":[26],"counters":[26,207],"Pen Nib":[37],"Orichalcum":[66],"Medical Kit":[182],"MawBank":72,"Burning Blood":86,"OrangePellets":[24],"Mummified Hand":[110],"Bronze Scales":[731],"Pantograph":48,"Snecko Eye":[240,247,219,220],"MealTicket":0,"obtain_stats":[{"Calipers":41,"NeowsBlessing":0,"Happy Flower":42,"Enchiridion":19,"Oddly Smooth Stone":29,"Pen Nib":12,"Omamori":47,"Orichalcum":14,"Bottled Tornado":43,"Medical Kit":14,"MawBank":40,"Burning Blood":0,"Old Coin":6,"OrangePellets":46,"Anchor":44,"Mummified Hand":31,"Bronze Scales":3,"Pantograph":9,"Snecko Eye":17,"MealTicket":38,"Fusion Hammer":34,"Bag of Marbles":55,"Membership Card":4},{"Calipers":17,"NeowsBlessing":0,"Happy Flower":18,"Enchiridion":8,"Oddly Smooth Stone":11,"Pen Nib":6,"Omamori":21,"Orichalcum":6,"Bottled Tornado":18,"Medical Kit":6,"MawBank":17,"Burning Blood":0,"Old Coin":3,"OrangePellets":20,"Anchor":19,"Mummified Hand":12,"Bronze Scales":1,"Pantograph":4,"Snecko Eye":7,"MealTicket":15,"Fusion Hammer":13,"Bag of Marbles":25,"Membership Card":1},{"Calipers":119,"NeowsBlessing":0,"Happy Flower":128,"Enchiridion":43,"Oddly Smooth Stone":61,"Pen Nib":23,"Omamori":150,"Orichalcum":23,"Bottled Tornado":128,"Medical Kit":23,"MawBank":119,"Burning Blood":0,"Old Coin":5,"OrangePellets":143,"Anchor":139,"Mummified Hand":70,"Bronze Scales":2,"Pantograph":9,"Snecko Eye":39,"MealTicket":100,"Fusion Hammer":92,"Bag of Marbles":198,"Membership Card":2}]},"card_choices":[{"not_picked":["Battle Trance","Twin Strike"],"picked":"Disarm","floor":1},{"not_picked":["Entrench","Warcry"],"picked":"Iron Wave","floor":5},{"not_picked":["Havoc","Shrug It Off"],"picked":"Clothesline","floor":6},{"not_picked":["Heavy Blade","Pommel Strike"],"picked":"Shrug It Off","floor":8},{"not_picked":["Anger","Seeing Red"],"picked":"Uppercut","floor":10},{"not_picked":["Havoc","Twin Strike"],"picked":"Rage","floor":12},{"not_picked":["Corruption","Reaper"],"picked":"Barricade","floor":16},{"not_picked":["Pommel Strike","Perfected Strike"],"picked":"Rage+1","floor":18},{"not_picked":["Sword Boomerang","Twin Strike","Wild Strike"],"picked":"SKIP","floor":22},{"not_picked":["Searing Blow","Iron Wave","Whirlwind"],"picked":"SKIP","floor":25},{"not_picked":["Disarm","Shockwave"],"picked":"Dark Embrace","floor":29},{"not_picked":["Rampage","Sever Soul+1"],"picked":"Sentinel","floor":31},{"not_picked":["Double Tap","Barricade"],"picked":"Bludgeon","floor":33},{"not_picked":["Iron Wave+1","Dropkick"],"picked":"Battle Trance","floor":35},{"not_picked":["Intimidate","Shrug It Off"],"picked":"Feel No Pain","floor":37},{"not_picked":["Infernal Blade","Cleave+1"],"picked":"Battle Trance+1","floor":39},{"not_picked":["Dual Wield","Dropkick"],"picked":"Flame Barrier","floor":40},{"not_picked":["Shrug It Off+1","Warcry"],"picked":"Flame Barrier+1","floor":42},{"not_picked":["Iron Wave","Whirlwind","Cleave"],"picked":"SKIP","floor":44},{"not_picked":["Sword Boomerang","Warcry","Reckless Charge+1"],"picked":"SKIP","floor":45},{"not_picked":["Spot Weakness","Anger"],"picked":"Headbutt+1","floor":47},{"not_picked":["Shrug It Off","Sentinel"],"picked":"Feel No Pain","floor":48},{"not_picked":["Spot Weakness","Feed"],"picked":"Flex+1","floor":55}],"player_experience":1531776,"relics_obtained":[{"floor":3,"key":"Bronze Scales"},{"floor":6,"key":"Old Coin"},{"floor":9,"key":"Pantograph"},{"floor":12,"key":"Pen Nib"},{"floor":19,"key":"Enchiridion"},{"floor":29,"key":"Oddly Smooth Stone"},{"floor":31,"key":"Mummified Hand"},{"floor":40,"key":"MawBank"},{"floor":41,"key":"Calipers"},{"floor":42,"key":"Happy Flower"},{"floor":43,"key":"Bottled Tornado"},{"floor":44,"key":"Anchor"},{"floor":47,"key":"Omamori"},{"floor":55,"key":"Bag of Marbles"}],"event_choices":[{"damage_healed":0,"gold_gain":75,"player_choice":"Gather Gold","damage_taken":11,"max_hp_gain":0,"max_hp_loss":0,"event_name":"World of Goop","floor":2,"gold_loss":0},{"cards_removed":["Strike_R"],"damage_healed":0,"gold_gain":0,"player_choice":"Card Removal","damage_taken":0,"max_hp_gain":0,"max_hp_loss":0,"event_name":"The Cleric","floor":13,"gold_loss":75},{"damage_healed":0,"gold_gain":0,"player_choice":"Obtained Book","damage_taken":21,"max_hp_gain":0,"max_hp_loss":0,"event_name":"Cursed Tome","floor":19,"gold_loss":0},{"cards_removed":["Strike_R"],"damage_healed":0,"gold_gain":0,"player_choice":"Gave Gold","damage_taken":0,"max_hp_gain":0,"max_hp_loss":0,"event_name":"Beggar","floor":20,"gold_loss":75},{"damage_healed":0,"gold_gain":0,"player_choice":"Got Potions","damage_taken":0,"max_hp_gain":0,"max_hp_loss":0,"event_name":"Lab","floor":21,"gold_loss":0},{"damage_healed":0,"gold_gain":0,"player_choice":"Read","damage_taken":0,"max_hp_gain":0,"max_hp_loss":0,"event_name":"The Library","floor":24,"gold_loss":0,"cards_obtained":["Reaper"]},{"cards_removed":["Strike_R"],"damage_healed":0,"gold_gain":0,"player_choice":"Offered Basic","damage_taken":0,"max_hp_gain":0,"max_hp_loss":0,"event_name":"Bonfire Elementals","floor":28,"gold_loss":0},{"damage_healed":0,"gold_gain":0,"player_choice":"Bought 3 Potions","damage_taken":0,"max_hp_gain":0,"max_hp_loss":0,"event_name":"The Woman in Blue","floor":36,"gold_loss":0},{"damage_healed":0,"gold_gain":0,"player_choice":"Relic","damage_taken":0,"max_hp_gain":0,"max_hp_loss":0,"event_name":"Wheel of Change","floor":41,"gold_loss":0}],"is_beta":false,"boss_relics":[{"not_picked":["Pandora\u0027s Box","Runic Cube"],"picked":"Snecko Eye"},{"not_picked":["SacredBark","Astrolabe"],"picked":"Fusion Hammer"}],"items_purged_floors":[14,46],"is_endless":false,"potions_floor_spawned":[1,5,12,16,18,29,31,40,42,44,48,55],"ascension_level":20}}