{"host":"a4if3i6bxi7381ve","time":1612465362,"event":{"mods":["BaseMod","Better Third Choice","Bossed Relics","Colored Powertips","Minty Spire (QoL Compilation)","Permanent Neow","Rare Cards Sparkle","Relic Stats","Shop Mod","StSLib"],"gold_per_floor":[110,126,136,155,155,155,184,195,245,245,260,260,276,58,58,153,153,168,15,15,114,114,141,153,0,72,72,72],"floor_reached":27,"language":"ENG","playtime":1328,"items_purged":[],"score":233,"play_id":"3f506fd3-fdfb-4fc5-b7ba-97018be57b6f","local_time":"20210204200242","is_ascension_mode":false,"campfire_choices":[{"floor":6,"key":"REST"},{"floor":10,"key":"REST"},{"floor":12,"key":"REST"},{"floor":15,"key":"REST"}],"circlet_count":0,"master_deck":["Strike_B+1","Strike_B+1","Strike_B+1","Strike_B+1","Defend_B+1","Defend_B+1","Defend_B+1","Defend_B+1","Zap","Dualcast","All For One","Gash","Capacitor","Go for the Eyes","Cold Snap","Chaos+1","Glacier+1","White Noise+1","Rip and Tear","Ball Lightning","Cold Snap","Buffer","Go for the Eyes","Decay","Chill+1","Leap+1"],"relics":["Cracked Core","Toxic Egg 2","Matryoshka","Oddly Smooth Stone","Smiling Mask","Runic Capacitor","Astrolabe","ClockworkSouvenir","Gremlin Horn","Bronze Scales","Question Card"],"acts_visited":["Exordium","TheCity"],"potions_floor_usage":[16,16,16],"damage_taken":[{"damage":15,"enemies":"Cultist","floor":1,"turns":4},{"damage":0,"enemies":"Small Slimes","floor":2,"turns":3},{"damage":3,"enemies":"2 Louse","floor":3,"turns":2},{"damage":19,"enemies":"Blue Slaver","floor":4,"turns":3},{"damage":31,"enemies":"Lagavulin","floor":7,"turns":7},{"damage":17,"enemies":"3 Louse","floor":8,"turns":4},{"damage":5,"enemies":"Looter","floor":11,"turns":4},{"damage":7,"enemies":"2 Fungi Beasts","floor":13,"turns":3},{"damage":5,"enemies":"The Guardian","floor":16,"turns":10},{"damage":22,"enemies":"Shell Parasite","floor":18,"turns":6},{"damage":35,"enemies":"Book of Stabbing","floor":23,"turns":7},{"damage":8,"enemies":"Chosen","floor":24,"turns":5},{"damage":10,"enemies":"Snake Plant","floor":27,"turns":2}],"seed_played":"7407322347769876782","potions_obtained":[{"floor":2,"key":"EssenceOfSteel"},{"floor":8,"key":"SpeedPotion"},{"floor":13,"key":"ColorlessPotion"},{"floor":18,"key":"BlessingOfTheForge"}],"is_trial":false,"path_per_floor":["M","M","M","M","T","R","E","M","T","R","M","R","M","$","R","B",null,"M","$","?","?","?","E","M","?","T","M"],"character_chosen":"DEFECT","items_purchased":["Runic Capacitor","Ball Lightning","Cold Snap","ClockworkSouvenir"],"campfire_rested":4,"item_purchase_floors":[14,14,14,19],"current_hp_per_floor":[60,60,57,38,38,60,29,12,12,34,29,51,44,44,66,61,75,53,53,53,53,53,18,10,10,10,0,0],"gold":72,"neow_bonus":"ONE_RANDOM_RARE_CARD","is_daily":false,"chose_seed":false,"campfire_upgraded":0,"win_rate":0.0,"timestamp":1612465362,"path_taken":["M","M","?","M","?","R","E","?","T","R","?","R","M","$","R","BOSS","M","$","?","?","?","E","M","?","T","?"],"items_purchased_type":["Relic","Card","Card","Relic"],"build_version":"2020-12-22","purchased_purges":0,"victory":false,"max_hp_per_floor":[75,75,75,75,75,75,75,75,75,75,75,75,75,75,75,75,75,75,75,75,75,75,75,75,75,75,75,75],"relic_stats":{"Gremlin Horn":[0,0],"counters":[13,60],"Astrolabe":[],"Bronze Scales":[3],"Smiling Mask":0,"Question Card":0,"obtain_stats":[{"Matryoshka":7,"Gremlin Horn":23,"Astrolabe":17,"Bronze Scales":26,"Oddly Smooth Stone":9,"Runic Capacitor":14,"Toxic Egg 2":5,"Cracked Core":0,"Smiling Mask":9,"Question Card":26,"ClockworkSouvenir":19},{"Matryoshka":5,"Gremlin Horn":11,"Astrolabe":9,"Bronze Scales":12,"Oddly Smooth Stone":6,"Runic Capacitor":8,"Toxic Egg 2":4,"Cracked Core":0,"Smiling Mask":6,"Question Card":12,"ClockworkSouvenir":10},{"Matryoshka":19,"Gremlin Horn":53,"Astrolabe":40,"Bronze Scales":58,"Oddly Smooth Stone":23,"Runic Capacitor":30,"Toxic Egg 2":12,"Cracked Core":0,"Smiling Mask":23,"Question Card":58,"ClockworkSouvenir":46}]},"card_choices":[{"not_picked":["Coolheaded","Aggregate"],"picked":"Gash","floor":1},{"not_picked":["Steam","Ball Lightning"],"picked":"Capacitor","floor":2},{"not_picked":["Aggregate","Barrage"],"picked":"Go for the Eyes","floor":3},{"not_picked":["Double Energy","Redo"],"picked":"Cold Snap","floor":4},{"not_picked":["Hologram+1","Cold Snap"],"picked":"Chaos+1","floor":7},{"not_picked":["Amplify+1","Go for the Eyes"],"picked":"Glacier+1","floor":8},{"not_picked":["Undo+1","Compile Driver"],"picked":"White Noise+1","floor":11},{"not_picked":["Go for the Eyes","Heatsinks"],"picked":"Rip and Tear","floor":13},{"not_picked":["Echo Form","Reboot+1"],"picked":"Buffer","floor":16},{"not_picked":["Double Energy+1","Beam Cell"],"picked":"Go for the Eyes","floor":18},{"not_picked":["Go for the Eyes","Reinforced Body+1"],"picked":"Chill+1","floor":23},{"not_picked":["Barrage","Compile Driver"],"picked":"Leap+1","floor":24}],"player_experience":201482,"relics_obtained":[{"floor":5,"key":"Toxic Egg 2"},{"floor":7,"key":"Matryoshka"},{"floor":9,"key":"Oddly Smooth Stone"},{"floor":9,"key":"Smiling Mask"},{"floor":23,"key":"Gremlin Horn"},{"floor":26,"key":"Bronze Scales"},{"floor":26,"key":"Question Card"}],"event_choices":[{"damage_healed":0,"gold_gain":0,"player_choice":"Smashed Altar","damage_taken":0,"max_hp_gain":0,"max_hp_loss":0,"event_name":"Forgotten Altar","floor":20,"gold_loss":0,"cards_obtained":["Decay"]},{"damage_healed":0,"gold_gain":99,"player_choice":"Steal","damage_taken":0,"max_hp_gain":0,"max_hp_loss":0,"event_name":"betterThird:BetterNest","floor":21,"gold_loss":0},{"damage_healed":0,"gold_gain":0,"player_choice":"Simplicity","damage_taken":0,"max_hp_gain":0,"max_hp_loss":8,"event_name":"betterThird:BetterWriting","floor":22,"gold_loss":0},{"damage_healed":0,"gold_gain":0,"player_choice":"Paid Fearfully","damage_taken":0,"max_hp_gain":0,"max_hp_loss":0,"event_name":"Masked Bandits","floor":25,"gold_loss":153}],"is_beta":false,"boss_relics":[{"not_picked":["Inserter","Runic Dome"],"picked":"Astrolabe"}],"items_purged_floors":[],"is_endless":false,"potions_floor_spawned":[2,8,13,18],"killed_by":"Snake Plant","ascension_level":0}}