{"host":"mi0eibewekhugwl1","time":1612447613,"event":{"mods":["AchievementEnabler","BaseMod","Colored Map","Colored Powertips","DeckTracker","Keyboard Shortcuts","Minty Spire (QoL Compilation)","Quick Restart","Rare Cards Sparkle","Relic Stats","StSLib","SuperFastMode","everything is the same but u backflip on backflip"],"gold_per_floor":[118,19,33,33,33,33,33,67,92,108,139,156,156,73,73,73,73],"floor_reached":16,"language":"KOR","playtime":273,"items_purged":[],"score":216,"play_id":"b4c299ec-6a16-451b-ad71-05ce8e44d730","local_time":"20210204230653","is_ascension_mode":true,"campfire_choices":[{"data":"Blade Dance","floor":6,"key":"SMITH"},{"data":"Well Laid Plans","floor":13,"key":"SMITH"},{"floor":15,"key":"REST"}],"circlet_count":0,"master_deck":["AscendersBane","Strike_G","Strike_G","Strike_G","Strike_G","Defend_G","Defend_G","Defend_G","Defend_G","Defend_G","Survivor","Neutralize","Malaise","Well Laid Plans+1","Masterful Stab+1","Cloak And Dagger","Blade Dance+1","Cloak And Dagger","Calculated Gamble+1","Dagger Spray+1","Envenom"],"relics":["Ring of the Snake","Molten Egg 2","Akabeko","Toxic Egg 2"],"acts_visited":["Exordium"],"potions_floor_usage":[11,16],"damage_taken":[{"damage":3,"enemies":"Cultist","floor":1,"turns":5},{"damage":0,"enemies":"2 Louse","floor":3,"turns":2},{"damage":29,"enemies":"Gremlin Nob","floor":8,"turns":4},{"damage":0,"enemies":"Small Slimes","floor":10,"turns":3},{"damage":2,"enemies":"3 Sentries","floor":11,"turns":6},{"damage":0,"enemies":"Exordium Thugs","floor":12,"turns":4},{"damage":41,"enemies":"Slime Boss","floor":16,"turns":7}],"seed_played":"-6083445162527293019","potions_obtained":[{"floor":3,"key":"EssenceOfSteel"},{"floor":10,"key":"AttackPotion"}],"is_trial":false,"path_per_floor":["M","$","M","?","?","R","?","E","T","M","E","M","R","$","R","B"],"character_chosen":"THE_SILENT","items_purchased":["Masterful Stab","Cloak And Dagger","Envenom"],"campfire_rested":1,"item_purchase_floors":[2,2,14],"current_hp_per_floor":[56,56,56,56,49,49,49,20,20,20,18,18,18,18,37,0,0],"gold":73,"neow_bonus":"ONE_RANDOM_RARE_CARD","is_daily":false,"chose_seed":false,"campfire_upgraded":2,"win_rate":0.0,"timestamp":1612447613,"path_taken":["M","?","M","?","?","R","?","E","T","M","E","M","R","$","R","BOSS"],"items_purchased_type":["Card","Card","Card"],"build_version":"2020-12-22","purchased_purges":0,"victory":false,"max_hp_per_floor":[66,66,66,66,66,66,66,66,66,66,66,66,66,66,66,66,66],"relic_stats":{"counters":[7,31],"obtain_stats":[{"Molten Egg 2":8,"Toxic Egg 2":11,"Akabeko":9,"Ring of the Snake":0},{"Molten Egg 2":3,"Toxic Egg 2":5,"Akabeko":3,"Ring of the Snake":0},{"Molten Egg 2":11,"Toxic Egg 2":20,"Akabeko":11,"Ring of the Snake":0}],"Ring of the Snake":[14]},"card_choices":[{"not_picked":["Deadly Poison","Prepared"],"picked":"Well Laid Plans","floor":1},{"not_picked":["Backflip","Flying Knee"],"picked":"Blade Dance","floor":3},{"not_picked":["Unload+1","Backflip"],"picked":"Cloak And Dagger","floor":8},{"not_picked":["Deflect","Underhanded Strike+1","Deadly Poison"],"picked":"SKIP","floor":10},{"not_picked":["Bouncing Flask+1","Bane+1"],"picked":"Calculated Gamble+1","floor":11},{"not_picked":["Blur+1","Backstab+1"],"picked":"Dagger Spray+1","floor":12}],"player_experience":1785358,"relics_obtained":[{"floor":8,"key":"Molten Egg 2"},{"floor":9,"key":"Akabeko"},{"floor":11,"key":"Toxic Egg 2"}],"event_choices":[{"damage_healed":0,"gold_gain":0,"player_choice":"Ignored","damage_taken":0,"max_hp_gain":0,"max_hp_loss":0,"event_name":"Liars Game","floor":4,"gold_loss":0},{"cards_removed":["Strike_G"],"damage_healed":0,"gold_gain":0,"player_choice":"Card Removal","damage_taken":7,"max_hp_gain":0,"max_hp_loss":0,"event_name":"Golden Wing","floor":5,"gold_loss":0},{"damage_healed":0,"gold_gain":0,"player_choice":"Upgraded","damage_taken":0,"max_hp_gain":0,"max_hp_loss":0,"event_name":"Upgrade Shrine","floor":7,"gold_loss":0,"cards_upgraded":["Masterful Stab"]}],"is_beta":false,"boss_relics":[],"items_purged_floors":[],"is_endless":false,"potions_floor_spawned":[3,10],"killed_by":"Slime Boss","ascension_level":20}}