{"host":"ogbiwxon24ufqu6w","time":1612404392,"event":{"mods":["AchievementEnabler","Aspiration","BaseMod","Beaked The Cultist","Colored Map","Colored Powertips","Conspire","Googly Eyes","Highlight Path","Infinite Spire","Mimic Mod","Minty Spire (QoL Compilation)","Quick Restart","Relic Sorter","Replay The Spire","Shop Mod","StSLib","The IronCluck"],"gold_per_floor":[111,128,128,108,124,152,152,152,152],"floor_reached":8,"language":"ENG","playtime":309,"items_purged":[],"score":109,"play_id":"83589384-b7c7-40f8-ae08-1aa4cc733424","local_time":"20210203210632","is_ascension_mode":true,"campfire_choices":[{"floor":7,"key":"REST"}],"circlet_count":0,"master_deck":["AscendersBane","Strike_R+1","Strike_R","Strike_R","Strike_R","Strike_R","Defend_R","Defend_R","Defend_R+1","Defend_R","Bash","Flex","infinitespire:OneForAll","Whirlwind","Fire Breathing"],"relics":["Burning Blood","infinitespire:Satchel","Snack Pack"],"acts_visited":["Exordium"],"potions_floor_usage":[6],"damage_taken":[{"damage":9,"enemies":"Jaw Worm","floor":1,"turns":4},{"damage":6,"enemies":"Cultist","floor":2,"turns":3},{"damage":25,"enemies":"Small Slimes","floor":5,"turns":4},{"damage":8,"enemies":"Gremlin Nob","floor":6,"turns":3},{"damage":55,"enemies":"Lagavulin","floor":8,"turns":6}],"seed_played":"1225331957211921878","potions_obtained":[{"floor":2,"key":"Explosive Potion"},{"floor":4,"key":"Doom Potion"},{"floor":5,"key":"PowerPotion"}],"is_trial":false,"path_per_floor":["M","M","?","?","M","E","R","E"],"character_chosen":"IRONCLAD","items_purchased":[],"campfire_rested":1,"item_purchase_floors":[],"current_hp_per_floor":[65,65,42,42,23,21,43,0,0],"gold":152,"neow_bonus":"RANDOM_COMMON_RELIC","is_daily":false,"chose_seed":false,"campfire_upgraded":0,"win_rate":0.0,"timestamp":1612404392,"path_taken":["M","M","?","?","?","E","R","E"],"items_purchased_type":[],"build_version":"2020-12-22","purchased_purges":0,"victory":false,"max_hp_per_floor":[75,75,75,75,75,75,75,75,75],"card_choices":[{"not_picked":["Carnage","Sword Boomerang"],"picked":"Flex","floor":1},{"not_picked":["Spot Weakness","Bloodletting"],"picked":"infinitespire:OneForAll","floor":2},{"not_picked":["Shockwave","Run Through"],"picked":"Whirlwind","floor":5},{"not_picked":["Burning Pact","ReplayTheSpireMod:Stacked"],"picked":"Fire Breathing","floor":6}],"player_experience":1281404,"relics_obtained":[{"floor":6,"key":"Snack Pack"}],"event_choices":[{"damage_healed":0,"gold_gain":0,"player_choice":"Entered Light","damage_taken":23,"max_hp_gain":0,"max_hp_loss":0,"event_name":"Shining Light","floor":3,"gold_loss":0,"cards_upgraded":["Defend_R","Strike_R"]},{"damage_healed":0,"gold_gain":0,"player_choice":"Bought 1 Potion","damage_taken":0,"max_hp_gain":0,"max_hp_loss":0,"event_name":"The Woman in Blue","floor":4,"gold_loss":0}],"is_beta":false,"boss_relics":[],"items_purged_floors":[],"is_endless":false,"potions_floor_spawned":[2,5],"killed_by":"Lagavulin","ascension_level":19}}