{"host":"9z6a73ubmgnn64m2","time":1612476504,"event":{"mods":["BaseMod","Bestiary","Colored Map","Highlight Path","Minty Spire (QoL Compilation)"],"gold_per_floor":[114,128,147,157,157,189,189,189,212,238,238,257,257,277,277,372,372,386,398,7,27,40,40,71,71,124,124,139,157,171,189,189,189,189],"floor_reached":33,"language":"ENG","playtime":5465,"items_purged":[],"score":283,"play_id":"cc01f51d-ba4e-4c82-a52f-b59c0f68cf6d","local_time":"20210204180824","is_ascension_mode":false,"campfire_choices":[{"floor":7,"key":"REST"},{"floor":13,"key":"REST"},{"floor":15,"key":"REST"},{"floor":23,"key":"REST"},{"floor":27,"key":"REST"},{"floor":32,"key":"REST"}],"circlet_count":0,"master_deck":["Strike_R","Strike_R","Strike_R","Strike_R","Defend_R","Defend_R","Defend_R","Defend_R","Bash+1","Carnage","Iron Wave","Headbutt","Body Slam+1","Clothesline","Flex","Armaments","Brutality","Juggernaut","Shrug It Off","Metamorphosis","Armaments","Pommel Strike+1","Armaments+1","Whirlwind+1","RitualDagger","Pain","Anger+1","Thunderclap","Intimidate","Seeing Red"],"relics":["Burning Blood","Whetstone","Oddly Smooth Stone","Nunchaku","Cursed Key","Regal Pillow","Ice Cream","Anchor"],"acts_visited":["Exordium","TheCity"],"potions_floor_usage":[10,10,24,30,31,33],"damage_taken":[{"damage":11,"enemies":"Jaw Worm","floor":1,"turns":5},{"damage":2,"enemies":"2 Louse","floor":2,"turns":2},{"damage":0,"enemies":"Small Slimes","floor":3,"turns":3},{"damage":0,"enemies":"Looter","floor":4,"turns":4},{"damage":35,"enemies":"3 Sentries","floor":6,"turns":7},{"damage":31,"enemies":"Lagavulin","floor":10,"turns":10},{"damage":7,"enemies":"Blue Slaver","floor":12,"turns":3},{"damage":13,"enemies":"3 Louse","floor":14,"turns":3},{"damage":61,"enemies":"The Guardian","floor":16,"turns":16},{"damage":27,"enemies":"Spheric Guardian","floor":18,"turns":4},{"damage":0,"enemies":"Chosen","floor":19,"turns":3},{"damage":37,"enemies":"Sentry and Sphere","floor":21,"turns":6},{"damage":17,"enemies":"Chosen and Byrds","floor":22,"turns":5},{"damage":48,"enemies":"Gremlin Leader","floor":24,"turns":9},{"damage":18,"enemies":"Snake Plant","floor":28,"turns":4},{"damage":11,"enemies":"Snecko","floor":29,"turns":4},{"damage":10,"enemies":"Cultist and Chosen","floor":30,"turns":4},{"damage":25,"enemies":"Shelled Parasite and Fungi","floor":31,"turns":5},{"damage":92,"enemies":"Champ","floor":33,"turns":10}],"seed_played":"-8657642129093652644","potions_obtained":[{"floor":1,"key":"Swift Potion"},{"floor":3,"key":"Block Potion"},{"floor":12,"key":"FairyPotion"},{"floor":16,"key":"Weak Potion"},{"floor":19,"key":"BlessingOfTheForge"},{"floor":24,"key":"Block Potion"},{"floor":31,"key":"Weak Potion"}],"is_trial":false,"path_per_floor":["M","M","M","M","?","E","R","?","T","E","$","M","R","M","R","B",null,"M","M","$","M","M","R","E","?","T","R","M","M","M","M","R","B"],"character_chosen":"IRONCLAD","items_purchased":["Regal Pillow","Metamorphosis","Armaments"],"campfire_rested":6,"item_purchase_floors":[20,20,20],"current_hp_per_floor":[75,79,80,80,73,44,68,68,68,43,43,42,66,59,80,25,80,59,65,65,34,23,62,20,14,14,53,41,36,32,13,52,0,0],"gold":189,"neow_bonus":"","is_daily":false,"chose_seed":false,"campfire_upgraded":0,"win_rate":0.0,"timestamp":1612476504,"path_taken":["M","M","M","M","?","E","R","?","T","E","$","M","R","M","R","BOSS","M","M","$","M","M","R","E","?","T","R","M","M","M","M","R","BOSS"],"items_purchased_type":["Relic","Card","Card"],"build_version":"2020-12-22","purchased_purges":0,"victory":false,"max_hp_per_floor":[80,80,80,80,80,80,80,80,80,80,80,80,80,80,80,80,80,80,80,80,80,80,80,80,80,80,80,80,80,80,80,80,80,80],"card_choices":[{"not_picked":["Whirlwind","Perfected Strike"],"picked":"Carnage","floor":1},{"not_picked":["Twin Strike","Thunderclap"],"picked":"Iron Wave","floor":2},{"not_picked":["Rupture","Combust"],"picked":"Headbutt","floor":3},{"not_picked":["Headbutt","Combust"],"picked":"Body Slam","floor":4},{"not_picked":["Warcry","Perfected Strike"],"picked":"Clothesline","floor":6},{"not_picked":["Rage","Combust"],"picked":"Flex","floor":10},{"not_picked":["Pummel","Iron Wave"],"picked":"Armaments","floor":12},{"not_picked":["Hemokinesis","Flex"],"picked":"Brutality","floor":14},{"not_picked":["Bludgeon","Fiend Fire"],"picked":"Juggernaut","floor":16},{"not_picked":["Disarm+1","Burning Pact"],"picked":"Shrug It Off","floor":18},{"not_picked":["Iron Wave","Sword Boomerang+1","Battle Trance"],"picked":"SKIP","floor":19},{"not_picked":["Power Through","Dual Wield"],"picked":"Pommel Strike+1","floor":21},{"not_picked":["Cleave","Twin Strike"],"picked":"Armaments+1","floor":22},{"not_picked":["Fiend Fire","Battle Trance"],"picked":"Whirlwind+1","floor":24},{"not_picked":["Shrug It Off","Rupture"],"picked":"Anger+1","floor":28},{"not_picked":["Sword Boomerang","Headbutt"],"picked":"Thunderclap","floor":29},{"not_picked":["Pummel+1","Iron Wave+1"],"picked":"Intimidate","floor":30},{"not_picked":["Warcry+1","Anger+1"],"picked":"Seeing Red","floor":31}],"player_experience":0,"relics_obtained":[{"floor":6,"key":"Whetstone"},{"floor":9,"key":"Oddly Smooth Stone"},{"floor":10,"key":"Nunchaku"},{"floor":24,"key":"Ice Cream"},{"floor":26,"key":"Anchor"}],"event_choices":[{"cards_removed":["Strike_R"],"damage_healed":0,"gold_gain":0,"player_choice":"Card Removal","damage_taken":7,"max_hp_gain":0,"max_hp_loss":0,"event_name":"Golden Wing","floor":5,"gold_loss":0},{"damage_healed":0,"gold_gain":0,"player_choice":"Ignored","damage_taken":0,"max_hp_gain":0,"max_hp_loss":0,"event_name":"Shining Light","floor":8,"gold_loss":0},{"damage_healed":0,"gold_gain":0,"player_choice":"Joined the Cult","damage_taken":6,"max_hp_gain":0,"max_hp_loss":0,"event_name":"Nest","floor":25,"gold_loss":0,"cards_obtained":["RitualDagger"]}],"is_beta":false,"boss_relics":[{"not_picked":["Ectoplasm","Empty Cage"],"picked":"Cursed Key"}],"items_purged_floors":[],"is_endless":false,"potions_floor_spawned":[1,3,12,16,19,24,29,31],"killed_by":"Champ","ascension_level":0}}