{"host":"pyy080wme1zxuig0","time":1612448136,"event":{"mods":["BaseMod","Downfall","Minty Spire (QoL Compilation)","StSLib"],"gold_per_floor":[99,111,286,306,326,359,359,376,393,420,438,438,438,44,54,54,54,54],"floor_reached":16,"language":"ENG","playtime":970,"items_purged":[],"score":139,"play_id":"812397d2-cf9b-4ce8-ac8b-4319679999cd","local_time":"20210204151536","is_ascension_mode":false,"campfire_choices":[{"data":"Slimebound:Tackle","floor":1.0,"key":"SMITH"},{"floor":13,"key":"REST"}],"circlet_count":0,"master_deck":["Slimebound:Strike_Slimebound","Slimebound:Strike_Slimebound","Slimebound:Tackle+1","Slimebound:Defend_Slimebound","Slimebound:Defend_Slimebound","Slimebound:Defend_Slimebound","Slimebound:Defend_Slimebound","Slimebound:Split","Slimebound:CorrosiveSpit","Slimebound:SplitBruiser","Doubt","Slimebound:ComboTackle","Slimebound:GoopSpray","Slimebound:PressTheAttack","Slimebound:SamplingLick","Slimebound:RainOfGoop","Slimebound:GrowthPunch","Slimebound:SplitAcid","Slimebound:SplitBruiser","expansioncontent:InvincibleStrength","Slimebound:Prepare"],"relics":["Slimebound:AbsorbEndCombat","Bottled Lightning","Pear","Bag of Preparation","CaptainsWheel"],"acts_visited":["Exordium"],"potions_floor_usage":[9,14,14,16],"damage_taken":[{"damage":4.0,"enemies":"Cultist","floor":2.0,"turns":4.0},{"damage":12.0,"enemies":"Small Slimes","floor":4.0,"turns":4.0},{"damage":4.0,"enemies":"Jaw Worm","floor":5.0,"turns":3.0},{"damage":21.0,"enemies":"3 Sentries","floor":6.0,"turns":7.0},{"damage":12,"enemies":"Blue Slaver","floor":8,"turns":3},{"damage":21,"enemies":"Exordium Thugs","floor":9,"turns":4},{"damage":14,"enemies":"Gremlin Nob","floor":10,"turns":3},{"damage":5,"enemies":"2 Fungi Beasts","floor":11,"turns":2},{"damage":15,"enemies":"downfall:FleeingMerchant","floor":14,"turns":4},{"damage":15,"enemies":"Blue Slaver","floor":15,"turns":2},{"damage":32,"enemies":"IC_STATUS_ARCHETYPE","floor":16,"turns":4}],"seed_played":"6500493319051511447","potions_obtained":[{"floor":2.0,"key":"BlessingOfTheForge"},{"floor":8,"key":"champ:CounterPotion"},{"floor":9,"key":"sneckomod:MuddlingPotion"},{"floor":10,"key":"Strength Potion"},{"floor":11,"key":"Regen Potion"}],"is_trial":false,"path_per_floor":["R","M","?","M","M","E","T","M","M","E","M","?","R","$","M","B"],"character_chosen":"SLIMEBOUND","items_purchased":["expansioncontent:InvincibleStrength","CaptainsWheel"],"campfire_rested":1,"item_purchase_floors":[14,14],"current_hp_per_floor":[71,69,69,59,57,42,52,42,29,19,18,18,42,45,30,0,0,0],"gold":54,"neow_bonus":"TEN_PERCENT_HP_BONUS","is_daily":false,"chose_seed":false,"campfire_upgraded":1,"win_rate":0.0,"timestamp":1612448136,"path_taken":["R","M","?","M","M","E","T","M","M","E","M","?","R","$","M","BOSS"],"items_purchased_type":["Card","Relic"],"build_version":"2020-12-22","purchased_purges":0,"victory":false,"max_hp_per_floor":[71,71,71,71,71,71,81,81,81,81,81,81,81,81,81,81,81,81],"card_choices":[{"not_picked":["Slimebound:Dissolve","Slimebound:SplitMire"],"picked":"Slimebound:SplitBruiser","floor":2.0},{"not_picked":["Slimebound:SpikyOuterGoop","Slimebound:Grow"],"picked":"Slimebound:ComboTackle","floor":4.0},{"not_picked":["Slimebound:SplitMire","Slimebound:Schlurp"],"picked":"Slimebound:GoopSpray","floor":5.0},{"not_picked":["Slimebound:FormOfPuddle","Slimebound:SplitBruiser"],"picked":"Slimebound:PressTheAttack","floor":6},{"not_picked":["Slimebound:FlameTackle","Slimebound:PressTheAttack"],"picked":"Slimebound:SamplingLick","floor":8},{"not_picked":["Slimebound:SpikyOuterGoop","Slimebound:PrepareCrush"],"picked":"Slimebound:RainOfGoop","floor":9},{"not_picked":["Slimebound:FlameTackle","Slimebound:LivingWall"],"picked":"Slimebound:GrowthPunch","floor":10},{"not_picked":["Slimebound:Prepare","Slimebound:GoopTackle"],"picked":"Slimebound:SplitAcid","floor":11},{"not_picked":["Slimebound:SplitAcid","Slimebound:SamplingLick"],"picked":"Slimebound:SplitBruiser","floor":14},{"not_picked":["Slimebound:GoopSpray","Slimebound:ItLooksTasty"],"picked":"Slimebound:Prepare","floor":15}],"player_experience":13150,"relics_obtained":[{"floor":6,"key":"Bottled Lightning"},{"floor":7,"key":"Pear"},{"floor":10,"key":"Bag of Preparation"}],"event_choices":[],"is_beta":false,"boss_relics":[],"items_purged_floors":[],"is_endless":false,"potions_floor_spawned":[2,8,9,10,11],"killed_by":"IC_STATUS_ARCHETYPE","ascension_level":0}}