{"host":"neeznpvpgo0qgfkd","time":1612422699,"event":{"mods":["AchievementEnabler","BaseMod","BetterRewards","Colored Map","Colored Powertips","Exacting","Minty Spire (QoL Compilation)","Permanent Neow","Quick Restart","Shop Mod"],"gold_per_floor":[126,126,152,181,210,242,252,252,277,305,321,391,423,448,448,548,548,564,564,479,509,192,222,222,236,236,265,298,298,298,326,326,422,422,434,434,434,484,502,528,557,584,610,610,261,295,321,337,337,337,337,337,38,65,65,65],"floor_reached":55,"language":"ENG","playtime":2594,"items_purged":[],"score":1323,"play_id":"6908948c-2730-4248-bc62-b784879e8d70","local_time":"20210204021139","is_ascension_mode":true,"campfire_choices":[{"floor":8.0,"key":"RECALL"},{"floor":15.0,"key":"REST"},{"data":"Infinite Blades","floor":24.0,"key":"SMITH"},{"floor":29.0,"key":"REST"},{"floor":32.0,"key":"REST"},{"floor":49.0,"key":"REST"},{"data":"A Thousand Cuts","floor":52.0,"key":"SMITH"}],"circlet_count":0,"master_deck":["Strike_G","Strike_G","Strike_G","Strike_G","Strike_G+1","Defend_G","Defend_G","Defend_G","Defend_G+1","Defend_G+1","Survivor","Neutralize","A Thousand Cuts+1","Infinite Blades","Flying Knee","Quick Slash+1","Backstab","Infinite Blades","All Out Attack","A Thousand Cuts","Blade Dance","Flying Knee","Bullet Time","All Out Attack","Caltrops","Infinite Blades+1","Dagger Spray","Finisher+1","Infinite Blades+1","Dagger Spray","Adrenaline","Madness","Madness","Finesse","Blade Dance+1","Blade Dance+1","Escape Plan+1","Infinite Blades","Outmaneuver","Accuracy","Sadistic Nature"],"relics":["Ring of the Snake","Tough Bandages","Blood Vial","War Paint","Omamori","MerchantsRug","Incense Burner","Oddly Smooth Stone","Akabeko","Snake Skull","WristBlade","MutagenicStrength","MawBank","Shuriken","Centennial Puzzle","Gremlin Horn","MealTicket","Mummified Hand","Busted Crown","WingedGreaves","Whetstone","InkBottle","Lantern","Pen Nib","Bottled Tornado","CeramicFish","Bronze Scales","Art of War"],"acts_visited":["Exordium","TheCity","TheBeyond","TheEnding"],"potions_floor_usage":[55],"damage_taken":[{"damage":8.0,"enemies":"Small Slimes","floor":1.0,"turns":4.0},{"damage":3.0,"enemies":"Cultist","floor":3.0,"turns":4.0},{"damage":4.0,"enemies":"Jaw Worm","floor":4.0,"turns":4.0},{"damage":9.0,"enemies":"2 Fungi Beasts","floor":5.0,"turns":3.0},{"damage":3.0,"enemies":"Lagavulin","floor":6.0,"turns":6.0},{"damage":2.0,"enemies":"Looter","floor":7.0,"turns":3.0},{"damage":16.0,"enemies":"Gremlin Nob","floor":10.0,"turns":3.0},{"damage":0.0,"enemies":"Large Slime","floor":11.0,"turns":4.0},{"damage":8.0,"enemies":"3 Sentries","floor":12.0,"turns":4.0},{"damage":1.0,"enemies":"Red Slaver","floor":13.0,"turns":3.0},{"damage":0.0,"enemies":"Exordium Wildlife","floor":14.0,"turns":2.0},{"damage":50.0,"enemies":"The Guardian","floor":16.0,"turns":8.0},{"damage":5.0,"enemies":"Spheric Guardian","floor":18.0,"turns":3.0},{"damage":0.0,"enemies":"Chosen","floor":21.0,"turns":1.0},{"damage":6.0,"enemies":"Gremlin Leader","floor":23.0,"turns":3.0},{"damage":24.0,"enemies":"Snake Plant","floor":25.0,"turns":3.0},{"damage":7.0,"enemies":"Slavers","floor":27.0,"turns":2.0},{"damage":4.0,"enemies":"3 Cultists","floor":28.0,"turns":4.0},{"damage":24.0,"enemies":"Book of Stabbing","floor":31.0,"turns":3.0},{"damage":2.0,"enemies":"Automaton","floor":33.0,"turns":4.0},{"damage":0.0,"enemies":"Orb Walker","floor":35.0,"turns":2.0},{"damage":0.0,"enemies":"Mind Bloom Boss Battle","floor":38.0,"turns":3.0},{"damage":3.0,"enemies":"3 Darklings","floor":39.0,"turns":2.0},{"damage":23.0,"enemies":"Giant Head","floor":40.0,"turns":3.0},{"damage":0.0,"enemies":"Reptomancer","floor":41.0,"turns":2.0},{"damage":1.0,"enemies":"Writhing Mass","floor":42.0,"turns":4.0},{"damage":14.0,"enemies":"Nemesis","floor":46.0,"turns":3.0},{"damage":7.0,"enemies":"Giant Head","floor":47.0,"turns":4.0},{"damage":0.0,"enemies":"Transient","floor":48.0,"turns":5.0},{"damage":25.0,"enemies":"Donu and Deca","floor":50.0,"turns":3.0},{"damage":18.0,"enemies":"Shield and Spear","floor":54.0,"turns":2.0},{"damage":64,"enemies":"The Heart","floor":55,"turns":3}],"seed_played":"1352384518965957214","potions_obtained":[{"floor":1.0,"key":"SkillPotion"},{"floor":5.0,"key":"Fire Potion"},{"floor":6.0,"key":"SteroidPotion"},{"floor":11.0,"key":"LiquidMemories"},{"floor":12.0,"key":"LiquidBronze"},{"floor":13.0,"key":"Poison Potion"},{"floor":16.0,"key":"Swift Potion"},{"floor":18.0,"key":"EntropicBrew"},{"floor":21.0,"key":"LiquidBronze"},{"floor":25.0,"key":"EssenceOfSteel"},{"floor":31.0,"key":"CunningPotion"},{"floor":35.0,"key":"Fruit Juice"},{"floor":39.0,"key":"SpeedPotion"},{"floor":42.0,"key":"DuplicationPotion"},{"floor":47.0,"key":"AttackPotion"}],"is_trial":false,"path_per_floor":["M","?","M","M","M","E","M","R","T","E","M","E","M","M","R","B",null,"M","?","?","M","$","E","R","M","T","E","M","R","?","E","R","B",null,"M","?","?","?","M","E","E","M","T","T","$","E","E","M","R","B",null,"R","$","E","B"],"character_chosen":"THE_SILENT","items_purchased":["Blood Vial","A Thousand Cuts","War Paint","Infinite Blades","Omamori","MerchantsRug","Incense Burner","Shuriken","Infinite Blades","Bottled Tornado","Infinite Blades","Outmaneuver","Accuracy","Sadistic Nature","PowerPotion"],"campfire_rested":4,"item_purchase_floors":[0,0,0,0,0,0,0,22,22,45,45,45,53,53,53],"current_hp_per_floor":[62,62,61,59,52,51,51,51,51,37,39,33,34,36,57,9,70,65,65,65,67,67,63,63,41,41,36,34,55,42,20,42,42,75,75,66,66,73,72,51,53,54,54,54,69,57,52,54,78,67,80,80,80,62,0,0],"gold":65,"neow_bonus":"","is_daily":false,"chose_seed":false,"campfire_upgraded":2,"win_rate":0.0,"timestamp":1612422699,"path_taken":["M","?","M","M","M","E","M","R","T","E","?","E","M","M","R","BOSS","M","?","?","M","$","E","R","M","T","E","M","R","?","E","R","BOSS","M","?","?","?","M","E","E","M","T","?","?","E","E","?","R","BOSS","R","$","E","BOSS"],"items_purchased_type":["Relic","Card","Relic","Card","Relic","Relic","Relic","Relic","Card","Relic","Card","Card","Card","Card","Potion"],"build_version":"2020-12-22","purchased_purges":0,"victory":false,"max_hp_per_floor":[70,70,70,70,70,70,70,70,70,70,70,70,70,70,70,70,70,70,70,70,70,70,70,70,70,70,70,70,70,75,75,75,75,75,75,75,75,80,80,80,80,80,80,80,80,80,80,80,80,80,80,80,80,80,80,80],"card_choices":[{"not_picked":["Dagger Throw","Distraction"],"picked":"Flying Knee","floor":1.0},{"not_picked":["Expertise","Crippling Poison"],"picked":"Quick Slash","floor":3.0},{"not_picked":["Endless Agony","Masterful Stab"],"picked":"Backstab","floor":4.0},{"not_picked":["Riddle With Holes","Backflip"],"picked":"Infinite Blades","floor":5.0},{"not_picked":["Underhanded Strike","Prepared","Eviscerate"],"picked":"SKIP","floor":6.0},{"not_picked":["Choke","Distraction","Quick Slash"],"picked":"SKIP","floor":7.0},{"not_picked":["Distraction","Deflect"],"picked":"All Out Attack","floor":10.0},{"not_picked":["Doppelganger","Underhanded Strike"],"picked":"A Thousand Cuts","floor":10.0},{"not_picked":["Well Laid Plans","Outmaneuver"],"picked":"Blade Dance","floor":11.0},{"not_picked":["PiercingWail","Expertise","Crippling Poison"],"picked":"SKIP","floor":12.0},{"not_picked":["Heel Hook","Acrobatics","Flechettes"],"picked":"SKIP","floor":13.0},{"not_picked":["Dagger Throw","Deflect"],"picked":"Flying Knee","floor":14.0},{"not_picked":["Die Die Die","Burst"],"picked":"Bullet Time","floor":16.0},{"not_picked":["Catalyst+1","Distraction"],"picked":"All Out Attack","floor":18.0},{"not_picked":["Dodge and Roll","Bane+1"],"picked":"Caltrops","floor":21.0},{"not_picked":["Infinite Blades","Bane"],"picked":"Dagger Spray","floor":23.0},{"not_picked":["Bouncing Flask","Well Laid Plans"],"picked":"Finisher+1","floor":25.0},{"not_picked":["Underhanded Strike","Acrobatics"],"picked":"Infinite Blades+1","floor":27.0},{"not_picked":["Reflex","Backflip","Outmaneuver"],"picked":"SKIP","floor":28.0},{"not_picked":["Flying Knee","Sucker Punch+1"],"picked":"Dagger Spray","floor":31.0},{"not_picked":["Malaise","Doppelganger"],"picked":"Adrenaline","floor":33.0},{"not_picked":["Prepared+1"],"picked":"SKIP","floor":35.0},{"not_picked":[],"picked":"Finesse","floor":37.0},{"not_picked":[],"picked":"Blade Dance+1","floor":39.0},{"not_picked":[],"picked":"Blade Dance+1","floor":40.0},{"not_picked":[],"picked":"Escape Plan+1","floor":41.0},{"not_picked":["Leg Sweep+1"],"picked":"SKIP","floor":42.0},{"not_picked":["Dagger Spray+1"],"picked":"SKIP","floor":46.0},{"not_picked":["Poisoned Stab+1"],"picked":"SKIP","floor":47.0},{"not_picked":["Predator"],"picked":"SKIP","floor":48.0},{"not_picked":["Dagger Throw"],"picked":"SKIP","floor":54.0}],"player_experience":1293307,"relics_obtained":[{"floor":6.0,"key":"Oddly Smooth Stone"},{"floor":10.0,"key":"Akabeko"},{"floor":12.0,"key":"Snake Skull"},{"floor":23.0,"key":"Centennial Puzzle"},{"floor":26.0,"key":"Gremlin Horn"},{"floor":27.0,"key":"MealTicket"},{"floor":31.0,"key":"Mummified Hand"},{"floor":38.0,"key":"WingedGreaves"},{"floor":40.0,"key":"Whetstone"},{"floor":41.0,"key":"InkBottle"},{"floor":43.0,"key":"Lantern"},{"floor":44.0,"key":"Pen Nib"},{"floor":46.0,"key":"CeramicFish"},{"floor":47.0,"key":"Bronze Scales"},{"floor":54.0,"key":"Art of War"}],"event_choices":[{"damage_healed":0.0,"max_hp_gain":0.0,"max_hp_loss":0.0,"gold_gain":0.0,"event_name":"Transmorgrifier","player_choice":"Ignored","floor":2.0,"gold_loss":0.0,"damage_taken":0.0},{"damage_healed":0.0,"max_hp_gain":0.0,"max_hp_loss":0.0,"gold_gain":0.0,"event_name":"Drug Dealer","player_choice":"Inject Mutagens","floor":19.0,"gold_loss":0.0,"damage_taken":0.0,"relics_obtained":["MutagenicStrength"]},{"damage_healed":0.0,"max_hp_gain":0.0,"max_hp_loss":0.0,"gold_gain":0.0,"event_name":"Addict","player_choice":"Obtained Relic","floor":20.0,"gold_loss":85.0,"damage_taken":0.0,"relics_obtained":["MawBank"]},{"damage_healed":0.0,"max_hp_gain":5.0,"max_hp_loss":0.0,"gold_gain":0.0,"event_name":"Forgotten Altar","player_choice":"Shed Blood","floor":30.0,"gold_loss":0.0,"damage_taken":18.0},{"damage_healed":0.0,"max_hp_gain":0.0,"max_hp_loss":0.0,"gold_gain":0.0,"event_name":"Winding Halls","player_choice":"Embrace Madness","floor":36.0,"gold_loss":0.0,"damage_taken":9.0,"cards_obtained":["Madness","Madness"]},{"damage_healed":0.0,"max_hp_gain":0.0,"max_hp_loss":0.0,"gold_gain":0.0,"event_name":"SensoryStone","player_choice":"Memory 1","floor":37.0,"gold_loss":0.0,"damage_taken":0.0},{"damage_healed":0.0,"max_hp_gain":0.0,"max_hp_loss":0.0,"gold_gain":0.0,"event_name":"MindBloom","player_choice":"Fight","floor":38.0,"gold_loss":0.0,"damage_taken":0.0}],"is_beta":false,"boss_relics":[{"not_picked":["Ring of the Serpent","SlaversCollar"],"picked":"WristBlade"},{"not_picked":["Runic Dome","Pandora\u0027s Box"],"picked":"Busted Crown"}],"items_purged_floors":[],"is_endless":false,"potions_floor_spawned":[1,6,11,12,13,16,18,21,31,35,39,42,47],"killed_by":"The Heart","ascension_level":3}}