{"host":"qheym18ww6mhskxf","time":1612457915,"event":{"mods":["100% Spire Juice","BaseMod","CapriCore","Friendly Minions","GungeonMod","KOR Keyword Fix","Kiyohime£¨?ýï£©","Minty Spire (QoL Compilation)","Prisma Mod","Quick Restart","RRrroohrrRGHHhhh!!","Rare Cards Sparkle","Shop Mod","Spicy Shops","StSLib","Td1madao Mod","The Dragon Tamer","Username Fix"],"gold_per_floor":[109,109,109,126,142,175,175,201,282,309,309,44,60,80,80,178,178,193,292,292,310,9,44,44,70,70,97,97,111,128,155,155,257,257,271,271,291,146,171,199,199,229,252,252,265,277,309,319,319,414,414,434,445,445,445,465,494,494,519,519,546,577,139,158,174,174,275,275,289,300,225,242,46,73,73,105,132,132,162,173,88,101,101,200,200,217,230,280,293,313,343,343,375,403,29,63,63,43,75,75,174,174,186,197,232,250,260,293,89,89,118,118,151,42,60,90,90,186,186,205,221,221,239,251,286,286,317,342,342,342,35,53,163,163,259,259,274,138,150,170,170,170,170,170],"floor_reached":143,"language":"KOR","playtime":3894,"items_purged":["Bash","Strike_R","Strike_R+1","Strike_R+1","Defend_R+1","Defend_R+1","Defend_R+1","Defend_R+1"],"score":6390,"play_id":"0ac28963-7026-4885-908d-f8535286331e","local_time":"20210205015835","daily_mods":["Time Dilation","DeadlyEvents","Elite Swarm","Uncertain Future"],"is_ascension_mode":true,"campfire_choices":[{"data":"PrismaMod:ChloeExcalibur","floor":7.0,"key":"SMITH"},{"data":"PrismaMod:ChloeCheapAttack","floor":11.0,"key":"SMITH"},{"data":"Defend_R","floor":15.0,"key":"SMITH"},{"data":"Defend_R","floor":24.0,"key":"SMITH"},{"data":"PrismaMod:ChloeCarnivalDefend","floor":28.0,"key":"SMITH"},{"data":"PrismaMod:ChloeCarnivalAttack","floor":32.0,"key":"SMITH"},{"data":"PrismaMod:ChloeCarnivalAttack","floor":41.0,"key":"SMITH"},{"data":"Strike_R","floor":44.0,"key":"SMITH"},{"data":"PrismaMod:ChloeCheapAttack","floor":49.0,"key":"SMITH"},{"data":"Metallicize","floor":58.0,"key":"SMITH"},{"data":"PrismaMod:ChloeCarnivalDefend","floor":66.0,"key":"SMITH"},{"floor":75.0,"key":"REST"},{"floor":78.0,"key":"REST"},{"floor":83.0,"key":"REST"},{"data":"PrismaMod:ChloeRhongomyniad","floor":92.0,"key":"SMITH"},{"data":"1","floor":97.0,"key":"LIFT"},{"data":"2","floor":100.0,"key":"LIFT"},{"data":"3","floor":110.0,"key":"LIFT"},{"floor":112.0,"key":"REST"},{"floor":117.0,"key":"REST"},{"data":"Barricade","floor":126,"key":"SMITH"},{"floor":129,"key":"REST"},{"floor":134,"key":"REST"},{"floor":142,"key":"REST"}],"circlet_count":0,"master_deck":["PrismaMod:ChloeCheapAttack+1","PrismaMod:ChloeExcalibur+1","PrismaMod:ChloeCarnivalAttack+1","PrismaMod:ChloeCarnivalAttack+1","PrismaMod:ChloeCarnivalDefend+1","Cleave+1","PrismaMod:ChloeCheapAttack+1","Metallicize+1","PrismaMod:ChloeCarnivalDefend+1","Double Tap+1","PrismaMod:ChloeCarnivalDefend+1","Limit Break+1","PrismaMod:ChloeRhongomyniad+1","Body Slam+1","PrismaMod:ChloeCarnivalDefend+1","Trip+1","Barricade+1","Flex+1"],"relics":["Burning Blood","Happy Flower","Smiling Mask","Sundial","Torii","MerchantsRug","Singing Bowl","Art of War","Blood Vial","Thread and Needle","Meat on the Bone","DemoMod:VorpalBullet","Ornamental Fan","DemoMod:RiddleOfLead","DemoMod:WhiteGuonStone","DemoMod:MeltedRock","Regal Pillow","Nunchaku","Vajra","SlaversCollar","Self Forming Clay","Potion Belt","Toxic Egg 2","SacredBark","Pen Nib","HandDrill","Runic Pyramid","Girya","Molten Egg 2","Frozen Eye","DemoMod:WaxWing","DemoMod:BlueGuonStone","rorgmod:Ceramic Fish","Bottled Lightning","Membership Card","Mercury Hourglass","DemoMod:GlassGuonStoneRelic"],"acts_visited":["Exordium","TheCity","TheBeyond","Exordium","TheCity","TheBeyond","Exordium","TheCity","TheBeyond"],"potions_floor_usage":[121],"damage_taken":[{"damage":5.0,"enemies":"2 Louse","floor":1.0,"turns":3.0},{"damage":6.0,"enemies":"Jaw Worm","floor":4.0,"turns":4.0},{"damage":5.0,"enemies":"Small Slimes","floor":5.0,"turns":3.0},{"damage":25.0,"enemies":"Lagavulin","floor":6.0,"turns":4.0},{"damage":4.0,"enemies":"3 Sentries","floor":8.0,"turns":6.0},{"damage":4.0,"enemies":"Gremlin Nob","floor":10.0,"turns":3.0},{"damage":1.0,"enemies":"Blue Slaver","floor":13.0,"turns":2.0},{"damage":1.0,"enemies":"Exordium Thugs","floor":14.0,"turns":3.0},{"damage":38.0,"enemies":"Hexaghost","floor":16.0,"turns":4.0},{"damage":0.0,"enemies":"Chosen","floor":18.0,"turns":3.0},{"damage":13.0,"enemies":"Shell Parasite","floor":21.0,"turns":3.0},{"damage":15.0,"enemies":"Book of Stabbing","floor":23.0,"turns":3.0},{"damage":51.0,"enemies":"Slavers","floor":25.0,"turns":4.0},{"damage":16.0,"enemies":"Book of Stabbing","floor":27.0,"turns":4.0},{"damage":17.0,"enemies":"Snake Plant","floor":29.0,"turns":3.0},{"damage":0.0,"enemies":"Centurion and Healer","floor":30.0,"turns":3.0},{"damage":1.0,"enemies":"Gremlin Leader","floor":31.0,"turns":2.0},{"damage":55.0,"enemies":"Automaton","floor":33.0,"turns":11.0},{"damage":0.0,"enemies":"Orb Walker","floor":35.0,"turns":1.0},{"damage":0.0,"enemies":"3 Shapes","floor":37.0,"turns":3.0},{"damage":0.0,"enemies":"Nemesis","floor":39.0,"turns":4.0},{"damage":6.0,"enemies":"Reptomancer","floor":40.0,"turns":4.0},{"damage":0.0,"enemies":"Nemesis","floor":42.0,"turns":4.0},{"damage":1.0,"enemies":"Writhing Mass","floor":45.0,"turns":3.0},{"damage":12.0,"enemies":"Maw","floor":46.0,"turns":6.0},{"damage":0.0,"enemies":"Reptomancer","floor":47.0,"turns":3.0},{"damage":11.0,"enemies":"4 Shapes","floor":48.0,"turns":4.0},{"damage":31.0,"enemies":"Time Eater","floor":50.0,"turns":8.0},{"damage":0.0,"enemies":"Jaw Worm","floor":52.0,"turns":1.0},{"damage":0.0,"enemies":"Cultist","floor":53.0,"turns":2.0},{"damage":0.0,"enemies":"Small Slimes","floor":56.0,"turns":1.0},{"damage":0.0,"enemies":"Gremlin Nob","floor":57.0,"turns":1.0},{"damage":0.0,"enemies":"Lagavulin","floor":59.0,"turns":3.0},{"damage":0.0,"enemies":"Gremlin Nob","floor":61.0,"turns":2.0},{"damage":0.0,"enemies":"3 Sentries","floor":62.0,"turns":1.0},{"damage":0.0,"enemies":"Looter","floor":64.0,"turns":2.0},{"damage":0.0,"enemies":"3 Louse","floor":65.0,"turns":2.0},{"damage":0.0,"enemies":"Slime Boss","floor":67.0,"turns":6.0},{"damage":0.0,"enemies":"Spheric Guardian","floor":69.0,"turns":3.0},{"damage":0.0,"enemies":"Chosen","floor":70.0,"turns":3.0},{"damage":0.0,"enemies":"Centurion and Healer","floor":72.0,"turns":4.0},{"damage":14.0,"enemies":"Slavers","floor":74.0,"turns":3.0},{"damage":15.0,"enemies":"Book of Stabbing","floor":76.0,"turns":3.0},{"damage":0.0,"enemies":"Slavers","floor":77.0,"turns":2.0},{"damage":0.0,"enemies":"Book of Stabbing","floor":79.0,"turns":3.0},{"damage":13.0,"enemies":"Shelled Parasite and Fungi","floor":80.0,"turns":3.0},{"damage":0.0,"enemies":"Cultist and Chosen","floor":82.0,"turns":4.0},{"damage":31.0,"enemies":"Automaton","floor":84.0,"turns":9.0},{"damage":0.0,"enemies":"Orb Walker","floor":86.0,"turns":3.0},{"damage":0.0,"enemies":"3 Darklings","floor":87.0,"turns":3.0},{"damage":0.0,"enemies":"Mind Bloom Boss Battle","floor":88.0,"turns":5.0},{"damage":29.0,"enemies":"Sphere and 2 Shapes","floor":89.0,"turns":5.0},{"damage":1.0,"enemies":"Spire Growth","floor":90.0,"turns":3.0},{"damage":62.0,"enemies":"Reptomancer","floor":91.0,"turns":5.0},{"damage":7.0,"enemies":"Nemesis","floor":93.0,"turns":3.0},{"damage":0.0,"enemies":"Giant Head","floor":94.0,"turns":5.0},{"damage":59.0,"enemies":"Reptomancer","floor":96.0,"turns":4.0},{"damage":8.0,"enemies":"Nemesis","floor":99.0,"turns":4.0},{"damage":69.0,"enemies":"Time Eater","floor":101.0,"turns":5.0},{"damage":0.0,"enemies":"Cultist","floor":103.0,"turns":1.0},{"damage":0.0,"enemies":"Small Slimes","floor":104.0,"turns":1.0},{"damage":1.0,"enemies":"3 Sentries","floor":105.0,"turns":3.0},{"damage":0.0,"enemies":"Jaw Worm","floor":106.0,"turns":2.0},{"damage":0.0,"enemies":"Red Slaver","floor":107.0,"turns":3.0},{"damage":0.0,"enemies":"Lagavulin","floor":108.0,"turns":2.0},{"damage":0.0,"enemies":"3 Sentries","floor":111.0,"turns":4.0},{"damage":0.0,"enemies":"Lagavulin","floor":113.0,"turns":2.0},{"damage":0.0,"enemies":"Lots of Slimes","floor":115.0,"turns":2.0},{"damage":0.0,"enemies":"3 Sentries","floor":116.0,"turns":3.0},{"damage":0.0,"enemies":"Slime Boss","floor":118.0,"turns":3.0},{"damage":0.0,"enemies":"Spheric Guardian","floor":120.0,"turns":3.0},{"damage":0,"enemies":"Shell Parasite","floor":121,"turns":2},{"damage":0,"enemies":"Cultist and Chosen","floor":123,"turns":2},{"damage":0,"enemies":"Centurion and Healer","floor":124,"turns":2},{"damage":0,"enemies":"Gremlin Leader","floor":125,"turns":2},{"damage":0,"enemies":"Book of Stabbing","floor":127,"turns":3},{"damage":0,"enemies":"Slavers","floor":128,"turns":3},{"damage":0,"enemies":"Shelled Parasite and Fungi","floor":132,"turns":1},{"damage":0,"enemies":"Book of Stabbing","floor":133,"turns":1},{"damage":23,"enemies":"Champ","floor":135,"turns":6},{"damage":0,"enemies":"3 Shapes","floor":137,"turns":2},{"damage":79,"enemies":"3 Darklings","floor":139,"turns":4},{"damage":16,"enemies":"Maw","floor":140,"turns":4},{"damage":0,"enemies":"Nemesis","floor":143,"turns":1}],"seed_played":"-6031314035824303578","potions_obtained":[{"floor":1.0,"key":"ElixirPotion"},{"floor":6.0,"key":"BloodPotion"},{"floor":14.0,"key":"Swift Potion"},{"floor":16.0,"key":"SkillPotion"},{"floor":18.0,"key":"SteroidPotion"},{"floor":25.0,"key":"PowerPotion"},{"floor":27.0,"key":"DuplicationPotion"},{"floor":29.0,"key":"SteroidPotion"},{"floor":33.0,"key":"Block Potion"},{"floor":39.0,"key":"BloodPotion"},{"floor":40.0,"key":"SpeedPotion"},{"floor":48.0,"key":"Strength Potion"},{"floor":50.0,"key":"SkillPotion"},{"floor":52.0,"key":"Explosive Potion"},{"floor":62.0,"key":"HeartOfIron"},{"floor":67.0,"key":"CultistPotion"},{"floor":69.0,"key":"Swift Potion"},{"floor":74.0,"key":"DemoMod:LeadSkinPotion"},{"floor":79.0,"key":"DuplicationPotion"},{"floor":80.0,"key":"Swift Potion"},{"floor":82.0,"key":"DistilledChaos"},{"floor":84.0,"key":"Energy Potion"},{"floor":88.0,"key":"SkillPotion"},{"floor":90.0,"key":"Regen Potion"},{"floor":94.0,"key":"Fire Potion"},{"floor":96.0,"key":"SteroidPotion"},{"floor":98.0,"key":"DemoMod:LeadSkinPotion"},{"floor":103.0,"key":"ElixirPotion"},{"floor":104.0,"key":"Block Potion"},{"floor":111.0,"key":"EssenceOfSteel"},{"floor":121,"key":"Energy Potion"},{"floor":123,"key":"AttackPotion"},{"floor":127,"key":"CultistPotion"},{"floor":128,"key":"BlessingOfTheForge"},{"floor":131,"key":"DistilledChaos"},{"floor":131,"key":"BlessingOfTheForge"},{"floor":131,"key":"Explosive Potion"},{"floor":131,"key":"Regen Potion"},{"floor":131,"key":"FairyPotion"},{"floor":140,"key":"DistilledChaos"}],"is_trial":true,"path_per_floor":["M","?","?","M","M","E","R","E","T","E","R","$","M","M","R","B",null,"M","?","T","M","$","E","R","E","T","E","R","M","M","E","R","B",null,"M","?","M","$","E","E","R","E","T","R","M","M","E","M","R","B",null,"M","M","?","?","M","E","R","E","T","E","E","$","M","M","R","B",null,"M","M","?","M","$","E","R","E","E","R","E","M","?","M","R","B",null,"M","M","?","M","M","E","R","E","E","$","E","R","?","E","R","B",null,"M","M","E","M","M","E","$","R","E","R","E","$","M","E","R","B",null,"M","M","?","M","M","E","R","E","E","R","?","$","M","E","R","B",null,"M","$","M","M","?","R","E"],"character_chosen":"IRONCLAD","items_purchased":["MerchantsRug","War Paint","Whetstone","Art of War","DemoMod:WhiteGuonStone","Potion Belt","Toxic Egg 2","DemoMod:MemoryAlloy","Pen Nib","HandDrill","Molten Egg 2","Frozen Eye","DemoMod:BlueGuonStone","Trip+1","Cauldron","rorgmod:Ceramic Fish","Bottled Lightning","Membership Card","Mercury Hourglass"],"campfire_rested":8,"item_purchase_floors":[12,12,22,22,38,63,63,63,73,73,95,95,109,114,131,131,131,138,138],"current_hp_per_floor":[73,73,78,78,79,60,60,79,79,81,81,81,85,85,85,53,77,83,83,83,78,78,71,71,28,28,34,34,39,61,70,70,37,109,109,109,111,111,113,115,115,117,117,117,117,113,121,118,118,97,118,127,127,132,132,134,134,134,136,136,138,140,140,142,144,144,146,146,148,150,150,152,152,144,152,143,153,154,156,149,149,158,158,133,152,158,160,160,139,148,96,96,99,109,109,70,70,70,84,84,37,140,150,160,169,179,184,186,186,186,188,188,190,190,192,194,194,194,194,196,198,198,200,200,202,202,204,206,206,206,206,208,210,210,195,208,214,214,143,137,137,217,217,217],"gold":170,"neow_bonus":"","is_daily":false,"chose_seed":false,"campfire_upgraded":13,"win_rate":0.0,"timestamp":1612457915,"path_taken":["M","?","?","?","M","E","R","E","T","E","R","$","M","M","R","BOSS","M","?","?","M","$","E","R","E","T","E","R","M","M","?","R","BOSS","M","?","M","$","?","E","R","E","T","R","M","?","E","M","R","BOSS","M","M","?","?","M","E","R","E","T","E","?","$","M","M","R","BOSS","M","M","?","M","$","E","R","E","E","R","E","M","?","?","R","BOSS","M","M","?","M","M","E","R","E","E","$","E","R","?","?","R","BOSS","M","?","?","M","M","E","$","R","E","R","E","?","M","E","R","BOSS","M","M","?","?","M","E","R","E","E","R","?","$","M","E","R","BOSS","M","$","M","M","?","R","E"],"items_purchased_type":["Relic","Relic","Relic","Relic","Relic","Relic","Relic","Relic","Relic","Relic","Relic","Relic","Relic","Card","Relic","Relic","Relic","Relic","Relic"],"build_version":"2020-12-22","purchased_purges":8,"victory":false,"max_hp_per_floor":[80,80,85,85,85,85,85,85,85,85,85,85,85,85,85,85,85,85,85,85,87,87,89,89,89,89,91,91,93,95,97,97,99,109,109,109,111,111,113,115,115,117,117,117,117,119,121,123,123,125,125,127,127,132,132,134,134,134,136,136,138,140,140,142,144,144,146,146,148,150,150,152,152,152,152,152,154,154,156,156,156,158,158,158,158,158,160,160,162,164,166,166,168,170,170,170,170,170,172,172,174,174,176,178,180,182,184,186,186,186,188,188,190,190,192,194,194,194,194,196,198,198,200,200,202,202,204,206,206,206,206,208,210,210,212,212,214,214,216,218,218,218,218,218],"card_choices":[{"not_picked":["PrismaMod:ChloeExhaustOne","True Grit"],"picked":"PrismaMod:ChloeCheapAttack","floor":1.0},{"not_picked":["PrismaMod:ChloeDemonicTutor","PrismaMod:ChloeCheapDefendTwo","Clash"],"picked":"SKIP","floor":4.0},{"not_picked":["Shockwave","PrismaMod:ChloeCheapAttackTwo"],"picked":"PrismaMod:ChloeExcalibur","floor":5.0},{"not_picked":["PrismaMod:ChloeReshuffleDiscard","Limit Break","PrismaMod:ChloeExhaustThree"],"picked":"SKIP","floor":6.0},{"not_picked":["PrismaMod:ChloeAnySkillTrace","Berserk"],"picked":"PrismaMod:ChloeCarnivalAttack","floor":8.0},{"not_picked":["PrismaMod:ChloeGreatTracePools","Barricade"],"picked":"PrismaMod:ChloeCarnivalAttack","floor":10.0},{"not_picked":["Rampage","Iron Wave","Wild Strike"],"picked":"SKIP","floor":13.0},{"not_picked":["Clash","Havoc","Spot Weakness"],"picked":"SKIP","floor":14.0},{"not_picked":["PrismaMod:ChloeDiscardRecovery","True Grit","DemoMod:WhiteBlade"],"picked":"SKIP","floor":18.0},{"not_picked":["Flex","Thunderclap+1","rorgmod:Searing Blow"],"picked":"Singing Bowl","floor":21.0},{"not_picked":["Reaper","PrismaMod:ChloeAnyAttackTrace","Impervious"],"picked":"Singing Bowl","floor":23.0},{"not_picked":["rorgmod:Immolate","PrismaMod:ChloeAnyCommonTrace"],"picked":"PrismaMod:ChloeCarnivalDefend","floor":25.0},{"not_picked":["PrismaMod:ChloeCarnivalAttack","PrismaMod:ChloeExhaustThree","PrismaMod:ChloeCarnivalAOEAttack"],"picked":"Singing Bowl","floor":27.0},{"not_picked":["PrismaMod:ChloeBetterTracePools+1","Evolve+1","Heavy Blade+1"],"picked":"Singing Bowl","floor":29.0},{"not_picked":["PrismaMod:ChloeCheapAttackTwo","Armaments","Twin Strike"],"picked":"Singing Bowl","floor":30.0},{"not_picked":["PrismaMod:ChloeUnlimitedBladeWorks","Feed","PrismaMod:ChloeAnyPowerTrace"],"picked":"Singing Bowl","floor":31.0},{"not_picked":["Offering","PrismaMod:ChloeDoubleRelicSpeed","Brutality"],"picked":"Singing Bowl","floor":33.0},{"not_picked":["Twin Strike+1","Sword Boomerang"],"picked":"Cleave+1","floor":35.0},{"not_picked":["Evolve","Rampage","Rage+1"],"picked":"Singing Bowl","floor":37.0},{"not_picked":["PrismaMod:ChloeAnySkillTrace","Brutality","Corruption"],"picked":"Singing Bowl","floor":39.0},{"not_picked":["Reaper","Juggernaut","PrismaMod:ChloeAnyCommonTrace"],"picked":"Singing Bowl","floor":40.0},{"not_picked":["PrismaMod:ChloeAnyRareTrace","Exhume","PrismaMod:ChloeReshuffleDiscard"],"picked":"Singing Bowl","floor":42.0},{"not_picked":["Perfected Strike","Sever Soul"],"picked":"PrismaMod:ChloeCheapAttack","floor":45.0},{"not_picked":["PrismaMod:ChloeCheapAttackTwo+1","Rage","Spot Weakness+1"],"picked":"Singing Bowl","floor":46.0},{"not_picked":["PrismaMod:ChloeAnyPowerTrace","PrismaMod:ChloeGreatTracePools","Bludgeon"],"picked":"Singing Bowl","floor":47.0},{"not_picked":["Spot Weakness+1","Iron Wave","PrismaMod:ChloeUncommonAttack"],"picked":"Singing Bowl","floor":48.0},{"not_picked":["Corruption","Demon Form","Juggernaut"],"picked":"Singing Bowl","floor":50.0},{"not_picked":["Perfected Strike","Shrug It Off","PrismaMod:ChloeMaid"],"picked":"Singing Bowl","floor":52.0},{"not_picked":["Flex","PrismaMod:ChloeCheapAttack"],"picked":"Metallicize","floor":53.0},{"not_picked":["Thunderclap","PrismaMod:ChloeCheapDefendTwo","Havoc"],"picked":"Singing Bowl","floor":56.0},{"not_picked":["PrismaMod:ChloeAnyUncommonTrace","PrismaMod:ChloeCarnivalAOEAttack"],"picked":"PrismaMod:ChloeCarnivalDefend","floor":57.0},{"not_picked":["PrismaMod:ChloeAnyCommonTrace","Double Tap","Feed"],"picked":"Singing Bowl","floor":59.0},{"not_picked":["Double Tap","PrismaMod:ChloeAnySkillTrace","PrismaMod:ChloeAnyUncommonTrace"],"picked":"Singing Bowl","floor":61.0},{"not_picked":["Demon Form","rorgmod:Immolate","PrismaMod:ChloeAnyUncommonTrace"],"picked":"Singing Bowl","floor":62.0},{"not_picked":["Pommel Strike","Pummel","Heavy Blade"],"picked":"Singing Bowl","floor":64.0},{"not_picked":["Dual Wield+1","True Grit+1","Havoc+1"],"picked":"Singing Bowl","floor":65.0},{"not_picked":["Offering+1","PrismaMod:ChloeGreatTracePools","Reaper"],"picked":"Singing Bowl","floor":67.0},{"not_picked":["Rampage+1","PrismaMod:ChloeExhaustOne+1","PrismaMod:ChloeCommonAOEAttack"],"picked":"Singing Bowl","floor":69.0},{"not_picked":["Armaments+1","Shrug It Off+1","PrismaMod:ChloeCheapDefendTwo+1"],"picked":"Singing Bowl","floor":70.0},{"not_picked":["Anger","Clash+1","PrismaMod:ChloeChristmas+1"],"picked":"Singing Bowl","floor":72.0},{"not_picked":["PrismaMod:ChloeHalloween+1","PrismaMod:ChloeAnyCommonTrace+1"],"picked":"Double Tap+1","floor":74.0},{"not_picked":["PrismaMod:ChloeDevil","PrismaMod:ChloeAnyCommonTrace+1"],"picked":"PrismaMod:ChloeCarnivalDefend+1","floor":76.0},{"not_picked":["Brutality","PrismaMod:ChloeExhaustThree+1","PrismaMod:ChloeHalloween+1"],"picked":"Singing Bowl","floor":77.0},{"not_picked":["PrismaMod:ChloeCarnivalAOEAttack","PrismaMod:ChloeAnySkillTrace+1","PrismaMod:ChloeUnlimitedBladeWorks+1"],"picked":"Singing Bowl","floor":79.0},{"not_picked":["Ghostly Armor+1","Clash"],"picked":"Flex+1","floor":80.0},{"not_picked":["Cleave","PrismaMod:ChloeMordred+1","Rage+1"],"picked":"Singing Bowl","floor":82.0},{"not_picked":["Feed","PrismaMod:ChloeAnyRareTrace+1"],"picked":"Limit Break+1","floor":84.0},{"not_picked":["Headbutt","True Grit+1"],"picked":"PrismaMod:ChloeRhongomyniad","floor":86.0},{"not_picked":["Infernal Blade+1","rorgmod:Searing Blow","Shockwave+1"],"picked":"Singing Bowl","floor":87.0},{"not_picked":["rorgmod:Searing Blow+1","Power Through+1"],"picked":"Body Slam+1","floor":88.0},{"not_picked":["Twin Strike+1","Feel No Pain","Headbutt"],"picked":"Singing Bowl","floor":89.0},{"not_picked":["Pommel Strike+1","PrismaMod:ChloeUnlimitedBladeWorks+1","Clash"],"picked":"Singing Bowl","floor":90.0},{"not_picked":["Feed","Juggernaut","PrismaMod:ChloeReshuffleDiscard+1"],"picked":"Singing Bowl","floor":91.0},{"not_picked":["Offering+1","Brutality","PrismaMod:ChloeExhaustThree+1"],"picked":"Singing Bowl","floor":93.0},{"not_picked":["PrismaMod:ChloeDoubleRelicSpeed","PrismaMod:ChloeExhaustThree+1","Exhume+1"],"picked":"Singing Bowl","floor":94.0},{"not_picked":["rorgmod:Immolate+1","Offering+1"],"picked":"PrismaMod:ChloeCarnivalDefend+1","floor":96.0},{"not_picked":["Corruption","PrismaMod:ChloeUnlimitedBladeWorks+1","PrismaMod:ChloeCarnivalAOEAttack+1"],"picked":"Singing Bowl","floor":99.0},{"not_picked":["Exhume+1","Brutality","PrismaMod:ChloeAnySkillTrace+1"],"picked":"Singing Bowl","floor":101.0},{"not_picked":["Clash+1","Clothesline+1","DemoMod:BlackBlade+1"],"picked":"Singing Bowl","floor":103.0},{"not_picked":["PrismaMod:ChloeEyeOfTheEuryale+1","PrismaMod:ChloeChristmas+1","Rage+1"],"picked":"Singing Bowl","floor":104.0},{"not_picked":["PrismaMod:ChloeAnyPowerTrace+1","PrismaMod:ChloeAnyCommonTrace+1","Fiend Fire+1"],"picked":"Singing Bowl","floor":105.0},{"not_picked":["Clothesline+1","Dropkick+1","Havoc+1"],"picked":"Singing Bowl","floor":106.0},{"not_picked":["Perfected Strike+1","Carnage+1","Ghostly Armor+1"],"picked":"Singing Bowl","floor":107.0},{"not_picked":["PrismaMod:ChloeDoubleRelicSpeed","PrismaMod:ChloeAnyAttackTrace+1","PrismaMod:ChloeAnyUncommonTrace+1"],"picked":"Singing Bowl","floor":108.0},{"not_picked":["Reaper+1","Exhume+1","PrismaMod:ChloeAnyUncommonTrace+1"],"picked":"Singing Bowl","floor":111.0},{"not_picked":["Double Tap+1","PrismaMod:ChloeExhaustThree+1","Feed+1"],"picked":"Singing Bowl","floor":113.0},{"not_picked":["PrismaMod:ChloeExhaustOne+1","PrismaMod:ChloeCheapAttackTwo+1","PrismaMod:ChloeCheapDefendTwo+1"],"picked":"Singing Bowl","floor":115.0},{"not_picked":["PrismaMod:ChloeHalloween+1","Corruption","Juggernaut"],"picked":"Singing Bowl","floor":116.0},{"not_picked":["PrismaMod:ChloeDoubleRelicSpeed","Juggernaut"],"picked":"Barricade","floor":118.0},{"not_picked":["PrismaMod:ChloeCommonAOEAttack+1","Combust+1","Heavy Blade+1"],"picked":"Singing Bowl","floor":120.0},{"not_picked":["PrismaMod:ChloeEyeOfTheEuryale+1","Dropkick+1","Ghostly Armor+1"],"picked":"Singing Bowl","floor":121},{"not_picked":["Body Slam+1","Uppercut+1","PrismaMod:ChloeCheapAttack+1"],"picked":"Singing Bowl","floor":123},{"not_picked":["PrismaMod:ChloeExhaustThree+1","Shrug It Off+1"],"picked":"Flex+1","floor":124},{"not_picked":["Exhume+1","PrismaMod:ChloeGreatTracePools","PrismaMod:ChloeReshuffleDiscard+1"],"picked":"Singing Bowl","floor":125},{"not_picked":["PrismaMod:ChloeGreatTracePools","Exhume+1","PrismaMod:ChloeDoubleRelicSpeed"],"picked":"Singing Bowl","floor":127},{"not_picked":["Fiend Fire+1","PrismaMod:ChloeAnyAttackTrace+1","Bludgeon+1"],"picked":"Singing Bowl","floor":128},{"not_picked":["PrismaMod:ChloeCommonAOEAttack+1","Pommel Strike+1","PrismaMod:ChloeUnlimitedBladeWorks+1"],"picked":"Singing Bowl","floor":132},{"not_picked":["Feed+1","Offering+1","Impervious+1"],"picked":"Singing Bowl","floor":133},{"not_picked":["Feed+1","PrismaMod:ChloeHalloween+1","PrismaMod:ChloeCarnivalAttack+1"],"picked":"Singing Bowl","floor":135},{"not_picked":["Pommel Strike+1","Perfected Strike+1","Hemokinesis+1"],"picked":"Singing Bowl","floor":137},{"not_picked":["Sword Boomerang+1","Impervious+1","PrismaMod:ChloeRitsuka+1"],"picked":"Singing Bowl","floor":139},{"not_picked":["Rampage+1","Power Through+1","Shrug It Off+1"],"picked":"Singing Bowl","floor":140}],"player_experience":470018,"relics_obtained":[{"floor":6.0,"key":"DemoMod:WeirdEgg"},{"floor":8.0,"key":"Smiling Mask"},{"floor":9.0,"key":"Sundial"},{"floor":10.0,"key":"Torii"},{"floor":20.0,"key":"Singing Bowl"},{"floor":23.0,"key":"Blood Vial"},{"floor":25.0,"key":"Thread and Needle"},{"floor":26.0,"key":"Meat on the Bone"},{"floor":27.0,"key":"DemoMod:VorpalBullet"},{"floor":31.0,"key":"Ornamental Fan"},{"floor":39.0,"key":"DemoMod:MeltedRock"},{"floor":40.0,"key":"DemoMod:BigBoy"},{"floor":42.0,"key":"Regal Pillow"},{"floor":43.0,"key":"Nunchaku"},{"floor":47.0,"key":"Vajra"},{"floor":60.0,"key":"Self Forming Clay"},{"floor":88.0,"key":"Girya"}],"event_choices":[{"damage_healed":0.0,"max_hp_gain":0.0,"max_hp_loss":0.0,"gold_gain":0.0,"event_name":"The Cleric","player_choice":"Leave","floor":2.0,"gold_loss":0.0,"damage_taken":0.0},{"damage_healed":0.0,"max_hp_gain":5.0,"max_hp_loss":0.0,"gold_gain":0.0,"event_name":"Big Fish","player_choice":"Donut","floor":3.0,"gold_loss":0.0,"damage_taken":0.0},{"damage_healed":0.0,"max_hp_gain":0.0,"max_hp_loss":0.0,"gold_gain":99.0,"event_name":"Nest","player_choice":"Stole From Cult","floor":19.0,"gold_loss":0.0,"damage_taken":0.0},{"damage_healed":0.0,"max_hp_gain":0.0,"max_hp_loss":0.0,"gold_gain":0.0,"event_name":"Transmorgrifier","player_choice":"Ignored","floor":36.0,"gold_loss":0.0,"damage_taken":0.0},{"damage_healed":0.0,"max_hp_gain":5.0,"max_hp_loss":0.0,"gold_gain":0.0,"event_name":"Big Fish","player_choice":"Donut","floor":54.0,"gold_loss":0.0,"damage_taken":0.0},{"cards_removed":["Strike_R"],"damage_healed":0.0,"max_hp_gain":0.0,"max_hp_loss":0.0,"gold_gain":0.0,"event_name":"Purifier","player_choice":"Purged","floor":55.0,"gold_loss":0.0,"damage_taken":0.0},{"cards_removed":["Strike_R"],"damage_healed":0.0,"max_hp_gain":0.0,"max_hp_loss":0.0,"gold_gain":0.0,"event_name":"Beggar","player_choice":"Gave Gold","floor":71.0,"gold_loss":75.0,"damage_taken":0.0},{"damage_healed":0.0,"max_hp_gain":0.0,"max_hp_loss":0.0,"gold_gain":0.0,"event_name":"Addict","player_choice":"Obtained Relic","floor":81.0,"gold_loss":85.0,"damage_taken":0.0,"relics_obtained":["DemoMod:PoisonVial"]},{"damage_healed":0.0,"max_hp_gain":0.0,"max_hp_loss":0.0,"gold_gain":0.0,"event_name":"MindBloom","player_choice":"Fight","floor":88.0,"gold_loss":0.0,"damage_taken":0.0},{"damage_healed":0.0,"max_hp_gain":0.0,"max_hp_loss":0.0,"gold_gain":0.0,"event_name":"The Woman in Blue","player_choice":"Bought 1 Potion","floor":98.0,"gold_loss":0.0,"damage_taken":0.0},{"cards_removed":["Flex"],"damage_healed":0,"gold_gain":0,"player_choice":"Elegance","damage_taken":0,"max_hp_gain":0,"max_hp_loss":0,"event_name":"Back to Basics","floor":122,"gold_loss":0},{"damage_healed":0,"gold_gain":0,"player_choice":"Opened","damage_taken":0,"relics_obtained":["Red Skull"],"max_hp_gain":0,"max_hp_loss":0,"event_name":"The Mausoleum","floor":130,"gold_loss":0},{"damage_healed":0,"gold_gain":0,"player_choice":"Ignored","damage_taken":0,"max_hp_gain":0,"max_hp_loss":0,"event_name":"Tomb of Lord Red Mask","floor":141,"gold_loss":0}],"is_beta":false,"boss_relics":[{"not_picked":["Ectoplasm","Calling Bell","Snecko Eye"]},{"not_picked":["Fusion Hammer","Velvet Choker"],"picked":"DemoMod:RiddleOfLead"},{"not_picked":["Mark of Pain","Pandora\u0027s Box"],"picked":"SlaversCollar"},{"not_picked":["Black Star","Busted Crown"],"picked":"SacredBark"},{"not_picked":["Astrolabe","Velvet Choker"],"picked":"Runic Pyramid"},{"not_picked":["Philosopher\u0027s Stone","rorgmod:Black Star"],"picked":"DemoMod:WaxWing"},{"not_picked":["rorgmod:Empty Cage","Calling Bell","Pandora\u0027s Box"]},{"not_picked":["Snecko Eye","Mark of Pain"],"picked":"Sozu"}],"items_purged_floors":[22,38,63,73,95,95,109,114],"is_endless":true,"potions_floor_spawned":[1,6,14,16,18,25,27,29,33,39,40,48,50,52,56,57,61,62,67,69,74,79,80,82,84,88,90,94,96,103,104,108,111,121,123,127,128,140],"killed_by":"Nemesis","ascension_level":9}}