{"host":"c4psiqwczhd30bq5","time":1612441446,"event":{"mods":["Act Like it!","Aspiration","BaseMod","BetterRewards","Conspire","Downfall","Hallownest","Hubris","Minty Spire (QoL Compilation)","StSLib"],"gold_per_floor":[111,129,129,141,141,168,168,199,199,199,199],"floor_reached":10,"language":"ENG","playtime":525,"items_purged":[],"score":80,"play_id":"6749ad53-0c82-4821-a829-0ee3d48ff5d5","local_time":"20210204132406","is_ascension_mode":true,"campfire_choices":[{"floor":7,"key":"REST"}],"circlet_count":0,"master_deck":["Strike_R","Strike_R","Strike_R","Strike_R","Strike_R","Defend_R","Defend_R","Defend_R","Defend_R","Bash","Enlightenment","hubris:ReadiedAction","Clash","Regret","Perfected Strike","Pommel Strike","Shrug It Off"],"relics":["Burning Blood","hubris:Reverence","NlothsMask","Question Card","Akabeko"],"acts_visited":["Exordium"],"potions_floor_usage":[],"damage_taken":[{"damage":5,"enemies":"Jaw Worm","floor":1,"turns":5},{"damage":5,"enemies":"Small Slimes","floor":2,"turns":4},{"damage":7,"enemies":"Cultist","floor":4,"turns":4},{"damage":41,"enemies":"Lagavulin","floor":6,"turns":6},{"damage":59,"enemies":"3 Sentries","floor":8,"turns":12},{"damage":23,"enemies":"Lagavulin","floor":10,"turns":3}],"seed_played":"-5688452080913619639","potions_obtained":[{"floor":8,"key":"FearPotion"}],"is_trial":false,"path_per_floor":["M","M","?","M","?","E","R","E","T","E"],"character_chosen":"IRONCLAD","items_purchased":[],"campfire_rested":1,"item_purchase_floors":[],"current_hp_per_floor":[80,80,80,79,79,44,68,15,15,0,0],"gold":199,"neow_bonus":"RANDOM_COLORLESS","is_daily":false,"chose_seed":false,"campfire_upgraded":0,"win_rate":0.0,"timestamp":1612441446,"path_taken":["M","M","?","M","?","E","R","E","T","E"],"items_purchased_type":[],"build_version":"2020-12-22","purchased_purges":0,"victory":false,"max_hp_per_floor":[80,80,80,80,80,80,80,80,80,80,80],"card_choices":[{"not_picked":["Flash of Steel","conspire:Banana"],"picked":"Enlightenment","floor":0},{"not_picked":["Heavy Blade","Shrug It Off"],"picked":"hubris:ReadiedAction","floor":1},{"not_picked":["hubris:ReadiedAction","Armaments"],"picked":"Clash","floor":2},{"not_picked":["Wild Strike","Headbutt"],"picked":"Perfected Strike","floor":4},{"not_picked":["Rupture","Headbutt"],"picked":"Pommel Strike","floor":6},{"not_picked":["Clothesline","Body Slam","Sentinel"],"picked":"Shrug It Off","floor":8}],"player_experience":264860,"relics_obtained":[{"floor":6,"key":"Question Card"},{"floor":8,"key":"Akabeko"}],"event_choices":[{"damage_healed":0,"gold_gain":0,"player_choice":"Box","damage_taken":0,"relics_obtained":["hubris:Reverence"],"max_hp_gain":0,"max_hp_loss":0,"event_name":"Big Fish","floor":3,"gold_loss":0,"cards_obtained":["Regret"]},{"damage_healed":0,"gold_gain":0,"player_choice":"Trade","damage_taken":0,"relics_obtained":["NlothsMask"],"max_hp_gain":0,"max_hp_loss":0,"event_name":"FaceTrader","floor":5,"gold_loss":0}],"is_beta":false,"boss_relics":[],"items_purged_floors":[],"is_endless":false,"potions_floor_spawned":[8],"killed_by":"Lagavulin","ascension_level":1}}