{"host":"uc8wz0q199a7d901","time":1612427093,"event":{"mods":["2.2 Compatiblity","BaseMod","Colored Map","DeckTracker","Highlight Path","Minty Spire (QoL Compilation)","Permanent Neow","Quick Restart","SuperFastMode"],"gold_per_floor":[110,110,185,202,202,202,30,30,53,96,108,152,174,199,211,296,308,333,395,419,346,283,295,307,307],"floor_reached":24,"language":"KOR","playtime":616,"items_purged":["Regret"],"score":504,"play_id":"1e6a3fe0-f11b-40ed-af7c-f1c7b2dcbfa2","local_time":"20210204172453","is_ascension_mode":true,"campfire_choices":[{"data":"Bouncing Flask","floor":6.0,"key":"SMITH"},{"data":"Storm of Steel","floor":8.0,"key":"SMITH"},{"floor":11.0,"key":"REST"},{"floor":15.0,"key":"REST"},{"floor":23,"key":"REST"}],"circlet_count":0,"master_deck":["AscendersBane","Strike_G","Strike_G","Strike_G","Strike_G","Defend_G","Defend_G","Defend_G","Defend_G","Defend_G","Survivor","Neutralize","Storm of Steel+1","Bouncing Flask+1","PiercingWail","Reflex","Heel Hook","Malaise","Choke","Noxious Fumes+1","Bullet Time","Eviscerate","Distraction"],"relics":["Ring of the Snake","Toy Ornithopter","MawBank","Gambling Chip","Frozen Egg 2","Cursed Key","Tiny Chest"],"acts_visited":["Exordium","TheCity"],"potions_floor_usage":[24],"damage_taken":[{"damage":5.0,"enemies":"Small Slimes","floor":1.0,"turns":4.0},{"damage":7.0,"enemies":"Jaw Worm","floor":4.0,"turns":4.0},{"damage":20.0,"enemies":"3 Sentries","floor":10.0,"turns":8.0},{"damage":35.0,"enemies":"Lagavulin","floor":12.0,"turns":5.0},{"damage":0.0,"enemies":"2 Louse","floor":13.0,"turns":4.0},{"damage":3.0,"enemies":"Exordium Wildlife","floor":14.0,"turns":5.0},{"damage":0.0,"enemies":"Hexaghost","floor":16.0,"turns":7.0},{"damage":24.0,"enemies":"Shell Parasite","floor":18.0,"turns":5.0},{"damage":3,"enemies":"Spheric Guardian","floor":20,"turns":3},{"damage":64,"enemies":"Slavers","floor":24,"turns":5}],"seed_played":"-1515228184276750821","potions_obtained":[{"floor":1.0,"key":"Strength Potion"},{"floor":13.0,"key":"Dexterity Potion"},{"floor":14.0,"key":"Energy Potion"},{"floor":16.0,"key":"Strength Potion"}],"is_trial":false,"path_per_floor":["M","?","?","M","?","R","$","R","T","E","R","E","M","M","R","B",null,"M","?","M","?","?","R","E"],"character_chosen":"THE_SILENT","items_purchased":["Explosive Potion","Reflex"],"campfire_rested":3,"item_purchase_floors":[7,7],"current_hp_per_floor":[54,54,43,36,36,36,36,36,36,26,45,10,10,7,26,31,57,33,33,30,30,30,49,0,0],"gold":307,"neow_bonus":"THREE_RARE_CARDS","is_daily":false,"chose_seed":false,"campfire_upgraded":2,"win_rate":0.0,"timestamp":1612427093,"path_taken":["M","?","?","M","?","R","$","R","T","E","R","E","?","M","R","BOSS","M","?","M","?","?","R","E"],"items_purchased_type":["Potion","Card"],"build_version":"2020-12-22","purchased_purges":1,"victory":false,"max_hp_per_floor":[66,66,66,66,66,66,66,66,66,66,66,66,66,66,66,66,66,66,66,66,66,66,66,66,66],"card_choices":[{"not_picked":["A Thousand Cuts","Night Terror"],"picked":"Storm of Steel","floor":0.0},{"not_picked":["Deflect","Footwork"],"picked":"Bouncing Flask","floor":1.0},{"not_picked":["Poisoned Stab","Distraction"],"picked":"PiercingWail","floor":4.0},{"not_picked":["Underhanded Strike","Bane"],"picked":"Heel Hook","floor":10.0},{"not_picked":["Setup","Well Laid Plans+1"],"picked":"Malaise","floor":12.0},{"not_picked":["Riddle With Holes","Dash"],"picked":"Choke","floor":13.0},{"not_picked":["Dodge and Roll","Slice"],"picked":"Noxious Fumes+1","floor":14.0},{"not_picked":["Unload","Storm of Steel"],"picked":"Bullet Time","floor":16.0},{"not_picked":["Masterful Stab","Bane"],"picked":"Eviscerate","floor":18.0},{"not_picked":["Slice+1","Bane+1"],"picked":"Distraction","floor":20}],"player_experience":725433,"relics_obtained":[{"floor":9.0,"key":"MawBank"},{"floor":10.0,"key":"Gambling Chip"},{"floor":12.0,"key":"Frozen Egg 2"}],"event_choices":[{"cards_removed":["Pain"],"damage_healed":0.0,"max_hp_gain":0.0,"max_hp_loss":0.0,"gold_gain":0.0,"event_name":"Living Wall","player_choice":"Forget","floor":2.0,"gold_loss":0.0,"damage_taken":0.0},{"damage_healed":0.0,"max_hp_gain":0.0,"max_hp_loss":0.0,"gold_gain":75.0,"event_name":"World of Goop","player_choice":"Gather Gold","floor":3.0,"gold_loss":0.0,"damage_taken":11.0},{"damage_healed":0.0,"max_hp_gain":0.0,"max_hp_loss":0.0,"gold_gain":0.0,"event_name":"Big Fish","player_choice":"Box","floor":5.0,"gold_loss":0.0,"damage_taken":0.0,"relics_obtained":["Toy Ornithopter"],"cards_obtained":["Regret"]},{"damage_healed":0.0,"max_hp_gain":0.0,"max_hp_loss":0.0,"gold_gain":50.0,"event_name":"Nest","player_choice":"Stole From Cult","floor":19.0,"gold_loss":0.0,"damage_taken":0.0},{"damage_healed":0,"gold_gain":0,"player_choice":"Obtained Relic","damage_taken":0,"relics_obtained":["Tiny Chest"],"max_hp_gain":0,"max_hp_loss":0,"event_name":"Addict","floor":21,"gold_loss":85},{"cards_removed":["Strike_G"],"damage_healed":0,"gold_gain":0,"player_choice":"Gave Gold","damage_taken":0,"max_hp_gain":0,"max_hp_loss":0,"event_name":"Beggar","floor":22,"gold_loss":75}],"is_beta":false,"boss_relics":[{"not_picked":["Calling Bell","Empty Cage"],"picked":"Cursed Key"}],"items_purged_floors":[7],"is_endless":false,"potions_floor_spawned":[1,13,14,16],"killed_by":"Slavers","ascension_level":20}}