{"host":"d1za9dvx43o9v494","time":1612452790,"event":{"mods":["2.2 Compatiblity","Act Like it!","BaseMod","Better-Laid Plans","Displayed Cursed Tome","Emptier Cage","Minty Spire (QoL Compilation)","Monster B Gone","Permanent Neow","Relic Sorter","Reliquary","Smile Girya","Spire Arcade","StSLib","The Dragonkin","TheSurvivalist"],"gold_per_floor":[109,59,79,79,90,90,103,103,103,118,146,146,158,258,258,357,357,372,388,405,330,330,358,358,389,434,446,545,580,595,613,613,708,708,724,824,844,308,324,343,343,378,678,689,689,689,707,227,227,227,227,227,102,129,129],"floor_reached":56,"language":"ENG","playtime":4692,"items_purged":["theDragonkin:Strike","theDragonkin:Condemnation","theDragonkin:Defend"],"score":1216,"play_id":"34ac4b11-4dbf-4d8b-8f2b-6f3e6039d7d9","local_time":"20210204183310","is_ascension_mode":false,"campfire_choices":[{"data":"theDragonkin:AshBreath","floor":6,"key":"SMITH"},{"data":"theDragonkin:MagnussCorona","floor":8,"key":"SMITH"},{"data":"theDragonkin:AcidBreath","floor":12,"key":"SMITH"},{"data":"theDragonkin:MiasmicBreath","floor":15,"key":"SMITH"},{"data":"theDragonkin:MirrorBreath","floor":32,"key":"SMITH"},{"data":"theDragonkin:DivineVision","floor":41,"key":"SMITH"},{"data":"theDragonkin:MiasmicBreath","floor":45,"key":"SMITH"},{"floor":49,"key":"RECALL"},{"data":"theDragonkin:StormFront","floor":52,"key":"SMITH"}],"circlet_count":0,"master_deck":["theDragonkin:Defend","theDragonkin:Defend","theDragonkin:Defend","theDragonkin:HolySmite","theDragonkin:BlazingBreath+1","theDragonkin:AshBreath+1","theDragonkin:AcidBreath+1","theDragonkin:SlowBurn","theDragonkin:MagnussCorona+1","theDragonkin:VoiceofOrder","theDragonkin:MiasmicBreath+1","theDragonkin:MirrorBreath+1","theDragonkin:MiasmicBreath+1","theDragonkin:EnduringAgony+1","theDragonkin:Sizzle","theDragonkin:DivineBreath","theDragonkin:DivineVision+1","theDragonkin:Sizzle+1","theDragonkin:MiasmicBreath","theDragonkin:StormFront+1","theDragonkin:SandBreath","theDragonkin:AcidArmor"],"relics":["theDragonkin:GarnetScale","Ornamental Fan","Thread and Needle","Velvet Choker","Blood Vial","StrikeDummy","Pear","reliquary:RedCape","Mummified Hand","Bag of Marbles","Ancient Tea Set","Old Coin","TungstenRod","Pen Nib"],"acts_visited":["Exordium","TheCity","TheBeyond","TheEnding"],"potions_floor_usage":[11,55,55,55],"damage_taken":[{"damage":10,"enemies":"Small Slimes","floor":1,"turns":4},{"damage":4,"enemies":"Jaw Worm","floor":3,"turns":5},{"damage":2,"enemies":"Cultist","floor":5,"turns":4},{"damage":0,"enemies":"2 Fungi Beasts","floor":7,"turns":3},{"damage":5,"enemies":"Lots of Slimes","floor":10,"turns":3},{"damage":10,"enemies":"Gremlin Nob","floor":11,"turns":4},{"damage":0,"enemies":"Exordium Wildlife","floor":13,"turns":3},{"damage":8,"enemies":"The Guardian","floor":16,"turns":7},{"damage":0,"enemies":"Shell Parasite","floor":18,"turns":4},{"damage":0,"enemies":"Chosen","floor":19,"turns":3},{"damage":0,"enemies":"3 Cultists","floor":20,"turns":3},{"damage":25,"enemies":"Gremlin Leader","floor":23,"turns":4},{"damage":15,"enemies":"Slavers","floor":25,"turns":4},{"damage":0,"enemies":"Cultist and Chosen","floor":27,"turns":4},{"damage":3,"enemies":"Book of Stabbing","floor":29,"turns":4},{"damage":10,"enemies":"Shelled Parasite and Fungi","floor":30,"turns":4},{"damage":0,"enemies":"Snake Plant","floor":31,"turns":3},{"damage":13,"enemies":"Champ","floor":33,"turns":7},{"damage":0,"enemies":"3 Shapes","floor":35,"turns":4},{"damage":0,"enemies":"Orb Walker","floor":37,"turns":2},{"damage":0,"enemies":"Transient","floor":39,"turns":5},{"damage":0,"enemies":"Sphere and 2 Shapes","floor":40,"turns":2},{"damage":13,"enemies":"Reptomancer","floor":42,"turns":4},{"damage":13,"enemies":"Jaw Worm Horde","floor":44,"turns":4},{"damage":10,"enemies":"Maw","floor":47,"turns":6},{"damage":94,"enemies":"TheAcolyte","floor":50,"turns":8},{"damage":27,"enemies":"Shield and Spear","floor":54,"turns":5},{"damage":32,"enemies":"The Heart","floor":55,"turns":8}],"seed_played":"4380740588154688399","potions_obtained":[{"floor":1,"key":"ColorlessPotion"},{"floor":3,"key":"Fire Potion"},{"floor":11,"key":"SpeedPotion"},{"floor":13,"key":"PowerPotion"},{"floor":16,"key":"theDragonkin:DragonkinCommonPotion"},{"floor":18,"key":"CultistPotion"},{"floor":54,"key":"DuplicationPotion"}],"is_trial":false,"path_per_floor":["M","?","M","?","M","R","M","R","T","M","E","R","M","?","R","B",null,"M","M","M","?","?","E","?","E","T","M","?","E","M","M","R","B",null,"M","?","M","$","M","M","R","E","T","M","R","?","M","$","R","B",null,"R","$","E","B",null],"character_chosen":"THE_DRAGONKIN","items_purchased":["Mummified Hand","Bag of Marbles","theDragonkin:DivineVision","theDragonkin:AcidArmor","TungstenRod"],"campfire_rested":0,"item_purchase_floors":[38,38,38,48,48],"current_hp_per_floor":[75,75,71,71,69,69,69,69,69,64,54,54,54,54,54,46,85,85,85,85,85,85,60,60,47,47,49,49,58,50,52,52,41,95,95,95,95,95,95,95,95,82,82,71,71,71,63,63,63,11,95,95,95,68,38],"gold":129,"neow_bonus":"ONE_RANDOM_RARE_CARD","is_daily":false,"chose_seed":false,"campfire_upgraded":8,"win_rate":0.0,"timestamp":1612452790,"path_taken":["M","?","M","?","?","R","M","R","T","M","E","R","M","?","R","BOSS","M","?","M","?","?","E","?","E","T","?","?","E","M","M","R","BOSS","M","?","?","$","M","M","R","E","T","M","R","?","?","$","R","BOSS","R","$","E","BOSS"],"items_purchased_type":["Relic","Relic","Card","Card","Relic"],"build_version":"2020-12-22","purchased_purges":3,"victory":true,"max_hp_per_floor":[85,85,85,85,85,85,85,85,85,85,85,85,85,85,85,85,85,85,85,85,85,85,85,85,85,85,85,85,95,95,95,95,95,95,95,95,95,95,95,95,95,95,95,95,95,95,95,95,95,95,95,95,95,95,95],"card_choices":[{"not_picked":["theDragonkin:HolyWordBarrier","theDragonkin:HeatShield"],"picked":"theDragonkin:AshBreath","floor":1},{"not_picked":["theDragonkin:HeatShield","theDragonkin:HallowedGround"],"picked":"theDragonkin:AcidBreath","floor":3},{"not_picked":["theDragonkin:DeepBreath","theDragonkin:DivineJolt"],"picked":"theDragonkin:SlowBurn","floor":5},{"not_picked":["theDragonkin:HolyWordBarrier","theDragonkin:DivineJolt"],"picked":"theDragonkin:MagnussCorona","floor":7},{"not_picked":["theDragonkin:DivineJolt","theDragonkin:DivineBreath"],"picked":"theDragonkin:VoiceofOrder","floor":10},{"not_picked":["theDragonkin:FlameWard","theDragonkin:HallowedGround","theDragonkin:PlagueSwipe"],"picked":"SKIP","floor":11},{"not_picked":["theDragonkin:Smaugs_Smog","theDragonkin:ControlledBreath"],"picked":"theDragonkin:MiasmicBreath","floor":13},{"not_picked":["theDragonkin:Condemnation","theDragonkin:AshenArmor"],"picked":"theDragonkin:MirrorBreath","floor":16},{"not_picked":["theDragonkin:MoltenBreath","theDragonkin:FlameClaw+1","theDragonkin:BurningRage"],"picked":"SKIP","floor":18},{"not_picked":["theDragonkin:Sizzle","theDragonkin:RevelationBreath"],"picked":"theDragonkin:MiasmicBreath","floor":19},{"not_picked":["theDragonkin:SlowBurn","theDragonkin:HolyBarrier","theDragonkin:DivineFire+1"],"picked":"SKIP","floor":20},{"not_picked":["theDragonkin:FlameBreath","theDragonkin:AcidBreath","theDragonkin:HolyWordBarrier"],"picked":"SKIP","floor":23},{"not_picked":["theDragonkin:DivineJolt+1","theDragonkin:AshenArmor"],"picked":"theDragonkin:EnduringAgony+1","floor":25},{"not_picked":["theDragonkin:HeatShield+1","theDragonkin:AncestralSeance+1","theDragonkin:DivineJolt"],"picked":"SKIP","floor":27},{"not_picked":["theDragonkin:ControlledBreath","theDragonkin:Cauterize+1","theDragonkin:Sizzle+1"],"picked":"SKIP","floor":29},{"not_picked":["theDragonkin:GooGrip","theDragonkin:DivineJolt","theDragonkin:AncestralSeance"],"picked":"SKIP","floor":30},{"not_picked":["theDragonkin:CorrosiveBelch+1","theDragonkin:FlameClaw"],"picked":"theDragonkin:Sizzle","floor":31},{"not_picked":["theDragonkin:DivinePrayer+1","theDragonkin:FlameClaw+1","theDragonkin:MagmaScales"],"picked":"SKIP","floor":35},{"not_picked":["theDragonkin:AncestralSeance","theDragonkin:FlameWard"],"picked":"theDragonkin:DivineBreath","floor":37},{"not_picked":["theDragonkin:HolyBarrier+1","theDragonkin:HolyWordBarrier+1"],"picked":"theDragonkin:Sizzle+1","floor":39},{"not_picked":["theDragonkin:ControlledBreath","theDragonkin:FlameClaw+1","theDragonkin:FlameBreath+1"],"picked":"SKIP","floor":40},{"not_picked":["theDragonkin:DivineJolt+1","theDragonkin:MirrorBreath","theDragonkin:AcidBreath+1"],"picked":"SKIP","floor":42},{"not_picked":["theDragonkin:FlameBreath","theDragonkin:MagmaScales"],"picked":"theDragonkin:MiasmicBreath","floor":44},{"not_picked":["theDragonkin:FlameBreath","theDragonkin:RevelationBreath","theDragonkin:EmberSwipe"],"picked":"SKIP","floor":47},{"not_picked":["theDragonkin:CorrosiveBelch+1","theDragonkin:PrismaticBreath+1","theDragonkin:FlameWard"],"picked":"SKIP","floor":54}],"player_experience":235279,"relics_obtained":[{"floor":9,"key":"Ornamental Fan"},{"floor":11,"key":"Thread and Needle"},{"floor":23,"key":"Blood Vial"},{"floor":25,"key":"StrikeDummy"},{"floor":29,"key":"Pear"},{"floor":42,"key":"Ancient Tea Set"},{"floor":43,"key":"Old Coin"},{"floor":54,"key":"Pen Nib"}],"event_choices":[{"cards_removed":["theDragonkin:Strike"],"damage_healed":0,"gold_gain":0,"player_choice":"Card Removal","damage_taken":0,"max_hp_gain":0,"max_hp_loss":0,"event_name":"The Cleric","floor":2,"gold_loss":50},{"damage_healed":0,"gold_gain":0,"player_choice":"Upgraded","damage_taken":0,"max_hp_gain":0,"max_hp_loss":0,"event_name":"Upgrade Shrine","floor":4,"gold_loss":0,"cards_upgraded":["theDragonkin:BlazingBreath"]},{"damage_healed":0,"gold_gain":100,"player_choice":"Pray","damage_taken":0,"max_hp_gain":0,"max_hp_loss":0,"event_name":"Golden Shrine","floor":14,"gold_loss":0},{"cards_removed":["theDragonkin:Strike"],"damage_healed":0,"gold_gain":0,"player_choice":"Gave Gold","damage_taken":0,"max_hp_gain":0,"max_hp_loss":0,"event_name":"Beggar","floor":21,"gold_loss":75},{"damage_healed":0,"gold_gain":0,"player_choice":"Ignored","damage_taken":0,"max_hp_gain":0,"max_hp_loss":0,"event_name":"Vampires","floor":22,"gold_loss":0},{"cards_removed":["theDragonkin:Strike"],"damage_healed":0,"gold_gain":0,"player_choice":"Purged","damage_taken":0,"max_hp_gain":0,"max_hp_loss":0,"event_name":"Purifier","floor":24,"gold_loss":0},{"damage_healed":0,"gold_gain":99,"player_choice":"Stole From Cult","damage_taken":0,"max_hp_gain":0,"max_hp_loss":0,"event_name":"Nest","floor":28,"gold_loss":0},{"damage_healed":0,"gold_gain":100,"player_choice":"Pray","damage_taken":0,"max_hp_gain":0,"max_hp_loss":0,"event_name":"Golden Shrine","floor":36,"gold_loss":0},{"damage_healed":0,"gold_gain":0,"player_choice":"2 cards matched","damage_taken":0,"max_hp_gain":0,"max_hp_loss":0,"event_name":"Match and Keep!","floor":46,"gold_loss":0,"cards_obtained":["theDragonkin:StormFront","theDragonkin:SandBreath"]}],"is_beta":false,"boss_relics":[{"not_picked":["Black Star","Cursed Key"],"picked":"Velvet Choker"},{"not_picked":["reliquary:Ember","Snecko Eye"],"picked":"reliquary:RedCape"}],"items_purged_floors":[38,48,53],"is_endless":false,"potions_floor_spawned":[1,3,11,13,16,18,19,29,31,33,35,40,44,47,54],"ascension_level":0}}