{"host":"rq7gz685gkaokql0","time":1612410107,"event":{"mods":["BaseMod","Hubris","Infinite Spire","Minty Spire (QoL Compilation)","Replay The Spire","StSLib"],"gold_per_floor":[15,15,15,15,15,45,45,65,92,92,123,139,168,133,133,205,205,218,218,230,250,259,259,259,259],"floor_reached":24,"language":"ENG","playtime":1093,"items_purged":[],"score":424,"play_id":"aac52845-99cc-460b-9a2b-ce2031d2e463","local_time":"20210203174147","is_ascension_mode":true,"campfire_choices":[{"floor":7,"key":"REST"},{"floor":10,"key":"REST"},{"data":"Noxious Fumes","floor":15,"key":"SMITH"},{"floor":23,"key":"REST"}],"circlet_count":0,"master_deck":["AscendersBane","Apotheosis+1","Strike_G","Strike_G","Strike_G","Strike_G","Strike_G","Defend_G","Defend_G","Defend_G","Defend_G","Defend_G","Survivor","Neutralize","Midas Touch","Bouncing Flask","Blade Dance","Noxious Fumes+1","Doppelganger","ReplayTheSpireMod:Speed Training","Replay:Poison Smokescreen","A Thousand Cuts","Flying Knee+1","Infinite Blades","Deadly Poison","Footwork","infinitespire:SevenWalls","infinitespire:DeathsTouch"],"relics":["hubris:64BitClover","Sizzling Blood","hubris:AstralHammer","Akabeko","Oddly Smooth Stone","Pen Nib","hubris:Backtick","TungstenRod","CeramicFish"],"acts_visited":["Exordium","TheCity"],"potions_floor_usage":[16,21,24,24,24],"damage_taken":[{"damage":0,"enemies":"Cultist","floor":1,"turns":3},{"damage":2,"enemies":"Lagavulin","floor":6,"turns":8},{"damage":4,"enemies":"Small Slimes","floor":8,"turns":2},{"damage":12,"enemies":"Gremlin Nob","floor":11,"turns":3},{"damage":4,"enemies":"Jaw Worm","floor":12,"turns":4},{"damage":10,"enemies":"3 Sentries","floor":13,"turns":6},{"damage":37,"enemies":"The Guardian","floor":16,"turns":9},{"damage":16,"enemies":"3 Byrds","floor":18,"turns":6},{"damage":30,"enemies":"Spheric Guardian","floor":20,"turns":6},{"damage":17,"enemies":"Cultist and Chosen","floor":21,"turns":7},{"damage":21,"enemies":"Gremlin Leader","floor":24,"turns":8}],"seed_played":"1135185510263123872","potions_obtained":[{"floor":6,"key":"EntropicBrew"},{"floor":11,"key":"ColorlessPotion"},{"floor":16,"key":"infinitespire:BlackPotion"}],"is_trial":false,"path_per_floor":["M","?","$","?","?","E","R","M","T","R","E","M","E","?","R","B",null,"M","?","M","M","AVR","R","E"],"character_chosen":"THE_SILENT","items_purchased":[],"campfire_rested":3,"item_purchase_floors":[],"current_hp_per_floor":[59,14,14,18,18,20,41,41,41,62,54,54,48,65,65,32,61,49,49,23,10,10,31,10,10],"gold":259,"neow_bonus":"RANDOM_COLORLESS_2","is_daily":false,"chose_seed":false,"campfire_upgraded":1,"win_rate":0.0,"timestamp":1612410107,"path_taken":["M","?","$","?","?","E","R","M","T","R","E","M","E","?","R","BOSS","M","?","M","M","AVR","R","E"],"items_purchased_type":[],"build_version":"2020-12-22","purchased_purges":0,"victory":false,"max_hp_per_floor":[66,66,66,70,70,70,70,70,70,70,70,70,70,70,70,70,70,70,70,70,70,70,70,70,70],"card_choices":[{"not_picked":["Crow Ritual","Poisoned Strike"],"picked":"Midas Touch","floor":0},{"not_picked":["Noxious Fumes","ReplayTheSpireMod:The Works"],"picked":"Bouncing Flask","floor":1},{"not_picked":["Acrobatics","Leg Sweep"],"picked":"Blade Dance","floor":6},{"not_picked":["Footwork","hubris:Counter"],"picked":"Noxious Fumes","floor":8},{"not_picked":["Tactician","Well Laid Plans"],"picked":"Doppelganger","floor":11},{"not_picked":["Dagger Throw","Sneak Up"],"picked":"ReplayTheSpireMod:Speed Training","floor":12},{"not_picked":["Deadly Poison","Bane"],"picked":"Replay:Poison Smokescreen","floor":13},{"not_picked":["Glass Knife","Malaise"],"picked":"A Thousand Cuts","floor":16},{"not_picked":["ReplayTheSpireMod:Scrap Shanks","Infinite Blades"],"picked":"Flying Knee+1","floor":18},{"not_picked":["ReplayTheSpireMod:The Works","Dagger Throw"],"picked":"Deadly Poison","floor":20},{"not_picked":["Acrobatics","Deadly Poison"],"picked":"Footwork","floor":21}],"player_experience":1248939,"relics_obtained":[{"floor":6,"key":"hubris:AstralHammer"},{"floor":9,"key":"Akabeko"},{"floor":11,"key":"Oddly Smooth Stone"},{"floor":13,"key":"Pen Nib"}],"event_choices":[{"damage_healed":0,"gold_gain":0,"player_choice":"Success","damage_taken":45,"relics_obtained":["hubris:64BitClover"],"max_hp_gain":0,"max_hp_loss":0,"event_name":"Scrap Ooze","floor":2,"gold_loss":0},{"damage_healed":0,"gold_gain":0,"player_choice":"Ignored","damage_taken":0,"max_hp_gain":0,"max_hp_loss":0,"event_name":"Shining Light","floor":5,"gold_loss":0},{"damage_healed":17,"gold_gain":0,"player_choice":"Healed","damage_taken":0,"max_hp_gain":0,"max_hp_loss":0,"event_name":"The Cleric","floor":14,"gold_loss":35}],"is_beta":false,"boss_relics":[{"not_picked":["ReplayTheSpireMod:DimensionalGlitch","hubris:HollowSoul"],"picked":"hubris:Backtick"}],"items_purged_floors":[],"is_endless":false,"potions_floor_spawned":[6,11,16,20],"killed_by":"Gremlin Leader","ascension_level":20}}