{"host":"630px4nyj50z5id8","time":1612429922,"event":{"mods":["BaseMod","Colored Powertips","Downfall","Minty Spire (QoL Compilation)","Quick Restart","Replay The Spire","StSLib","Waifu the Spire"],"gold_per_floor":[114,132,207,207,0,30,30,45,69,102,102,130,130,164,164,236,236,252,252,265,265,190,223,234,259,311,311,311,311,311],"floor_reached":29,"language":"ZHS","playtime":1107,"items_purged":["Strike_G"],"score":716,"play_id":"a808c0dd-bce1-4088-8a79-67ac2201a7d7","local_time":"20210204171202","is_ascension_mode":true,"campfire_choices":[{"data":"Apotheosis","floor":7.0,"key":"SMITH"},{"floor":11.0,"key":"REST"},{"floor":15.0,"key":"DIG"},{"data":"ReplayTheSpireMod:Scrap Shanks","floor":27,"key":"SMITH"}],"circlet_count":0,"master_deck":["AscendersBane","Strike_G","Strike_G","Strike_G","Strike_G","Defend_G+1","Defend_G","Defend_G","Defend_G","Survivor","Neutralize","Dagger Spray","Apotheosis+1","Storm of Steel","Replay:Poison Smokescreen","Unload","Malaise+1","Glass Knife","ReplayTheSpireMod:Necrosis","Deflect","ReplayTheSpireMod:Scrap Shanks+1","Acrobatics","Acrobatics","Blur","Decay"],"relics":["Ring of the Snake","NeowsBlessing","Bronze Scales","Art of War","Lantern","Simple Rune","Replay:Mystery Machine","Ornamental Fan","Letter Opener","Coffee Dripper","Nilry\u0027s Codex","Frozen Egg 2","Vajra","Bag of Marbles"],"acts_visited":["Exordium","TheCity"],"potions_floor_usage":[25],"damage_taken":[{"damage":0.0,"enemies":"2 Louse","floor":1.0,"turns":1.0},{"damage":0.0,"enemies":"Jaw Worm","floor":2.0,"turns":1.0},{"damage":0.0,"enemies":"3 Sentries","floor":6.0,"turns":1.0},{"damage":0.0,"enemies":"Cultist","floor":8.0,"turns":3.0},{"damage":0.0,"enemies":"Gremlin Nob","floor":10.0,"turns":3.0},{"damage":4.0,"enemies":"3 Sentries","floor":12.0,"turns":7.0},{"damage":0.0,"enemies":"Lagavulin","floor":14.0,"turns":6.0},{"damage":3.0,"enemies":"The Guardian","floor":16.0,"turns":11.0},{"damage":2.0,"enemies":"Shell Parasite","floor":18.0,"turns":6.0},{"damage":0.0,"enemies":"Chosen","floor":20.0,"turns":5.0},{"damage":13.0,"enemies":"Slavers","floor":23.0,"turns":3.0},{"damage":12.0,"enemies":"Sentry and Sphere","floor":24.0,"turns":7.0},{"damage":0,"enemies":"Book of Stabbing","floor":25,"turns":6},{"damage":16,"enemies":"Snecko","floor":29,"turns":3}],"seed_played":"2013390849493878507","potions_obtained":[{"floor":2.0,"key":"SteroidPotion"},{"floor":6.0,"key":"Guardian:BlockOnCardUsePotion"},{"floor":8.0,"key":"EntropicBrew"},{"floor":12.0,"key":"SkillPotion"},{"floor":16.0,"key":"Venom Potion"},{"floor":24.0,"key":"DuplicationPotion"}],"is_trial":false,"path_per_floor":["M","M","?","T","$","E","R","M","T","E","R","E","?","E","R","B",null,"M","?","M","?","$","E","M","E","T","R","?","M"],"character_chosen":"THE_SILENT","items_purchased":["Apotheosis"],"campfire_rested":1,"item_purchase_floors":[5],"current_hp_per_floor":[59,59,48,48,48,48,48,48,48,48,66,62,62,62,62,59,64,62,62,62,41,41,28,16,16,16,16,16,0,0],"gold":311,"neow_bonus":"THREE_ENEMY_KILL","is_daily":false,"chose_seed":false,"campfire_upgraded":2,"win_rate":0.0,"timestamp":1612429922,"path_taken":["M","M","?","?","?","E","R","?","T","E","R","E","?","E","R","BOSS","M","?","M","?","$","E","M","E","T","R","?","M"],"items_purchased_type":["Card"],"build_version":"2020-12-22","purchased_purges":1,"victory":false,"max_hp_per_floor":[66,66,66,66,66,66,66,66,66,66,66,66,66,66,66,66,66,66,66,66,66,66,66,66,66,66,66,66,66,66],"card_choices":[{"not_picked":["Acrobatics","Heel Hook"],"picked":"Dagger Spray","floor":1.0},{"not_picked":["Sucker Punch","Endless Agony","Slice"],"picked":"SKIP","floor":2.0},{"not_picked":["Outmaneuver","Quick Slash"],"picked":"Storm of Steel","floor":6.0},{"not_picked":["Outmaneuver","Acrobatics"],"picked":"Replay:Poison Smokescreen","floor":8.0},{"not_picked":["Dagger Throw","Poisoned Stab"],"picked":"Unload","floor":10.0},{"not_picked":["All Out Attack","Dodge and Roll","Choke"],"picked":"SKIP","floor":12.0},{"not_picked":["Sucker Punch","Choke"],"picked":"Glass Knife","floor":14.0},{"not_picked":["Atom Bomb","Phantasmal Killer"],"picked":"ReplayTheSpireMod:Necrosis","floor":16.0},{"not_picked":["Riddle With Holes","Dagger Spray"],"picked":"Deflect","floor":18.0},{"not_picked":["Sucker Punch","PiercingWail"],"picked":"Acrobatics","floor":20.0},{"not_picked":["Outmaneuver","Prepared"],"picked":"Acrobatics","floor":23.0},{"not_picked":["Flying Knee","Grand Finale"],"picked":"Blur","floor":24.0},{"not_picked":["Draining Mist","Dodge and Roll","Sucker Punch"],"picked":"SKIP","floor":25}],"player_experience":366850,"relics_obtained":[{"floor":4.0,"key":"Bronze Scales"},{"floor":6.0,"key":"Art of War"},{"floor":9.0,"key":"Lantern"},{"floor":10.0,"key":"Simple Rune"},{"floor":12.0,"key":"Replay:Mystery Machine"},{"floor":14.0,"key":"Ornamental Fan"},{"floor":15.0,"key":"Letter Opener"},{"floor":21.0,"key":"Nilry\u0027s Codex"},{"floor":23.0,"key":"Frozen Egg 2"},{"floor":25,"key":"Vajra"},{"floor":26,"key":"Bag of Marbles"}],"event_choices":[{"damage_healed":0.0,"max_hp_gain":0.0,"max_hp_loss":0.0,"gold_gain":75.0,"event_name":"World of Goop","player_choice":"Gather Gold","floor":3.0,"gold_loss":0.0,"damage_taken":11.0},{"damage_healed":0.0,"max_hp_gain":0.0,"max_hp_loss":0.0,"gold_gain":0.0,"event_name":"The Library","player_choice":"Read","floor":19.0,"gold_loss":0.0,"damage_taken":0.0,"cards_obtained":["ReplayTheSpireMod:Scrap Shanks"]},{"damage_healed":0.0,"max_hp_gain":0.0,"max_hp_loss":0.0,"gold_gain":0.0,"event_name":"Cursed Tome","player_choice":"Obtained Book","floor":21.0,"gold_loss":0.0,"damage_taken":21.0},{"damage_healed":0,"gold_gain":0,"player_choice":"Smashed Altar","damage_taken":0,"max_hp_gain":0,"max_hp_loss":0,"event_name":"Forgotten Altar","floor":28,"gold_loss":0,"cards_obtained":["Decay"]}],"is_beta":false,"boss_relics":[{"not_picked":["Replay:Grab Bag","Ectoplasm"],"picked":"Coffee Dripper"}],"items_purged_floors":[22],"is_endless":false,"potions_floor_spawned":[2,6,8,12,16,23,24],"killed_by":"Snecko","ascension_level":17}}