{"host":"x5w9zppki4gdwvc7","time":1612465978,"event":{"mods":["AchievementEnabler","BaseMod","Colored Powertips","DeckTracker","Minty Spire (QoL Compilation)"],"gold_per_floor":[118,68,83,102,116,116,144,161,215,215,226,3,3,15,15,113,113,133,151,198,210,228,228,257,257,257,276,50,63,95,107,107,211,211,226,237,237,237,103,137,137,170,170,189,189,189],"floor_reached":45,"language":"ENG","playtime":3303,"items_purged":["Riddle With Holes","Storm of Steel"],"score":623,"play_id":"fbd2ddef-03d0-44ec-b698-4c4e52bfb972","local_time":"20210204201258","is_ascension_mode":true,"campfire_choices":[{"data":"Sucker Punch","floor":6,"key":"SMITH"},{"floor":13,"key":"REST"},{"floor":15,"key":"REST"},{"data":"Wraith Form v2","floor":23,"key":"SMITH"},{"data":"Bouncing Flask","floor":25,"key":"SMITH"},{"floor":32,"key":"REST"},{"data":"Night Terror","floor":41,"key":"SMITH"}],"circlet_count":0,"master_deck":["Survivor","Neutralize","Flying Knee","Deadly Poison","Sucker Punch+1","Flechettes","Bane+1","Acrobatics","Bouncing Flask+1","Malaise","Wraith Form v2+1","Dodge and Roll+1","Catalyst","Prepared+1","Adrenaline","Sucker Punch","Poisoned Stab","Cloak And Dagger","Finisher","Choke","Poisoned Stab","Dagger Throw","Night Terror+1","Well Laid Plans","Deadly Poison+1","Parasite"],"relics":["Ring of the Snake","Pen Nib","Nunchaku","Snake Skull","Philosopher\u0027s Stone","Toy Ornithopter","Eternal Feather","HornCleat","Tiny Chest","Centennial Puzzle","Pandora\u0027s Box","Shuriken","Toxic Egg 2","Mummified Hand"],"acts_visited":["Exordium","TheCity","TheBeyond"],"potions_floor_usage":[8,11,16,29,29,29,33],"damage_taken":[{"damage":4,"enemies":"Small Slimes","floor":1,"turns":4},{"damage":5,"enemies":"Cultist","floor":3,"turns":4},{"damage":7,"enemies":"Jaw Worm","floor":4,"turns":3},{"damage":7,"enemies":"2 Fungi Beasts","floor":5,"turns":4},{"damage":37,"enemies":"3 Sentries","floor":7,"turns":10},{"damage":10,"enemies":"Exordium Thugs","floor":8,"turns":5},{"damage":5,"enemies":"3 Louse","floor":11,"turns":4},{"damage":7,"enemies":"2 Fungi Beasts","floor":14,"turns":3},{"damage":7,"enemies":"Slime Boss","floor":16,"turns":6},{"damage":0,"enemies":"Chosen","floor":18,"turns":4},{"damage":4,"enemies":"Spheric Guardian","floor":19,"turns":3},{"damage":2,"enemies":"Chosen and Byrds","floor":21,"turns":4},{"damage":6,"enemies":"Sentry and Sphere","floor":22,"turns":5},{"damage":20,"enemies":"Gremlin Leader","floor":24,"turns":9},{"damage":0,"enemies":"Centurion and Healer","floor":27,"turns":4},{"damage":0,"enemies":"Snake Plant","floor":29,"turns":2},{"damage":51,"enemies":"Slavers","floor":30,"turns":8},{"damage":20,"enemies":"Sentry and Sphere","floor":31,"turns":6},{"damage":30,"enemies":"Champ","floor":33,"turns":10},{"damage":0,"enemies":"Orb Walker","floor":35,"turns":3},{"damage":26,"enemies":"3 Darklings","floor":36,"turns":4},{"damage":16,"enemies":"Nemesis","floor":40,"turns":5},{"damage":36,"enemies":"Giant Head","floor":42,"turns":8},{"damage":8,"enemies":"Writhing Mass","floor":44,"turns":4},{"damage":6,"enemies":"Jaw Worm Horde","floor":45,"turns":1}],"seed_played":"-4681930545544580478","potions_obtained":[{"floor":3,"key":"ColorlessPotion"},{"floor":4,"key":"Weak Potion"},{"floor":8,"key":"SkillPotion"},{"floor":11,"key":"GhostInAJar"},{"floor":14,"key":"GamblersBrew"},{"floor":18,"key":"DistilledChaos"},{"floor":22,"key":"AttackPotion"},{"floor":29,"key":"SneckoOil"},{"floor":40,"key":"Ancient Potion"},{"floor":42,"key":"Strength Potion"}],"is_trial":false,"path_per_floor":["M","?","M","M","M","R","E","M","T","?","M","$","R","M","R","B",null,"M","M","T","M","M","R","E","R","T","M","$","M","E","M","R","B",null,"M","M","?","?","$","E","R","E","T","M","M"],"character_chosen":"THE_SILENT","items_purchased":["Snake Skull","Bouncing Flask","Tiny Chest","Well Laid Plans"],"campfire_rested":3,"item_purchase_floors":[12,12,28,39],"current_hp_per_floor":[73,73,68,61,54,54,17,7,7,7,2,2,25,18,41,34,77,77,73,73,71,65,65,45,57,57,57,57,72,21,1,36,11,77,77,51,51,51,51,35,47,11,11,3,0,0],"gold":189,"neow_bonus":"TEN_PERCENT_HP_BONUS","is_daily":false,"chose_seed":false,"campfire_upgraded":4,"win_rate":0.0,"timestamp":1612465978,"path_taken":["M","?","M","M","M","R","E","M","T","?","M","$","R","M","R","BOSS","M","M","?","M","M","R","E","R","T","M","$","M","E","M","R","BOSS","M","M","?","?","$","E","R","E","T","M","?"],"items_purchased_type":["Relic","Card","Relic","Card"],"build_version":"2020-12-22","purchased_purges":2,"victory":false,"max_hp_per_floor":[77,77,77,77,77,77,77,77,77,77,77,77,77,77,77,77,77,77,77,77,77,77,77,77,77,77,77,77,77,77,77,77,77,77,77,77,77,77,77,77,77,77,77,77,77,77],"card_choices":[{"not_picked":["Blade Dance","Infinite Blades"],"picked":"Flying Knee","floor":1},{"not_picked":["Bane","Heel Hook"],"picked":"Riddle With Holes","floor":3},{"not_picked":["Concentrate","Catalyst"],"picked":"Deadly Poison","floor":4},{"not_picked":["Slice","Outmaneuver"],"picked":"Sucker Punch","floor":5},{"not_picked":["Endless Agony","Sucker Punch"],"picked":"Flechettes","floor":7},{"not_picked":["Prepared","Flying Knee"],"picked":"Bane","floor":8},{"not_picked":["Poisoned Stab","Expertise"],"picked":"Acrobatics","floor":11},{"not_picked":["Flying Knee","Sucker Punch"],"picked":"Malaise","floor":14},{"not_picked":["Burst","Venomology"],"picked":"Wraith Form v2","floor":16},{"not_picked":["Cloak And Dagger","Reflex","Tactician+1"],"picked":"SKIP","floor":18},{"not_picked":["Dagger Spray","Tactician","Underhanded Strike"],"picked":"SKIP","floor":19},{"not_picked":["Outmaneuver","Blade Dance"],"picked":"Dodge and Roll+1","floor":21},{"not_picked":["Cloak And Dagger","Setup","Skewer+1"],"picked":"SKIP","floor":22},{"not_picked":["Prepared","Bane","Grand Finale"],"picked":"SKIP","floor":24},{"not_picked":["Dash","Dagger Throw"],"picked":"Catalyst","floor":27},{"not_picked":["Dagger Spray","Dagger Throw"],"picked":"Prepared+1","floor":29},{"not_picked":["Sucker Punch","Bane","Accuracy"],"picked":"SKIP","floor":30},{"not_picked":["Deadly Poison","Acrobatics","Quick Slash"],"picked":"SKIP","floor":31},{"not_picked":["Grand Finale","Glass Knife"],"picked":"Adrenaline","floor":33},{"not_picked":["Blade Dance","Cloak And Dagger+1","Prepared"],"picked":"SKIP","floor":35},{"not_picked":["Prepared+1","Dodge and Roll+1","Cloak And Dagger"],"picked":"SKIP","floor":36},{"not_picked":["Dash","Catalyst","Dagger Spray+1"],"picked":"SKIP","floor":40},{"not_picked":["Dash","Catalyst","Dagger Spray+1"],"picked":"SKIP","floor":40},{"not_picked":["Caltrops+1","Dagger Throw+1"],"picked":"Deadly Poison+1","floor":42},{"not_picked":["Quick Slash","Masterful Stab+1","Endless Agony"],"picked":"SKIP","floor":44}],"player_experience":481754,"relics_obtained":[{"floor":7,"key":"Pen Nib"},{"floor":9,"key":"Nunchaku"},{"floor":20,"key":"Toy Ornithopter"},{"floor":24,"key":"Eternal Feather"},{"floor":26,"key":"HornCleat"},{"floor":30,"key":"Centennial Puzzle"},{"floor":40,"key":"Shuriken"},{"floor":42,"key":"Toxic Egg 2"},{"floor":43,"key":"Mummified Hand"}],"event_choices":[{"cards_removed":["Strike_G"],"damage_healed":0,"gold_gain":0,"player_choice":"Card Removal","damage_taken":0,"max_hp_gain":0,"max_hp_loss":0,"event_name":"The Cleric","floor":2,"gold_loss":50},{"damage_healed":0,"gold_gain":0,"player_choice":"Forge","damage_taken":0,"max_hp_gain":0,"max_hp_loss":0,"event_name":"Accursed Blacksmith","floor":10,"gold_loss":0,"cards_upgraded":["Bane"]},{"damage_healed":0,"gold_gain":0,"player_choice":"Memory 1","damage_taken":0,"max_hp_gain":0,"max_hp_loss":0,"event_name":"SensoryStone","floor":37,"gold_loss":0},{"damage_healed":0,"gold_gain":0,"cards_transformed":["Underhanded Strike"],"player_choice":"Transformed","damage_taken":0,"max_hp_gain":0,"max_hp_loss":0,"event_name":"Transmorgrifier","floor":38,"gold_loss":0,"cards_obtained":["Night Terror"]}],"is_beta":false,"boss_relics":[{"not_picked":["Coffee Dripper","Runic Dome"],"picked":"Philosopher\u0027s Stone"},{"not_picked":["Velvet Choker","Snecko Eye"],"picked":"Pandora\u0027s Box"}],"items_purged_floors":[28,39],"is_endless":false,"potions_floor_spawned":[3,4,8,11,14,18,22,27,29,40,42],"killed_by":"Jaw Worm Horde","ascension_level":4}}