{"host":"sav7uxregyirlf69","time":1612444449,"event":{"mods":["AchievementEnabler","BaseMod","Colored Map","DeckTracker","Keyboard Shortcuts","Minty Spire (QoL Compilation)","READ ME - Guardian Mod","StSLib","SuperFastMode"],"gold_per_floor":[11,11,30,1,1,1,1,1,24,24,60,80,80,100,100,198,198,214,230,230,320,401,401,401,437,460,484,502,502,520,533,533,610,610,622,638,712,692,14,14,27,60,60,80,80,80],"floor_reached":45,"language":"KOR","playtime":1072,"items_purged":["Strike_G"],"score":926,"play_id":"049a96e8-ca65-4a52-8b44-3f551d8af863","local_time":"20210204221409","is_ascension_mode":true,"campfire_choices":[{"data":"Noxious Fumes","floor":7.0,"key":"SMITH"},{"data":"Caltrops","floor":10.0,"key":"SMITH"},{"data":"Survivor","floor":13.0,"key":"SMITH"},{"data":"Escape Plan","floor":15.0,"key":"SMITH"},{"floor":23.0,"key":"REST"},{"floor":32.0,"key":"REST"},{"floor":40.0,"key":"RECALL"}],"circlet_count":0,"master_deck":["AscendersBane","Strike_G","Defend_G","Defend_G","Defend_G","Survivor+1","Neutralize+1","Caltrops+1","Noxious Fumes+1","Escape Plan+1","Dagger Throw","Adrenaline+1","Dodge and Roll+1","PiercingWail+1","Phantasmal Killer+1","Backflip+1","Acrobatics+1","Terror+1","Cloak And Dagger+1","Bouncing Flask+1","Dodge and Roll+1","Corpse Explosion+1","Prepared+1","Tactician+1","Adrenaline+1","Well Laid Plans"],"relics":["Ring of the Snake","Bloody Idol","Tiny Chest","Toxic Egg 2","Philosopher\u0027s Stone","InkBottle","Mango","Bronze Scales","Empty Cage","OrangePellets","Question Card","Shuriken"],"acts_visited":["Exordium","TheCity","TheBeyond"],"potions_floor_usage":[45],"damage_taken":[{"damage":7.0,"enemies":"Small Slimes","floor":1.0,"turns":3.0},{"damage":0.0,"enemies":"Jaw Worm","floor":3.0,"turns":6.0},{"damage":34.0,"enemies":"3 Sentries","floor":11.0,"turns":7.0},{"damage":0.0,"enemies":"Cultist","floor":12.0,"turns":3.0},{"damage":3.0,"enemies":"Large Slime","floor":14.0,"turns":5.0},{"damage":9.0,"enemies":"Hexaghost","floor":16.0,"turns":10.0},{"damage":6.0,"enemies":"Spheric Guardian","floor":18.0,"turns":4.0},{"damage":10.0,"enemies":"Chosen","floor":19.0,"turns":6.0},{"damage":21.0,"enemies":"Gremlin Leader","floor":25.0,"turns":5.0},{"damage":0.0,"enemies":"Snake Plant","floor":27.0,"turns":3.0},{"damage":0.0,"enemies":"Centurion and Healer","floor":28.0,"turns":4.0},{"damage":13.0,"enemies":"Chosen and Byrds","floor":30.0,"turns":4.0},{"damage":5.0,"enemies":"Sentry and Sphere","floor":31.0,"turns":5.0},{"damage":37.0,"enemies":"Automaton","floor":33.0,"turns":11.0},{"damage":1.0,"enemies":"Orb Walker","floor":35.0,"turns":4.0},{"damage":1.0,"enemies":"3 Darklings","floor":36.0,"turns":3.0},{"damage":14.0,"enemies":"Transient","floor":41.0,"turns":6.0},{"damage":43.0,"enemies":"Nemesis","floor":42.0,"turns":7.0},{"damage":0,"enemies":"Maw","floor":44,"turns":6},{"damage":39,"enemies":"Reptomancer","floor":45,"turns":3}],"seed_played":"1636450601353532420","potions_obtained":[{"floor":11.0,"key":"SkillPotion"},{"floor":12.0,"key":"Weak Potion"},{"floor":14.0,"key":"Poison Potion"},{"floor":18.0,"key":"LiquidBronze"},{"floor":25.0,"key":"SteroidPotion"},{"floor":27.0,"key":"Swift Potion"},{"floor":35.0,"key":"SkillPotion"},{"floor":44,"key":"GamblersBrew"}],"is_trial":false,"path_per_floor":["M","?","M","$","?","$","R","?","T","R","E","M","R","M","R","B",null,"M","M","?","?","T","R","?","E","T","M","M","?","M","M","R","B",null,"M","M","T","?","$","R","M","E","T","M","E"],"character_chosen":"THE_SILENT","items_purchased":["Dagger Throw","OrangePellets","Question Card","Adrenaline+1"],"campfire_rested":2,"item_purchase_floors":[4,39,39,39],"current_hp_per_floor":[52,52,52,52,57,57,57,57,57,57,23,23,23,20,20,11,52,46,36,36,24,24,43,43,36,36,36,36,36,28,28,51,19,64,68,72,77,77,77,77,68,30,30,35,0,0],"gold":80,"neow_bonus":"TRANSFORM_TWO_CARDS","is_daily":false,"chose_seed":false,"campfire_upgraded":4,"win_rate":0.0,"timestamp":1612444449,"path_taken":["M","?","M","$","?","?","R","?","T","R","E","M","R","M","R","BOSS","M","?","?","?","?","R","?","E","T","?","M","?","M","M","R","BOSS","M","M","?","?","$","R","M","E","T","?","E"],"items_purchased_type":["Card","Relic","Relic","Card"],"build_version":"2020-12-22","purchased_purges":1,"victory":false,"max_hp_per_floor":[66,60,60,60,65,65,65,65,65,65,65,65,65,65,65,65,65,65,65,65,65,65,65,65,79,79,79,79,79,79,79,79,79,79,79,79,79,79,79,79,79,79,79,79,79,79],"card_choices":[{"not_picked":["Flying Knee","Acrobatics"],"picked":"Escape Plan","floor":1.0},{"not_picked":["Eviscerate","Dodge and Roll","Slice"],"picked":"SKIP","floor":3.0},{"not_picked":["Accuracy","Acrobatics+1"],"picked":"Adrenaline+1","floor":11.0},{"not_picked":["Dagger Throw","Flechettes"],"picked":"Dodge and Roll+1","floor":12.0},{"not_picked":["Dagger Spray","Slice"],"picked":"PiercingWail+1","floor":14.0},{"not_picked":["Unload","A Thousand Cuts"],"picked":"Phantasmal Killer+1","floor":16.0},{"not_picked":["Calculated Gamble+1","Dodge and Roll+1"],"picked":"Backflip+1","floor":18.0},{"not_picked":["Backflip+1","Endless Agony"],"picked":"Acrobatics+1","floor":19.0},{"not_picked":["Poisoned Stab","Leg Sweep+1"],"picked":"Terror+1","floor":25.0},{"not_picked":["Flying Knee","Acrobatics+1","Accuracy+1"],"picked":"SKIP","floor":27.0},{"not_picked":["Outmaneuver+1","Sucker Punch"],"picked":"Cloak And Dagger+1","floor":28.0},{"not_picked":["Noxious Fumes+1","Bane"],"picked":"Bouncing Flask+1","floor":30.0},{"not_picked":["Outmaneuver+1","Sucker Punch"],"picked":"Dodge and Roll+1","floor":31.0},{"not_picked":["Adrenaline+1","Phantasmal Killer+1"],"picked":"Corpse Explosion+1","floor":33.0},{"not_picked":["Terror+1","Deadly Poison+1"],"picked":"Prepared+1","floor":35.0},{"not_picked":["Dagger Spray","Dodge and Roll+1"],"picked":"Tactician+1","floor":36.0},{"not_picked":["Poisoned Stab","Masterful Stab+1","Finisher+1","Outmaneuver+1"],"picked":"SKIP","floor":41.0},{"not_picked":["Flechettes","Poisoned Stab","Flying Knee","Sucker Punch"],"picked":"SKIP","floor":42},{"not_picked":["Deadly Poison+1","Noxious Fumes","Prepared+1"],"picked":"Well Laid Plans","floor":44}],"player_experience":1487766,"relics_obtained":[{"floor":9.0,"key":"Tiny Chest"},{"floor":11.0,"key":"Toxic Egg 2"},{"floor":22.0,"key":"InkBottle"},{"floor":25.0,"key":"Mango"},{"floor":26.0,"key":"Bronze Scales"},{"floor":42,"key":"Shuriken"}],"event_choices":[{"damage_healed":0.0,"max_hp_gain":0.0,"max_hp_loss":6.0,"gold_gain":0.0,"event_name":"Golden Idol","player_choice":"Lose Max HP","floor":2.0,"gold_loss":0.0,"damage_taken":0.0,"relics_obtained":["Golden Idol"]},{"damage_healed":0.0,"max_hp_gain":5.0,"max_hp_loss":0.0,"gold_gain":0.0,"event_name":"Big Fish","player_choice":"Donut","floor":5.0,"gold_loss":0.0,"damage_taken":0.0},{"damage_healed":0.0,"max_hp_gain":0.0,"max_hp_loss":0.0,"gold_gain":0.0,"event_name":"Upgrade Shrine","player_choice":"Upgraded","floor":8.0,"gold_loss":0.0,"damage_taken":0.0,"cards_upgraded":["Neutralize"]},{"damage_healed":0.0,"max_hp_gain":0.0,"max_hp_loss":0.0,"gold_gain":0.0,"event_name":"Cursed Tome","player_choice":"Ignored","floor":20.0,"gold_loss":0.0,"damage_taken":0.0},{"damage_healed":0.0,"max_hp_gain":0.0,"max_hp_loss":0.0,"gold_gain":90.0,"event_name":"Knowing Skull","player_choice":"GOLD ","floor":21.0,"potions_obtained":[],"gold_loss":0.0,"damage_taken":12.0,"cards_obtained":[]},{"cards_removed":["Defend_G"],"damage_healed":0.0,"max_hp_gain":0.0,"max_hp_loss":0.0,"gold_gain":0.0,"event_name":"Purifier","player_choice":"Purged","floor":24.0,"gold_loss":0.0,"damage_taken":0.0},{"damage_healed":0.0,"max_hp_gain":0.0,"max_hp_loss":0.0,"gold_gain":0.0,"event_name":"Forgotten Altar","player_choice":"Gave Idol","floor":29.0,"relics_lost":["Golden Idol"],"gold_loss":0.0,"damage_taken":0.0,"relics_obtained":["Bloody Idol"]},{"damage_healed":0.0,"max_hp_gain":0.0,"max_hp_loss":0.0,"gold_gain":0.0,"event_name":"The Woman in Blue","player_choice":"Bought 1 Potion","floor":38.0,"gold_loss":0.0,"damage_taken":0.0}],"is_beta":false,"boss_relics":[{"not_picked":["Coffee Dripper","SlaversCollar"],"picked":"Philosopher\u0027s Stone"},{"not_picked":["Snecko Eye","WristBlade"],"picked":"Empty Cage"}],"items_purged_floors":[39],"is_endless":false,"potions_floor_spawned":[11,12,14,18,25,27,35,41,44],"killed_by":"Reptomancer","ascension_level":20}}