{"host":"9brt9rggm379u2p7","time":1612428207,"event":{"mods":["AchievementEnabler","BaseMod","Faster Ascension Climbing","Highlight Path","Minty Spire (QoL Compilation)","Permanent Neow","Quick Restart","SuperFastMode"],"gold_per_floor":[119,131,131,10,10,42,42,53,53,53,72,22,52,70,70,171,171,189,55,55,55,79,79,104,104,130,230,240,257,257,277,277,382,382,393,120,120,72,83,118,129,144,170,188,217,230,263,278,278,278,278,278,107,137,137],"floor_reached":56,"language":"ENG","playtime":2849,"items_purged":["Strike_G","Strike_G"],"score":1290,"play_id":"a6622e6c-ca71-43b0-a622-93effebd6045","local_time":"20210204174327","is_ascension_mode":true,"campfire_choices":[{"data":"1","floor":7.0,"key":"LIFT"},{"data":"2","floor":15.0,"key":"LIFT"},{"data":"3","floor":23.0,"key":"LIFT"},{"data":"Blade Dance","floor":25.0,"key":"SMITH"},{"data":"Acrobatics","floor":32.0,"key":"SMITH"},{"floor":49,"key":"RECALL"},{"data":"Panacea","floor":52,"key":"SMITH"}],"circlet_count":0,"master_deck":["Defend_G","Defend_G","Defend_G","Defend_G","Survivor","Neutralize","Phantasmal Killer","Slice","Sucker Punch","Acrobatics+1","PiercingWail","Accuracy","Concentrate","Caltrops","Storm of Steel","Caltrops+1","Blade Dance+1","Envenom","Outmaneuver","Backstab","Cloak And Dagger+1","After Image","Panacea+1","Escape Plan","Accuracy","Acrobatics","Cloak And Dagger","Envenom","Reflex","Blade Dance+1","Tactician+1","Acrobatics+1","Sadistic Nature","After Image"],"relics":["Ring of the Snake","Girya","CaptainsWheel","Bird Faced Urn","Sozu","Omamori","Gremlin Horn","Incense Burner","White Beast Statue","Runic Pyramid","Ginger","Lantern","Blood Vial","Happy Flower","Thread and Needle"],"acts_visited":["Exordium","TheCity","TheBeyond","TheEnding"],"potions_floor_usage":[],"damage_taken":[{"damage":0.0,"enemies":"Cultist","floor":1.0,"turns":2.0},{"damage":0.0,"enemies":"2 Louse","floor":2.0,"turns":3.0},{"damage":46.0,"enemies":"3 Sentries","floor":6.0,"turns":15.0},{"damage":0.0,"enemies":"Small Slimes","floor":8.0,"turns":3.0},{"damage":1.0,"enemies":"Red Slaver","floor":11.0,"turns":6.0},{"damage":7.0,"enemies":"Gremlin Nob","floor":13.0,"turns":4.0},{"damage":4.0,"enemies":"Blue Slaver","floor":14.0,"turns":4.0},{"damage":7.0,"enemies":"Hexaghost","floor":16.0,"turns":11.0},{"damage":10.0,"enemies":"2 Thieves","floor":18.0,"turns":4.0},{"damage":32.0,"enemies":"Slavers","floor":24.0,"turns":6.0},{"damage":12.0,"enemies":"Colosseum Slavers","floor":27.0,"turns":4.0},{"damage":10.0,"enemies":"Colosseum Nobs","floor":27.0,"turns":4.0},{"damage":0.0,"enemies":"Spheric Guardian","floor":28.0,"turns":1.0},{"damage":1.0,"enemies":"3 Cultists","floor":29.0,"turns":4.0},{"damage":3.0,"enemies":"Cultist and Chosen","floor":31.0,"turns":4.0},{"damage":33.0,"enemies":"Collector","floor":33.0,"turns":7.0},{"damage":8.0,"enemies":"3 Shapes","floor":35.0,"turns":4.0},{"damage":12.0,"enemies":"3 Darklings","floor":39.0,"turns":4.0},{"damage":7.0,"enemies":"Reptomancer","floor":40.0,"turns":4.0},{"damage":1.0,"enemies":"Maw","floor":41.0,"turns":5.0},{"damage":9.0,"enemies":"Spire Growth","floor":42.0,"turns":2.0},{"damage":0.0,"enemies":"Sphere and 2 Shapes","floor":44.0,"turns":5.0},{"damage":0.0,"enemies":"Giant Head","floor":45.0,"turns":6.0},{"damage":0.0,"enemies":"Maw","floor":46.0,"turns":3.0},{"damage":19.0,"enemies":"Reptomancer","floor":47.0,"turns":5.0},{"damage":10,"enemies":"Writhing Mass","floor":48,"turns":4},{"damage":42,"enemies":"Time Eater","floor":50,"turns":6},{"damage":14,"enemies":"Shield and Spear","floor":54,"turns":3},{"damage":72,"enemies":"The Heart","floor":55,"turns":7}],"seed_played":"6783019380936810758","potions_obtained":[{"floor":6.0,"key":"SteroidPotion"},{"floor":8.0,"key":"Swift Potion"},{"floor":13.0,"key":"SteroidPotion"}],"is_trial":false,"path_per_floor":["M","M","?","$","?","E","R","M","T","?","M","?","E","M","R","B",null,"M","$","?","?","T","R","E","R","T","?","M","M","?","M","R","B",null,"M","$","?","$","M","E","M","M","T","M","E","M","E","M","R","B",null,"R","$","E","B",null],"character_chosen":"THE_SILENT","items_purchased":["Acrobatics","Blade Dance","Envenom","Panacea","Escape Plan","Acrobatics","Sadistic Nature"],"campfire_rested":0,"item_purchase_floors":[4,19,19,36,36,38,53],"current_hp_per_floor":[70,70,63,63,63,17,17,17,17,17,16,16,9,9,9,6,70,60,60,60,47,47,47,23,23,23,17,21,28,53,58,58,33,75,75,75,75,75,75,72,75,68,68,75,75,75,61,61,61,33,75,75,75,69,12],"gold":137,"neow_bonus":"ONE_RANDOM_RARE_CARD","is_daily":false,"chose_seed":false,"campfire_upgraded":3,"win_rate":0.0,"timestamp":1612428207,"path_taken":["M","M","?","$","?","E","R","M","T","?","?","?","E","M","R","BOSS","M","$","?","?","?","R","E","R","T","?","M","M","?","M","R","BOSS","M","$","?","$","M","E","M","?","T","M","E","M","E","M","R","BOSS","R","$","E","BOSS"],"items_purchased_type":["Card","Card","Card","Card","Card","Card","Card"],"build_version":"2020-12-22","purchased_purges":2,"victory":true,"max_hp_per_floor":[70,70,70,70,70,70,70,70,70,70,70,70,70,70,70,70,70,70,70,70,75,75,75,75,75,75,75,75,75,75,75,75,75,75,75,75,75,75,75,75,75,75,75,75,75,75,75,75,75,75,75,75,75,75,75],"card_choices":[{"not_picked":["Deadly Poison","PiercingWail"],"picked":"Slice","floor":1.0},{"not_picked":["Bane","Poisoned Stab"],"picked":"Sucker Punch","floor":2.0},{"not_picked":["Poisoned Stab","Quick Slash"],"picked":"PiercingWail","floor":6.0},{"not_picked":["Expertise","Sucker Punch"],"picked":"Accuracy","floor":8.0},{"not_picked":["Leg Sweep","Sucker Punch"],"picked":"Concentrate","floor":11.0},{"not_picked":["A Thousand Cuts","Deadly Poison"],"picked":"Caltrops","floor":13.0},{"not_picked":["Eviscerate","Outmaneuver","Dagger Spray"],"picked":"SKIP","floor":14.0},{"not_picked":["Night Terror","Grand Finale"],"picked":"Storm of Steel","floor":16.0},{"not_picked":["Calculated Gamble+1","Sucker Punch"],"picked":"Caltrops+1","floor":18.0},{"not_picked":["Catalyst+1","Dagger Spray"],"picked":"Outmaneuver","floor":24.0},{"not_picked":["Dodge and Roll+1","Concentrate"],"picked":"Backstab","floor":27.0},{"not_picked":["Dagger Spray","Outmaneuver"],"picked":"Cloak And Dagger+1","floor":28.0},{"not_picked":["Dagger Throw","Flying Knee+1","Distraction"],"picked":"SKIP","floor":29.0},{"not_picked":["Leg Sweep+1","All Out Attack","Flechettes+1"],"picked":"SKIP","floor":31.0},{"not_picked":["Die Die Die","Tools of the Trade"],"picked":"After Image","floor":33.0},{"not_picked":["Quick Slash","Poisoned Stab+1","All Out Attack"],"picked":"SKIP","floor":35.0},{"not_picked":["Calculated Gamble","Dagger Spray"],"picked":"Cloak And Dagger","floor":39.0},{"not_picked":["Concentrate","Dash"],"picked":"Envenom","floor":40.0},{"not_picked":["Poisoned Stab+1","Dagger Spray","Backstab"],"picked":"SKIP","floor":41.0},{"not_picked":["Noxious Fumes","Dagger Spray","Quick Slash+1"],"picked":"SKIP","floor":42.0},{"not_picked":["Sucker Punch","Dagger Spray","Noxious Fumes"],"picked":"SKIP","floor":44.0},{"not_picked":["Predator+1","Well Laid Plans+1"],"picked":"Reflex","floor":45.0},{"not_picked":["Heel Hook+1","Prepared"],"picked":"Blade Dance+1","floor":46.0},{"not_picked":["Dodge and Roll+1","Backstab"],"picked":"Tactician+1","floor":47.0},{"not_picked":["Flechettes","Backflip+1"],"picked":"Acrobatics+1","floor":48},{"not_picked":["Backflip+1","Eviscerate+1"],"picked":"After Image","floor":54}],"player_experience":411131,"relics_obtained":[{"floor":9.0,"key":"CaptainsWheel"},{"floor":13.0,"key":"Bird Faced Urn"},{"floor":22.0,"key":"Omamori"},{"floor":24.0,"key":"Gremlin Horn"},{"floor":27.0,"key":"Incense Burner"},{"floor":27.0,"key":"White Beast Statue"},{"floor":40.0,"key":"Ginger"},{"floor":43.0,"key":"Lantern"},{"floor":45.0,"key":"Blood Vial"},{"floor":47.0,"key":"Happy Flower"},{"floor":54,"key":"Thread and Needle"}],"event_choices":[{"damage_healed":0.0,"max_hp_gain":0.0,"max_hp_loss":0.0,"gold_gain":0.0,"event_name":"Scrap Ooze","player_choice":"Success","floor":3.0,"gold_loss":0.0,"damage_taken":7.0,"relics_obtained":["Girya"]},{"cards_removed":["Strike_G"],"damage_healed":0.0,"max_hp_gain":0.0,"max_hp_loss":0.0,"gold_gain":0.0,"event_name":"Living Wall","player_choice":"Forget","floor":5.0,"gold_loss":0.0,"damage_taken":0.0},{"cards_removed":["Strike_G"],"damage_healed":0.0,"max_hp_gain":0.0,"max_hp_loss":0.0,"gold_gain":0.0,"event_name":"Purifier","player_choice":"Purged","floor":10.0,"gold_loss":0.0,"damage_taken":0.0},{"cards_removed":["Defend_G"],"damage_healed":0.0,"max_hp_gain":0.0,"max_hp_loss":0.0,"gold_gain":0.0,"event_name":"The Cleric","player_choice":"Card Removal","floor":12.0,"gold_loss":50.0,"damage_taken":0.0},{"damage_healed":0.0,"max_hp_gain":0.0,"max_hp_loss":0.0,"gold_gain":0.0,"event_name":"Ghosts","player_choice":"Ignored","floor":20.0,"gold_loss":0.0,"damage_taken":0.0},{"damage_healed":0.0,"max_hp_gain":5.0,"max_hp_loss":0.0,"gold_gain":0.0,"event_name":"Forgotten Altar","player_choice":"Shed Blood","floor":21.0,"gold_loss":0.0,"damage_taken":18.0},{"damage_healed":0.0,"max_hp_gain":0.0,"max_hp_loss":0.0,"gold_gain":0.0,"event_name":"Colosseum","player_choice":"Fight","floor":27.0,"gold_loss":0.0,"damage_taken":0.0},{"damage_healed":0.0,"max_hp_gain":0.0,"max_hp_loss":0.0,"gold_gain":0.0,"event_name":"Colosseum","player_choice":"Fought Nobs","floor":27.0,"gold_loss":0.0,"damage_taken":0.0},{"damage_healed":25.0,"max_hp_gain":0.0,"max_hp_loss":0.0,"gold_gain":0.0,"event_name":"The Library","player_choice":"Heal","floor":30.0,"gold_loss":0.0,"damage_taken":0.0},{"damage_healed":0.0,"max_hp_gain":0.0,"max_hp_loss":0.0,"gold_gain":0.0,"cards_transformed":["Strike_G"],"event_name":"Transmorgrifier","player_choice":"Transformed","floor":37.0,"gold_loss":0.0,"damage_taken":0.0,"cards_obtained":["Accuracy"]}],"is_beta":false,"boss_relics":[{"not_picked":["Ring of the Serpent","Pandora\u0027s Box"],"picked":"Sozu"},{"not_picked":["Coffee Dripper","Black Star"],"picked":"Runic Pyramid"}],"items_purged_floors":[4,36],"is_endless":false,"potions_floor_spawned":[6,8,13,24,27,28,29,31,33,35,39,40,41,42,44,45,46,47,48,54],"ascension_level":1}}