{"host":"8f5cu9y0fpol72qs","time":1612403836,"event":{"mods":["AlwaysNeverKeys","BaseMod","Colored Map","Colored Powertips","Curses Come First","Highlight Path","Key Reminder","Minty Spire (QoL Compilation)","StSLib"],"gold_per_floor":[213,233,243,254,10,10,21,53,353,383,400,400,450,475,475,548,548,532,432,442,442,456,456,489,489,538,558,558,105,118,144,144,221,221,241,266,266,282,282,282,316,316,316,350,362,381,261,294,294,294,294,294,28,53,53,53],"floor_reached":55,"language":"ENG","playtime":13814,"items_purged":["Strike_B","Strike_B","Strike_B","Defend_B","Strike_B"],"score":1582,"play_id":"59780b00-76b6-4f09-bdc4-7ea4e6541f04","local_time":"20210203175716","is_ascension_mode":true,"campfire_choices":[{"floor":6.0,"key":"REST"},{"floor":15.0,"key":"REST"},{"floor":23.0,"key":"REST"},{"data":"Biased Cognition","floor":25.0,"key":"SMITH"},{"data":"Loop","floor":32.0,"key":"SMITH"},{"data":"Barrage","floor":40.0,"key":"SMITH"},{"floor":42.0,"key":"RECALL"},{"data":"Defragment","floor":49.0,"key":"SMITH"},{"data":"Reinforced Body","floor":52.0,"key":"SMITH"}],"circlet_count":0,"master_deck":["AscendersBane","Defend_B","Defend_B","Defend_B","Zap","Dualcast","Leap","Sweeping Beam","Reinforced Body+1","Streamline","Glacier","Ball Lightning+1","Loop+1","Biased Cognition+1","Chill+1","Self Repair","Barrage+1","Barrage+1","Ball Lightning","Meteor Strike+1","Self Repair","Electrodynamics","Meteor Strike","Hologram","Darkness","Defragment+1","Double Energy+1","Reinforced Body"],"relics":["Cracked Core","DataDisk","Bottled Flame","Old Coin","Cables","Ice Cream","Inserter","Nunchaku","PreservedInsect","Strawberry","Question Card","Runic Pyramid","Bird Faced Urn","The Courier","Art of War","Dream Catcher","Whetstone","Blue Candle"],"acts_visited":["Exordium","TheCity","TheBeyond","TheEnding"],"potions_floor_usage":[55,55],"damage_taken":[{"damage":1.0,"enemies":"Cultist","floor":1.0,"turns":3.0},{"damage":2.0,"enemies":"Jaw Worm","floor":2.0,"turns":3.0},{"damage":10.0,"enemies":"Small Slimes","floor":3.0,"turns":3.0},{"damage":23.0,"enemies":"Exordium Thugs","floor":4.0,"turns":5.0},{"damage":6.0,"enemies":"Looter","floor":7.0,"turns":4.0},{"damage":20.0,"enemies":"Gremlin Nob","floor":8.0,"turns":4.0},{"damage":8.0,"enemies":"Lagavulin","floor":10.0,"turns":6.0},{"damage":10.0,"enemies":"Large Slime","floor":11.0,"turns":6.0},{"damage":6.0,"enemies":"3 Sentries","floor":14.0,"turns":8.0},{"damage":0.0,"enemies":"Slime Boss","floor":16.0,"turns":6.0},{"damage":16.0,"enemies":"2 Thieves","floor":18.0,"turns":4.0},{"damage":30.0,"enemies":"Chosen","floor":20.0,"turns":9.0},{"damage":2.0,"enemies":"Snecko","floor":22.0,"turns":6.0},{"damage":8.0,"enemies":"Book of Stabbing","floor":24.0,"turns":7.0},{"damage":0.0,"enemies":"Cultist and Chosen","floor":27.0,"turns":7.0},{"damage":12.0,"enemies":"Shelled Parasite and Fungi","floor":30.0,"turns":6.0},{"damage":0.0,"enemies":"Slavers","floor":31.0,"turns":5.0},{"damage":13.0,"enemies":"Champ","floor":33.0,"turns":12.0},{"damage":0.0,"enemies":"3 Shapes","floor":35.0,"turns":5.0},{"damage":4.0,"enemies":"Mind Bloom Boss Battle","floor":36.0,"turns":8.0},{"damage":5.0,"enemies":"Orb Walker","floor":38.0,"turns":4.0},{"damage":7.0,"enemies":"Giant Head","floor":41.0,"turns":7.0},{"damage":0.0,"enemies":"Nemesis","floor":44.0,"turns":5.0},{"damage":7.0,"enemies":"Writhing Mass","floor":45.0,"turns":8.0},{"damage":8.0,"enemies":"4 Shapes","floor":46.0,"turns":5.0},{"damage":33.0,"enemies":"Reptomancer","floor":48.0,"turns":7.0},{"damage":33.0,"enemies":"Donu and Deca","floor":50.0,"turns":9.0},{"damage":55,"enemies":"Shield and Spear","floor":54,"turns":5},{"damage":94,"enemies":"The Heart","floor":55,"turns":5}],"seed_played":"357319834338402407","potions_obtained":[{"floor":3.0,"key":"AttackPotion"},{"floor":7.0,"key":"DistilledChaos"},{"floor":8.0,"key":"Swift Potion"},{"floor":14.0,"key":"FearPotion"},{"floor":16.0,"key":"FairyPotion"},{"floor":18.0,"key":"CultistPotion"},{"floor":35.0,"key":"EssenceOfSteel"},{"floor":36.0,"key":"BlessingOfTheForge"},{"floor":46.0,"key":"CultistPotion"},{"floor":54,"key":"EssenceOfDarkness"}],"is_trial":false,"path_per_floor":["M","M","M","M","$","R","M","E","T","E","M","?","?","E","R","B",null,"M","$","M","?","M","R","E","R","T","M","?","$","M","E","R","B",null,"M","?","?","M","?","R","E","R","T","E","M","M","$","E","R","B",null,"R","$","E","B"],"character_chosen":"DEFECT","items_purchased":["DataDisk","Meteor Strike","Strawberry","Whetstone"],"campfire_rested":3,"item_purchase_floors":[5,29,29,53],"current_hp_per_floor":[63,61,51,28,28,49,43,23,23,15,5,28,21,15,36,36,62,46,46,16,16,14,35,34,34,34,41,21,28,23,30,30,31,70,83,83,83,83,83,83,83,83,83,83,83,83,83,74,74,67,79,79,79,50,0,0],"gold":53,"neow_bonus":"HUNDRED_GOLD","is_daily":false,"chose_seed":false,"campfire_upgraded":5,"win_rate":0.0,"timestamp":1612403836,"path_taken":["M","M","M","M","$","R","M","E","T","E","M","?","?","E","R","BOSS","M","$","M","?","M","R","E","R","T","M","?","?","M","E","R","BOSS","M","?","?","?","?","R","E","R","T","E","M","M","$","E","R","BOSS","R","$","E","BOSS"],"items_purchased_type":["Relic","Card","Relic","Relic"],"build_version":"2020-12-22","purchased_purges":5,"victory":false,"max_hp_per_floor":[71,71,71,71,71,71,71,71,71,71,71,71,71,71,71,71,71,71,71,71,71,71,71,71,71,71,71,76,83,83,83,83,83,83,83,83,83,83,83,83,83,83,83,83,83,83,83,83,83,83,83,83,83,83,83,83],"card_choices":[{"not_picked":["Aggregate","Tempest"],"picked":"Leap","floor":1.0},{"not_picked":["Leap","Streamline"],"picked":"Sweeping Beam","floor":2.0},{"not_picked":["Fusion","Coolheaded"],"picked":"Reinforced Body","floor":3.0},{"not_picked":["Beam Cell","Fusion"],"picked":"Streamline","floor":4.0},{"not_picked":["Stack","Turbo"],"picked":"Glacier","floor":7.0},{"not_picked":["Thunder Strike","Hello World","Steam"],"picked":"SKIP","floor":8.0},{"not_picked":["Steam","Skim","Chaos"],"picked":"SKIP","floor":10.0},{"not_picked":["Blizzard","Reinforced Body"],"picked":"Ball Lightning","floor":11.0},{"not_picked":["Streamline","Turbo"],"picked":"Loop","floor":14.0},{"not_picked":["Amplify","Buffer"],"picked":"Biased Cognition","floor":16.0},{"not_picked":["Static Discharge","Cold Snap"],"picked":"Chill+1","floor":18.0},{"not_picked":["Gash","Sweeping Beam","Force Field+1"],"picked":"SKIP","floor":20.0},{"not_picked":["Stack","Turbo"],"picked":"Barrage","floor":22.0},{"not_picked":["Melter","Coolheaded"],"picked":"Barrage+1","floor":24.0},{"not_picked":["Compile Driver","Coolheaded"],"picked":"Ball Lightning","floor":27.0},{"not_picked":["Go for the Eyes","Skim"],"picked":"Glacier","floor":30.0},{"not_picked":["Barrage","Melter"],"picked":"Self Repair","floor":31.0},{"not_picked":["Rainbow","Reboot","Machine Learning"],"picked":"Electrodynamics","floor":33.0},{"not_picked":["Rebound+1","Fusion","Sunder","Reprogram+1"],"picked":"SKIP","floor":35.0},{"not_picked":["Stack+1","Conserve Battery","Compile Driver","Sweeping Beam+1"],"picked":"SKIP","floor":38.0},{"not_picked":["Lockon","Heatsinks","Self Repair+1"],"picked":"Meteor Strike","floor":41.0},{"not_picked":["Rebound","Barrage","BootSequence"],"picked":"Hologram","floor":44.0},{"not_picked":["Self Repair+1","Turbo+1","Go for the Eyes"],"picked":"Darkness","floor":45.0},{"not_picked":["Steam","Glacier+1","Capacitor"],"picked":"Defragment","floor":46.0},{"not_picked":["Capacitor","Turbo","Go for the Eyes"],"picked":"Double Energy+1","floor":48.0},{"not_picked":["Cold Snap","Compile Driver","Hologram"],"picked":"Reinforced Body","floor":54}],"player_experience":974154,"relics_obtained":[{"floor":8.0,"key":"Bottled Flame"},{"floor":9.0,"key":"Old Coin"},{"floor":10.0,"key":"Cables"},{"floor":14.0,"key":"Ice Cream"},{"floor":24.0,"key":"Nunchaku"},{"floor":26.0,"key":"PreservedInsect"},{"floor":31.0,"key":"Question Card"},{"floor":36.0,"key":"Bird Faced Urn"},{"floor":41.0,"key":"The Courier"},{"floor":44.0,"key":"Art of War"},{"floor":48.0,"key":"Dream Catcher"},{"floor":54,"key":"Blue Candle"}],"event_choices":[{"damage_healed":23.0,"max_hp_gain":0.0,"max_hp_loss":0.0,"gold_gain":0.0,"event_name":"Big Fish","player_choice":"Banana","floor":12.0,"gold_loss":0.0,"damage_taken":0.0},{"damage_healed":0.0,"max_hp_gain":0.0,"max_hp_loss":0.0,"gold_gain":50.0,"event_name":"FaceTrader","player_choice":"Touch","floor":13.0,"gold_loss":0.0,"damage_taken":7.0},{"damage_healed":0.0,"max_hp_gain":0.0,"max_hp_loss":0.0,"gold_gain":0.0,"event_name":"The Library","player_choice":"Read","floor":21.0,"gold_loss":0.0,"damage_taken":0.0,"cards_obtained":["Self Repair"]},{"damage_healed":0.0,"max_hp_gain":5.0,"max_hp_loss":0.0,"gold_gain":0.0,"event_name":"Forgotten Altar","player_choice":"Shed Blood","floor":28.0,"gold_loss":0.0,"damage_taken":25.0},{"damage_healed":0.0,"max_hp_gain":0.0,"max_hp_loss":0.0,"gold_gain":0.0,"event_name":"MindBloom","player_choice":"Fight","floor":36.0,"gold_loss":0.0,"damage_taken":0.0},{"damage_healed":0.0,"max_hp_gain":0.0,"max_hp_loss":0.0,"gold_gain":0.0,"event_name":"Lab","player_choice":"Got Potions","floor":37.0,"gold_loss":0.0,"damage_taken":0.0},{"cards_removed":["Glacier"],"damage_healed":0.0,"max_hp_gain":0.0,"max_hp_loss":0.0,"gold_gain":0.0,"event_name":"Falling","player_choice":"Removed Skill","floor":39.0,"gold_loss":0.0,"damage_taken":0.0}],"is_beta":false,"boss_relics":[{"not_picked":["Runic Dome","SacredBark"],"picked":"Inserter"},{"not_picked":["Snecko Eye","FrozenCore"],"picked":"Runic Pyramid"}],"items_purged_floors":[5,19,29,47,53],"is_endless":false,"potions_floor_spawned":[3,7,8,14,16,18,30,31,35,36,38,46,54],"killed_by":"The Heart","ascension_level":16}}