{"host":"uv231blk40vjdojr","time":1612475571,"event":{"mods":["BaseMod","Bestiary","Minty Spire (QoL Compilation)","Relic Stats"],"gold_per_floor":[166,116,126,143,143,143,154,184,229,259,259,278,293,305,305,409,409,425,425,425,46,46,46,79,79,106,138,138,150,150,150,150,247,247,257,275,288,304,49,49,77,97,152,169,169,217,252,302,302,302,302,302,72,105,105],"floor_reached":56,"language":"ENG","playtime":4161,"items_purged":["Strike_P","Defend_P"],"score":1255,"play_id":"a08aa837-5ce8-41ba-93c5-b87b7cb0dbfd","local_time":"20210204225251","is_ascension_mode":false,"campfire_choices":[{"data":"Eruption","floor":6.0,"key":"SMITH"},{"data":"ConjureBlade","floor":11.0,"key":"SMITH"},{"data":"CrushJoints","floor":15.0,"key":"SMITH"},{"data":"LessonLearned","floor":23.0,"key":"SMITH"},{"data":"Conclude","floor":25.0,"key":"SMITH"},{"floor":30.0,"key":"RECALL"},{"data":"Wallop","floor":32.0,"key":"SMITH"},{"data":"SpiritShield","floor":40.0,"key":"SMITH"},{"data":"SashWhip","floor":49,"key":"SMITH"},{"data":"LikeWater","floor":52,"key":"SMITH"}],"circlet_count":0,"master_deck":["Strike_P+1","Defend_P+1","Defend_P+1","Defend_P+1","Eruption+1","Vigilance+1","JustLucky+1","FlyingSleeves+1","EmptyFist+1","SashWhip+1","CrushJoints+1","Blasphemy+1","ConjureBlade+1","TalkToTheHand+1","ThirdEye+1","Wallop+1","LessonLearned+1","Conclude+1","MentalFortress+1","ThirdEye+1","SpiritShield+1","Scrawl","Tantrum+1","InnerPeace+1","LikeWater+1","FearNoEvil","Adaptation+1"],"relics":["Tiny House","Eternal Feather","Pen Nib","Nunchaku","Velvet Choker","Nilry\u0027s Codex","Shuriken","White Beast Statue","Blood Vial","Ornamental Fan","StrikeDummy","Runic Pyramid","OrangePellets","Oddly Smooth Stone","Lantern","Incense Burner","Omamori","Calipers","Frozen Eye","Blue Candle"],"acts_visited":["Exordium","TheCity","TheBeyond","TheEnding"],"potions_floor_usage":[46,47,50,50,50,55,55,55],"damage_taken":[{"damage":2.0,"enemies":"Small Slimes","floor":1.0,"turns":3.0},{"damage":0.0,"enemies":"2 Louse","floor":3.0,"turns":2.0},{"damage":1.0,"enemies":"Jaw Worm","floor":4.0,"turns":4.0},{"damage":11.0,"enemies":"Large Slime","floor":7.0,"turns":6.0},{"damage":13.0,"enemies":"Lagavulin","floor":8.0,"turns":6.0},{"damage":10.0,"enemies":"Gremlin Nob","floor":10.0,"turns":3.0},{"damage":2.0,"enemies":"Gremlin Gang","floor":12.0,"turns":3.0},{"damage":5.0,"enemies":"Exordium Thugs","floor":13.0,"turns":4.0},{"damage":2.0,"enemies":"Large Slime","floor":14.0,"turns":3.0},{"damage":0.0,"enemies":"Slime Boss","floor":16.0,"turns":3.0},{"damage":3.0,"enemies":"Shell Parasite","floor":18.0,"turns":3.0},{"damage":12.0,"enemies":"Slavers","floor":24.0,"turns":3.0},{"damage":3.0,"enemies":"Book of Stabbing","floor":27.0,"turns":3.0},{"damage":0.0,"enemies":"Chosen","floor":29.0,"turns":2.0},{"damage":45.0,"enemies":"Automaton","floor":33.0,"turns":8.0},{"damage":0.0,"enemies":"3 Darklings","floor":35.0,"turns":5.0},{"damage":8.0,"enemies":"3 Shapes","floor":36.0,"turns":4.0},{"damage":0.0,"enemies":"Spire Growth","floor":37.0,"turns":3.0},{"damage":1.0,"enemies":"3 Darklings","floor":38.0,"turns":4.0},{"damage":16.0,"enemies":"Reptomancer","floor":41.0,"turns":6.0},{"damage":0.0,"enemies":"Sphere and 2 Shapes","floor":42.0,"turns":2.0},{"damage":0.0,"enemies":"Spire Growth","floor":44.0,"turns":5.0},{"damage":2,"enemies":"2 Orb Walkers","floor":46,"turns":2},{"damage":33,"enemies":"Nemesis","floor":47,"turns":3},{"damage":0,"enemies":"Mind Bloom Boss Battle","floor":48,"turns":3},{"damage":36,"enemies":"Donu and Deca","floor":50,"turns":7},{"damage":52,"enemies":"Shield and Spear","floor":54,"turns":9},{"damage":1,"enemies":"The Heart","floor":55,"turns":8}],"seed_played":"-3806505157305164672","potions_obtained":[{"floor":0.0,"key":"Fire Potion"},{"floor":3.0,"key":"StancePotion"},{"floor":8.0,"key":"Energy Potion"},{"floor":13.0,"key":"Ambrosia"},{"floor":16.0,"key":"StancePotion"},{"floor":24.0,"key":"FearPotion"},{"floor":27.0,"key":"LiquidMemories"},{"floor":29.0,"key":"Strength Potion"},{"floor":33.0,"key":"Ancient Potion"},{"floor":35.0,"key":"Explosive Potion"},{"floor":36.0,"key":"Strength Potion"},{"floor":37.0,"key":"BlessingOfTheForge"},{"floor":38.0,"key":"EntropicBrew"},{"floor":44.0,"key":"LiquidMemories"},{"floor":46,"key":"GamblersBrew"},{"floor":47,"key":"Explosive Potion"}],"is_trial":false,"path_per_floor":["M","?","M","M","?","R","M","E","T","E","R","M","M","M","R","B",null,"M","?","?","$","T","R","E","R","T","E","?","M","R","T","R","B",null,"M","M","M","M","$","R","E","M","T","M","?","?","E","?","R","B",null,"R","$","E","B",null],"character_chosen":"WATCHER","items_purchased":["Shuriken","Fire Potion","OrangePellets","Frozen Eye","FearNoEvil"],"campfire_rested":0,"item_purchase_floors":[21,21,39,53,53],"current_hp_per_floor":[75,75,75,74,67,67,56,43,43,33,42,40,35,33,42,42,77,74,74,58,58,58,67,55,67,67,66,66,68,77,77,77,32,77,77,69,71,72,72,77,61,63,63,65,65,65,34,36,51,17,73,73,73,21,22],"gold":105,"neow_bonus":"BOSS_RELIC","is_daily":false,"chose_seed":false,"campfire_upgraded":9,"win_rate":0.0,"timestamp":1612475571,"path_taken":["M","?","M","M","?","R","M","E","T","E","R","M","M","M","R","BOSS","M","?","?","$","?","R","E","R","T","E","?","M","R","?","R","BOSS","M","M","M","?","$","R","E","M","T","M","?","?","E","?","R","BOSS","R","$","E","BOSS"],"items_purchased_type":["Relic","Potion","Relic","Relic","Card"],"build_version":"2020-12-22","purchased_purges":2,"victory":true,"max_hp_per_floor":[77,77,77,77,77,77,77,77,77,77,77,77,77,77,77,77,77,77,77,77,77,77,77,77,77,77,77,77,77,77,77,77,77,77,77,77,77,77,77,77,77,77,77,77,73,73,73,73,73,73,73,73,73,73,73],"relic_stats":{"Blood Vial":22,"OrangePellets":[5],"Nunchaku":[20],"counters":[28,117],"Shuriken":[34],"Ornamental Fan":[116],"Blue Candle":[0],"Eternal Feather":68,"Pen Nib":[21],"obtain_stats":[{"Lantern":43,"Tiny House":0,"Calipers":48,"Nilry\u0027s Codex":20,"Blue Candle":54,"Velvet Choker":17,"Oddly Smooth Stone":41,"Eternal Feather":8,"Pen Nib":9,"Incense Burner":46,"Omamori":47,"White Beast Statue":22,"Blood Vial":24,"OrangePellets":39,"Frozen Eye":53,"Nunchaku":10,"Shuriken":21,"Ornamental Fan":27,"PureWater":0,"StrikeDummy":31,"Runic Pyramid":34},{"Lantern":21,"Tiny House":0,"Calipers":25,"Nilry\u0027s Codex":11,"Blue Candle":27,"Velvet Choker":10,"Oddly Smooth Stone":20,"Eternal Feather":5,"Pen Nib":5,"Incense Burner":23,"Omamori":24,"White Beast Statue":11,"Blood Vial":12,"OrangePellets":19,"Frozen Eye":26,"Nunchaku":6,"Shuriken":11,"Ornamental Fan":13,"PureWater":0,"StrikeDummy":14,"Runic Pyramid":15},{"Lantern":80,"Tiny House":0,"Calipers":93,"Nilry\u0027s Codex":40,"Blue Candle":109,"Velvet Choker":37,"Oddly Smooth Stone":78,"Eternal Feather":21,"Pen Nib":21,"Incense Burner":87,"Omamori":90,"White Beast Statue":40,"Blood Vial":43,"OrangePellets":72,"Frozen Eye":100,"Nunchaku":24,"Shuriken":40,"Ornamental Fan":46,"PureWater":0,"StrikeDummy":48,"Runic Pyramid":56}]},"card_choices":[{"not_picked":["Halt","Prostrate"],"picked":"JustLucky","floor":0.0},{"not_picked":["WreathOfFlame","EmptyBody"],"picked":"FlyingSleeves","floor":1.0},{"not_picked":["CrushJoints","ThirdEye"],"picked":"EmptyFist","floor":3.0},{"not_picked":["PathToVictory","Worship"],"picked":"SashWhip","floor":4.0},{"not_picked":["JustLucky","ThirdEye"],"picked":"CrushJoints","floor":7.0},{"not_picked":["Evaluate","Protect"],"picked":"Blasphemy","floor":8.0},{"not_picked":["FollowUp","EmptyBody"],"picked":"ConjureBlade","floor":10.0},{"not_picked":["EmptyMind","JustLucky"],"picked":"TalkToTheHand","floor":12.0},{"not_picked":["FlyingSleeves","CutThroughFate"],"picked":"ThirdEye","floor":13.0},{"not_picked":["Prostrate","SashWhip"],"picked":"Wallop","floor":14.0},{"not_picked":["Judgement","MasterReality"],"picked":"LessonLearned","floor":16.0},{"not_picked":["JustLucky","SashWhip","BattleHymn"],"picked":"SKIP","floor":18.0},{"not_picked":["Pray+1","Prostrate"],"picked":"MentalFortress+1","floor":24.0},{"not_picked":["Consecrate","EmptyFist"],"picked":"ThirdEye","floor":27.0},{"not_picked":["SashWhip","CutThroughFate"],"picked":"SpiritShield","floor":29.0},{"not_picked":["DeusExMachina","Omniscience"],"picked":"Scrawl","floor":33.0},{"not_picked":["EmptyFist+1","BowlingBash+1","Collect"],"picked":"SKIP","floor":35.0},{"not_picked":["PathToVictory+1","Halt"],"picked":"Tantrum+1","floor":36.0},{"not_picked":["FollowUp+1","Evaluate+1","EmptyBody+1"],"picked":"SKIP","floor":37.0},{"not_picked":["Conclude","WreathOfFlame"],"picked":"InnerPeace","floor":38.0},{"not_picked":["Conclude+1","CutThroughFate+1","FollowUp+1"],"picked":"SKIP","floor":41.0},{"not_picked":["ClearTheMind","FlyingSleeves+1","Prostrate+1"],"picked":"SKIP","floor":42.0},{"not_picked":["ClearTheMind","EmptyBody+1","Collect"],"picked":"SKIP","floor":44.0},{"not_picked":["Evaluate+1","ThirdEye+1"],"picked":"LikeWater","floor":47},{"not_picked":["Study","CutThroughFate"],"picked":"Adaptation+1","floor":54}],"player_experience":741731,"relics_obtained":[{"floor":8.0,"key":"Eternal Feather"},{"floor":9.0,"key":"Pen Nib"},{"floor":10.0,"key":"Nunchaku"},{"floor":20.0,"key":"Nilry\u0027s Codex"},{"floor":22.0,"key":"White Beast Statue"},{"floor":24.0,"key":"Blood Vial"},{"floor":27.0,"key":"Ornamental Fan"},{"floor":31.0,"key":"StrikeDummy"},{"floor":41.0,"key":"Oddly Smooth Stone"},{"floor":43.0,"key":"Lantern"},{"floor":46,"key":"Incense Burner"},{"floor":47,"key":"Omamori"},{"floor":48,"key":"Calipers"},{"floor":54,"key":"Blue Candle"}],"event_choices":[{"cards_removed":["Strike_P"],"damage_healed":0.0,"max_hp_gain":0.0,"max_hp_loss":0.0,"gold_gain":0.0,"event_name":"The Cleric","player_choice":"Card Removal","floor":2.0,"gold_loss":50.0,"damage_taken":0.0},{"cards_removed":["Strike_P"],"damage_healed":0.0,"max_hp_gain":0.0,"max_hp_loss":0.0,"gold_gain":0.0,"event_name":"Golden Wing","player_choice":"Card Removal","floor":5.0,"gold_loss":0.0,"damage_taken":7.0},{"damage_healed":0.0,"max_hp_gain":0.0,"max_hp_loss":0.0,"gold_gain":0.0,"event_name":"The Library","player_choice":"Read","floor":19.0,"gold_loss":0.0,"damage_taken":0.0,"cards_obtained":["Conclude"]},{"damage_healed":0.0,"max_hp_gain":0.0,"max_hp_loss":0.0,"gold_gain":0.0,"event_name":"Cursed Tome","player_choice":"Obtained Book","floor":20.0,"gold_loss":0.0,"damage_taken":16.0},{"damage_healed":0.0,"max_hp_gain":0.0,"max_hp_loss":0.0,"gold_gain":0.0,"event_name":"The Mausoleum","player_choice":"Ignored","floor":28.0,"gold_loss":0.0,"damage_taken":0.0},{"damage_healed":0.0,"max_hp_gain":0.0,"max_hp_loss":4.0,"gold_gain":0.0,"event_name":"Winding Halls","player_choice":"Max HP","floor":45.0,"gold_loss":0.0,"damage_taken":0.0},{"damage_healed":0,"gold_gain":0,"player_choice":"Fight","damage_taken":0,"max_hp_gain":0,"max_hp_loss":0,"event_name":"Mysterious Sphere","floor":46,"gold_loss":0},{"damage_healed":0,"gold_gain":0,"player_choice":"Fight","damage_taken":0,"max_hp_gain":0,"max_hp_loss":0,"event_name":"MindBloom","floor":48,"gold_loss":0}],"is_beta":false,"boss_relics":[{"not_picked":["SacredBark","Runic Dome"],"picked":"Velvet Choker"},{"not_picked":["Calling Bell","Philosopher\u0027s Stone"],"picked":"Runic Pyramid"}],"items_purged_floors":[21,39],"is_endless":false,"potions_floor_spawned":[3,8,13,16,24,27,29,33,35,36,37,38,41,42,44,46,47,48,54],"ascension_level":0}}