{"host":"pmmuxs046gii331m","time":1612464684,"event":{"mods":["AchievementEnabler","BaseMod","Colored Powertips","Downfall","Gold Saver","Infinite Spire","Minty Spire (QoL Compilation)","Permanent Neow","Quick Restart","StSLib"],"gold_per_floor":[260,33,33,49,49,49,64,64,64,83,34,49,49,64,64,160,160,172,190,200,200,219,238,238,138,138,138,138,138,138,154,154,154,154],"floor_reached":33,"language":"ENG","playtime":2756,"items_purged":["Strike_R","Strike_R","Strike_R"],"score":239,"play_id":"d23fa2ee-d17c-47ee-95b2-191bde21c3b3","local_time":"20210204135124","is_ascension_mode":false,"campfire_choices":[{"data":"Body Slam","floor":6,"key":"SMITH"},{"data":"Entrench","floor":8,"key":"SMITH"},{"data":"Armaments","floor":15,"key":"SMITH"},{"data":"Demon Form","floor":27,"key":"SMITH"},{"data":"Iron Wave","floor":30,"key":"SMITH"},{"floor":32,"key":"REST"}],"circlet_count":0,"master_deck":["Defend_R","Bash","Feel No Pain+1","Body Slam+1","Entrench+1","Demon Form+1","Armaments+1","Iron Wave+1","Heavy Blade","Heavy Blade+1","Barricade+1","Warcry+1","Reaper+1","infinitespire:Fortify","Body Slam+1","Necronomicurse"],"relics":["Burning Blood","Medical Kit","Mercury Hourglass","Paper Frog","Velvet Choker","Astrolabe","Frozen Eye","infinitespire:Golems Mask","Necronomicon"],"acts_visited":["Exordium","TheCity"],"potions_floor_usage":[16,19,23],"damage_taken":[{"damage":0,"enemies":"Small Slimes","floor":1,"turns":4},{"damage":3,"enemies":"2 Louse","floor":4,"turns":4},{"damage":8,"enemies":"Jaw Worm","floor":7,"turns":3},{"damage":10,"enemies":"Lots of Slimes","floor":10,"turns":4},{"damage":5,"enemies":"3 Louse","floor":12,"turns":3},{"damage":22,"enemies":"Exordium Thugs","floor":14,"turns":6},{"damage":17,"enemies":"Hexaghost","floor":16,"turns":7},{"damage":20,"enemies":"Spheric Guardian","floor":18,"turns":5},{"damage":21,"enemies":"3 Byrds","floor":19,"turns":4},{"damage":30,"enemies":"Centurion and Healer","floor":20,"turns":6},{"damage":0,"enemies":"Snake Plant","floor":22,"turns":3},{"damage":0,"enemies":"Chosen and Byrds","floor":23,"turns":9},{"damage":17,"enemies":"Centurion and Healer","floor":31,"turns":5},{"damage":73,"enemies":"Collector","floor":33,"turns":5}],"seed_played":"6294658484447152006","potions_obtained":[{"floor":1,"key":"SteroidPotion"},{"floor":7,"key":"Strength Potion"},{"floor":12,"key":"Energy Potion"},{"floor":16,"key":"BlessingOfTheForge"},{"floor":20,"key":"SteroidPotion"},{"floor":22,"key":"Energy Potion"},{"floor":31,"key":"Guardian:BlockOnCardUsePotion"}],"is_trial":false,"path_per_floor":["M","$","?","M","?","R","M","R","T","M","$","M","T","M","R","B",null,"M","M","M","AVR","M","M","?","$","T","R","?","?","R","M","R","B"],"character_chosen":"IRONCLAD","items_purchased":["Medical Kit","Armaments"],"campfire_rested":1,"item_purchase_floors":[2,11],"current_hp_per_floor":[72,72,72,72,72,72,70,70,70,66,66,67,67,51,51,40,72,58,43,19,19,30,43,43,43,43,43,43,27,27,40,61,0,0],"gold":154,"neow_bonus":"REMOVE_TWO","is_daily":false,"chose_seed":false,"campfire_upgraded":5,"win_rate":0.0,"timestamp":1612464684,"path_taken":["M","$","?","M","?","R","M","R","T","M","$","M","?","M","R","BOSS","M","M","?","AVR","M","M","?","?","T","R","?","?","R","M","R","BOSS"],"items_purchased_type":["Relic","Card"],"build_version":"2020-12-22","purchased_purges":3,"victory":false,"max_hp_per_floor":[72,72,72,72,72,72,72,72,72,72,72,72,72,72,72,72,72,72,72,72,72,72,72,72,72,72,72,72,72,72,72,72,72,72],"card_choices":[{"not_picked":["Carnage","Wild Strike"],"picked":"Feel No Pain","floor":1},{"not_picked":["Anger","Flame Barrier"],"picked":"Body Slam","floor":4},{"not_picked":["Headbutt","Thunderclap"],"picked":"Entrench","floor":7},{"not_picked":["Inflame","Thunderclap"],"picked":"Demon Form","floor":10},{"not_picked":["Clothesline","Disarm"],"picked":"Iron Wave","floor":12},{"not_picked":["Headbutt","Spot Weakness"],"picked":"Heavy Blade","floor":14},{"not_picked":["Flex","Heavy Blade","Anger"],"picked":"SKIP","floor":18},{"not_picked":["Thunderclap+1","Shrug It Off+1"],"picked":"Heavy Blade+1","floor":19},{"not_picked":["Spot Weakness","Power Through","Warcry"],"picked":"SKIP","floor":20},{"not_picked":["Battle Trance","Armaments","Clash+1"],"picked":"SKIP","floor":22},{"not_picked":["Fire Breathing+1","Wild Strike"],"picked":"Body Slam+1","floor":23},{"not_picked":["Twin Strike","Thunderclap","Flex+1"],"picked":"SKIP","floor":31}],"player_experience":461576,"relics_obtained":[{"floor":9,"key":"Mercury Hourglass"},{"floor":13,"key":"Paper Frog"},{"floor":26,"key":"infinitespire:Golems Mask"},{"floor":29,"key":"Necronomicon"}],"event_choices":[{"damage_healed":0,"gold_gain":0,"player_choice":"Grow","damage_taken":0,"max_hp_gain":0,"max_hp_loss":0,"event_name":"Living Wall","floor":3,"gold_loss":0,"cards_upgraded":["Feel No Pain"]},{"damage_healed":0,"gold_gain":0,"player_choice":"Leave","damage_taken":0,"max_hp_gain":0,"max_hp_loss":0,"event_name":"The Cleric","floor":5,"gold_loss":0},{"damage_healed":0,"gold_gain":0,"player_choice":"Obtained Book","damage_taken":16,"max_hp_gain":0,"max_hp_loss":0,"event_name":"Cursed Tome","floor":29,"gold_loss":0}],"is_beta":false,"boss_relics":[{"not_picked":["Cursed Key","Snecko Eye"],"picked":"Velvet Choker"}],"items_purged_floors":[2,21,25],"is_endless":false,"potions_floor_spawned":[1,7,12,16,20,22,31],"killed_by":"Collector","ascension_level":0}}