{"host":"r53pw7z744tg3fxg","time":1612446137,"event":{"mods":["AchievementEnabler","BaseMod","Colored Map","Colored Powertips","Highlight Path","Minty Spire (QoL Compilation)","Quick Restart","Transform Curses"],"gold_per_floor":[14,14,14,14,38,38,77,77,104,104,120,136,136,174,174,270,270,270,270],"floor_reached":18,"language":"ENG","playtime":544,"items_purged":[],"score":319,"play_id":"0dd2a71d-7d30-4af8-b9dc-70f710b9c0eb","local_time":"20210204064217","is_ascension_mode":true,"campfire_choices":[{"floor":6.0,"key":"REST"},{"floor":10.0,"key":"REST"},{"floor":13.0,"key":"REST"},{"floor":15.0,"key":"REST"}],"circlet_count":0,"master_deck":["AscendersBane","Strike_P","Strike_P","Strike_P","Strike_P+1","Defend_P","Defend_P","Defend_P","Defend_P","Eruption","Vigilance+1","Adaptation","Injury","Regret","ReachHeaven","ClearTheMind","FollowUp","LikeWater","SpiritShield"],"relics":["PureWater","FossilizedHelix","Golden Idol","Orichalcum","Bag of Preparation","Boot","Ornamental Fan","SlaversCollar"],"acts_visited":["Exordium","TheCity"],"potions_floor_usage":[],"damage_taken":[{"damage":0.0,"enemies":"Cultist","floor":1.0,"turns":4.0},{"damage":19.0,"enemies":"Small Slimes","floor":5.0,"turns":7.0},{"damage":17.0,"enemies":"Gremlin Nob","floor":7.0,"turns":3.0},{"damage":0.0,"enemies":"2 Louse","floor":11.0,"turns":1.0},{"damage":0.0,"enemies":"Large Slime","floor":12.0,"turns":3.0},{"damage":22.0,"enemies":"3 Sentries","floor":14.0,"turns":8.0},{"damage":57.0,"enemies":"Hexaghost","floor":16.0,"turns":11.0},{"damage":60,"enemies":"Chosen","floor":18,"turns":5}],"seed_played":"4550206882428991987","potions_obtained":[{"floor":1.0,"key":"PowerPotion"},{"floor":5.0,"key":"PowerPotion"},{"floor":8.0,"key":"SteroidPotion"},{"floor":8.0,"key":"DuplicationPotion"},{"floor":14.0,"key":"Weak Potion"}],"is_trial":false,"path_per_floor":["M","?","?","?","M","R","E","?","T","R","M","M","R","E","R","B",null,"M"],"character_chosen":"WATCHER","items_purchased":[],"campfire_rested":4,"item_purchase_floors":[],"current_hp_per_floor":[61,61,41,41,22,42,25,25,25,45,45,45,65,43,63,6,53,0,0],"gold":270,"neow_bonus":"ONE_RARE_RELIC","is_daily":false,"chose_seed":false,"campfire_upgraded":0,"win_rate":0.0,"timestamp":1612446137,"path_taken":["M","?","?","?","M","R","E","?","T","R","M","?","R","E","R","BOSS","M"],"items_purchased_type":[],"build_version":"2020-12-22","purchased_purges":0,"victory":false,"max_hp_per_floor":[68,68,68,68,68,68,68,68,68,68,68,68,68,68,68,68,68,68,68],"card_choices":[{"not_picked":["Fasting2","CrushJoints"],"picked":"Adaptation","floor":1.0},{"not_picked":["FlyingSleeves","Evaluate"],"picked":"ReachHeaven","floor":5.0},{"not_picked":["FlyingSleeves","Meditate","CrushJoints"],"picked":"SKIP","floor":7.0},{"not_picked":["Collect","FlyingSleeves"],"picked":"ClearTheMind","floor":11.0},{"not_picked":["CrushJoints","Wireheading"],"picked":"FollowUp","floor":12.0},{"not_picked":["Consecrate","FlyingSleeves"],"picked":"LikeWater","floor":14.0},{"not_picked":["Vault","Ragnarok"],"picked":"SpiritShield","floor":16.0}],"player_experience":1434702,"relics_obtained":[{"floor":7.0,"key":"Bag of Preparation"},{"floor":9.0,"key":"Boot"},{"floor":14.0,"key":"Ornamental Fan"}],"event_choices":[{"damage_healed":0.0,"max_hp_gain":0.0,"max_hp_loss":0.0,"gold_gain":0.0,"event_name":"Golden Idol","player_choice":"Take Wound","floor":2.0,"gold_loss":0.0,"damage_taken":0.0,"relics_obtained":["Golden Idol"],"cards_obtained":["Injury"]},{"damage_healed":0.0,"max_hp_gain":0.0,"max_hp_loss":0.0,"gold_gain":0.0,"event_name":"Shining Light","player_choice":"Entered Light","floor":3.0,"gold_loss":0.0,"damage_taken":20.0,"cards_upgraded":["Vigilance","Strike_P"]},{"damage_healed":0.0,"max_hp_gain":0.0,"max_hp_loss":0.0,"gold_gain":0.0,"event_name":"Big Fish","player_choice":"Box","floor":4.0,"gold_loss":0.0,"damage_taken":0.0,"relics_obtained":["Orichalcum"],"cards_obtained":["Regret"]},{"damage_healed":0.0,"max_hp_gain":0.0,"max_hp_loss":0.0,"gold_gain":0.0,"event_name":"Lab","player_choice":"Got Potions","floor":8.0,"gold_loss":0.0,"damage_taken":0.0}],"is_beta":false,"boss_relics":[{"not_picked":["Black Star","Cursed Key"],"picked":"SlaversCollar"}],"items_purged_floors":[],"is_endless":false,"potions_floor_spawned":[1,5,14],"killed_by":"Chosen","ascension_level":18}}