{"host":"i73ch23exsqar74a","time":1612460186,"event":{"mods":["AchievementEnabler","Arknights","Aspiration","Astrologer","Bard","Bartender","BaseMod","Beaked The Cultist","Better Sensory Stone","CCEM2","CapriCore","Challenge The Spire","ChefMod","Chen","Colored Map","Colored Powertips","Conjunction","Conspire","Downfall","Fireblade Mod","FutureSeer","GifTheSpireLib","Glutton Mod","Gremlin Mod","Halation","Hermit","Highlight Path","HololiveMod","Hubris","Infinite Spire","Jedi Mod","Lobotomy","LobotomyExtend","Luminous","Marked Mod","Minty Spire (QoL Compilation)","Prisma Mod","Quarter Circle Forward PUNCH!","Quick Restart","Random Character Button","RatMod","Relic Sorter","Reliquary","Replay The Spire","SOS???????","Shade Mod","Spicy Shops","Spikes Relics","Spire Arcade","StSLib","Stuff the Spire","The Alterego","The Animator","The Bug Knight","The Construct","The Cursed","The Druid","The Exalted","The Immortal","The Judge","The Poker Player","The Sage","The Wild Card","TheHero","TheSwordswoman","TheVacant","TheVelvet","Thieving Mod","Yuri Mod","???Mod??????Boss","???mod?????"],"gold_per_floor":[114,152,169,169,182,182,214,228,228,228,228,260,260,12,12,109,159,172,172,172,188,201,227,227,259,259,272,290,390,410,410,410,507,507,523,523,541,557,569,569,569,569],"floor_reached":41,"language":"ENG","playtime":1436,"items_purged":["Injury"],"score":493,"play_id":"a91eaa89-7c9f-4e25-b040-2c07fd5eebf0","local_time":"20210204213626","is_ascension_mode":false,"campfire_choices":[{"data":"theextravagant:SharpTalons","floor":6,"key":"SMITH"},{"data":"theextravagant:Pushthrough","floor":10,"key":"SMITH"},{"data":"theextravagant:SharpTalons","floor":13,"key":"SMITH"},{"floor":15,"key":"REST"},{"floor":24,"key":"REST"},{"floor":32,"key":"REST"},{"floor":40,"key":"REST"}],"circlet_count":0,"master_deck":["theextravagant:SlyStrike+1","theextravagant:Fence","theextravagant:Triumph","hubris:DuctTapeCard","theextravagant:Firework","theextravagant:Shake","theextravagant:SharpTalons+1","theextravagant:SharpTalons+1","theextravagant:Pushthrough+1","theextravagant:CuttingEdge","theextravagant:CutTheDeck","theextravagant:SnakeEyes","theextravagant:Shove","theextravagant:Shove","theextravagant:Cutthroat","theextravagant:Impulse+1","theextravagant:ShootingStar","theextravagant:Vintage","infinitespire:Gouge","infinitespire:Punishment","theextravagant:Aggression","theextravagant:AuroraForm","sneckomod:UnknownClassBLESSING","ThirdEye","theDruid:BristlingBulwark","Sword Boomerang","Spot Weakness","theextravagant:PuffUp+1","theextravagant:Thrill+1"],"relics":["theextravagant:TranslucentFeather","aspiration:Nostalgia","animeID:HeroCostume","LetterFromLob","hubris:DuctTape","Ice Cream","Replay:Mystery Machine","Heaven_r","qcfpunch:Combat_Fatigues","CCEMRelics:Sandal","Tiny House","HollowMod:StagPassRelic","reliquary:PartyBalloon","ShockBauble","infinitespire:Joker Card","Replay:Wanted Poster","Peace Pipe","qcfpunch:Killian_Engine_Alpha"],"acts_visited":["Exordium","TheCity","TheBeyond"],"potions_floor_usage":[39,41],"damage_taken":[{"damage":1,"enemies":"2 Louse","floor":1,"turns":3},{"damage":8,"enemies":"conspire:MimicChest","floor":2,"turns":6},{"damage":6,"enemies":"Jaw Worm","floor":3,"turns":3},{"damage":0,"enemies":"Cultist","floor":5,"turns":3},{"damage":13,"enemies":"Gremlin Nob","floor":7,"turns":4},{"damage":0,"enemies":"2 Fungi Beasts","floor":8,"turns":2},{"damage":32,"enemies":"Looter","floor":11,"turns":3},{"damage":6,"enemies":"3 Sentries","floor":12,"turns":4},{"damage":40,"enemies":"The Guardian","floor":16,"turns":8},{"damage":0,"enemies":"3 Byrds","floor":18,"turns":2},{"damage":10,"enemies":"2 Thieves","floor":21,"turns":3},{"damage":0,"enemies":"Snecko","floor":22,"turns":3},{"damage":28,"enemies":"conspire:SneckoGhost","floor":23,"turns":5},{"damage":0,"enemies":"conspire:Head Lice","floor":25,"turns":5},{"damage":7,"enemies":"3 Cultists","floor":27,"turns":4},{"damage":8,"enemies":"Shelled Parasite and Fungi","floor":28,"turns":3},{"damage":0,"enemies":"conspire:HollyBat","floor":30,"turns":6},{"damage":3,"enemies":"conspire:MysteriousRune","floor":33,"turns":2},{"damage":31,"enemies":"3 Darklings","floor":35,"turns":4},{"damage":0,"enemies":"Orb Walker","floor":37,"turns":1},{"damage":16,"enemies":"Maw","floor":38,"turns":5},{"damage":12,"enemies":"Writhing Mass","floor":39,"turns":4},{"damage":69,"enemies":"Giant Head","floor":41,"turns":7}],"seed_played":"2419450700965485752","potions_obtained":[{"floor":2,"key":"hexamod:SoulburnPotion"},{"floor":8,"key":"sagemod:Wine"},{"floor":12,"key":"Swift Potion"},{"floor":21,"key":"bronze:BurnAndBuffPotion"},{"floor":39,"key":"sagemod:Wine"}],"is_trial":false,"path_per_floor":["M","?","M","?","M","R","E","M","T","R","M","E","R","$","R","B",null,"M","$","?","M","M","E","R","E","T","M","M","AVR","M","?","R","B",null,"M","?","M","M","M","R","E"],"character_chosen":"THE_EXTRAVAGANT","items_purchased":["CCEMRelics:Sandal","theextravagant:CutTheDeck"],"campfire_rested":4,"item_purchase_floors":[14,14],"current_hp_per_floor":[74,69,65,65,65,65,54,56,56,56,45,39,39,39,61,27,80,80,80,80,70,72,48,72,74,74,71,65,65,69,54,79,78,85,56,56,56,44,38,63,0,0],"gold":569,"neow_bonus":"NOSTALGIA","is_daily":false,"chose_seed":false,"campfire_upgraded":3,"win_rate":0.0,"timestamp":1612460186,"path_taken":["M","?","M","?","M","R","E","M","T","R","?","E","R","$","R","BOSS","M","$","?","M","?","E","R","E","T","M","M","AVR","M","?","R","BOSS","M","?","M","M","M","R","E"],"items_purchased_type":["Relic","Card"],"build_version":"2020-12-22","purchased_purges":1,"victory":false,"max_hp_per_floor":[75,75,75,75,75,75,75,75,75,75,75,75,75,75,75,75,80,80,80,80,80,80,80,80,80,80,80,80,80,80,85,85,85,85,85,85,85,85,85,85,85,85],"card_choices":[{"not_picked":["theextravagant:Flashback","theextravagant:Precaution"],"picked":"theextravagant:Razor","floor":1},{"not_picked":["theextravagant:Comeback","theextravagant:SpontaneousStrike"],"picked":"theextravagant:Firework","floor":2},{"not_picked":["theextravagant:Comeback","theextravagant:PuffUp"],"picked":"theextravagant:Shake","floor":3},{"not_picked":["theextravagant:Flashback","theextravagant:Comeback"],"picked":"theextravagant:SharpTalons","floor":5},{"not_picked":["theextravagant:Flashback","theextravagant:Shatter"],"picked":"theextravagant:SharpTalons","floor":7},{"not_picked":["theextravagant:Courage","theextravagant:Nihil"],"picked":"theextravagant:Pushthrough","floor":8},{"not_picked":["theextravagant:SpontaneousStrike","theextravagant:Masquerade"],"picked":"theextravagant:CuttingEdge","floor":12},{"not_picked":["theextravagant:ShieldCharm","theextravagant:Antiquity"],"picked":"theextravagant:SnakeEyes","floor":16},{"not_picked":["theextravagant:Glamour","theextravagant:StepBack"],"picked":"theextravagant:Shove","floor":17},{"not_picked":["theextravagant:StepBack+1","theextravagant:Tension"],"picked":"theextravagant:Shove","floor":18},{"not_picked":["theextravagant:SnakeOil","theextravagant:Flashback"],"picked":"theextravagant:Cutthroat","floor":21},{"not_picked":["theextravagant:Shove","theextravagant:Masquerade"],"picked":"theextravagant:Impulse+1","floor":22},{"not_picked":["theextravagant:CutTheDeck","theextravagant:SpiritBolt","theextravagant:StepBack"],"picked":"SKIP","floor":23},{"not_picked":["theextravagant:StepBack","theextravagant:ShieldCharm","theextravagant:Cutthroat+1"],"picked":"SKIP","floor":25},{"not_picked":["theextravagant:Twostep","theextravagant:Defy"],"picked":"theextravagant:ShootingStar","floor":27},{"not_picked":["theextravagant:Castle+1","theextravagant:Riot"],"picked":"theextravagant:Vintage","floor":28},{"not_picked":["theextravagant:SpontaneousStrike+1","theextravagant:Shove"],"picked":"theextravagant:Aggression","floor":30},{"not_picked":["theextravagant:Erase","theextravagant:SnakeOil"],"picked":"theextravagant:AuroraForm","floor":33},{"not_picked":["theextravagant:Repell+1","theextravagant:Twitch","theextravagant:Masquerade"],"picked":"SKIP","floor":35},{"not_picked":["theextravagant:PerfectTheBasics","theextravagant:Comeback","theextravagant:Cutthroat"],"picked":"SKIP","floor":37},{"not_picked":["theextravagant:Shove+1","theextravagant:SharpTalons+1"],"picked":"theextravagant:PuffUp+1","floor":38},{"not_picked":["theextravagant:SpontaneousStrike+1","theextravagant:Castle+1"],"picked":"theextravagant:Thrill+1","floor":39}],"player_experience":1401533,"relics_obtained":[{"floor":1,"key":"LetterFromLob"},{"floor":2,"key":"hubris:DuctTape"},{"floor":7,"key":"Ice Cream"},{"floor":9,"key":"Replay:Mystery Machine"},{"floor":12,"key":"qcfpunch:Combat_Fatigues"},{"floor":23,"key":"reliquary:PartyBalloon"},{"floor":25,"key":"ShockBauble"},{"floor":26,"key":"infinitespire:Joker Card"}],"event_choices":[{"cards_removed":["theextravagant:SlyStrike"],"damage_healed":0,"gold_gain":0,"player_choice":"Offered Basic","damage_taken":0,"max_hp_gain":0,"max_hp_loss":0,"event_name":"Bonfire Elementals","floor":4,"gold_loss":0},{"damage_healed":0,"gold_gain":0,"player_choice":"Gave Potion","damage_taken":0,"relics_obtained":["HollowMod:StagPassRelic"],"max_hp_gain":0,"max_hp_loss":0,"event_name":"WeMeetAgain","floor":20,"gold_loss":0},{"damage_healed":0,"gold_gain":0,"player_choice":"Shed Blood","damage_taken":20,"max_hp_gain":5,"max_hp_loss":0,"event_name":"Forgotten Altar","floor":31,"gold_loss":0},{"damage_healed":0,"gold_gain":0,"player_choice":"Ignored","damage_taken":0,"max_hp_gain":0,"max_hp_loss":0,"event_name":"SecretPortal","floor":36,"gold_loss":0}],"is_beta":false,"boss_relics":[{"not_picked":["reliquary:KinkedSpring","hubris:BlackHole"],"picked":"Tiny House"},{"not_picked":["halation:Yufonium","CCEMRelics:ReaperScythe"],"picked":"qcfpunch:Killian_Engine_Alpha"}],"items_purged_floors":[14],"is_endless":false,"potions_floor_spawned":[2,8,12,16,21,22,33,35,39],"killed_by":"Giant Head","ascension_level":0}}