{"host":"ia9e4s524g7bamk7","time":1612451493,"event":{"mods":["AchievementEnabler","BaseMod","Minty Spire (QoL Compilation)","Slay-I"],"gold_per_floor":[11,29,46,61,61,95,106,134,160,160,190,207,207,217,217,312,312,326,38,51,74,87,87,87],"floor_reached":23,"language":"ENG","playtime":1901,"items_purged":[],"score":247,"play_id":"4e492977-d17c-4c12-a04b-919717f68c00","local_time":"20210204161133","is_ascension_mode":true,"campfire_choices":[{"floor":10,"key":"REST"},{"data":"Uppercut","floor":15,"key":"SMITH"}],"circlet_count":0,"master_deck":["Strike_R","Strike_R","Defend_R","Defend_R","Defend_R","Defend_R","Bash","Anger","Carnage","Spot Weakness","Iron Wave","Thunderclap","Pommel Strike","Whirlwind","Shrug It Off","Uppercut+1","Rampage","Infernal Blade","Impervious","Evolve","Trip","Dropkick","Shockwave+1","Pummel"],"relics":["Burning Blood","Dream Catcher","Oddly Smooth Stone","Pen Nib","Blood Vial","Vajra","Mark of Pain","Juzu Bracelet"],"acts_visited":["Exordium","TheCity"],"potions_floor_usage":[11,14,16,16,23],"damage_taken":[{"damage":0,"enemies":"Small Slimes","floor":1,"turns":3},{"damage":0,"enemies":"Cultist","floor":2,"turns":3},{"damage":6,"enemies":"2 Louse","floor":3,"turns":2},{"damage":10,"enemies":"2 Fungi Beasts","floor":4,"turns":3},{"damage":50,"enemies":"3 Sentries","floor":6,"turns":7},{"damage":2,"enemies":"Looter","floor":7,"turns":3},{"damage":20,"enemies":"Gremlin Nob","floor":8,"turns":4},{"damage":20,"enemies":"Lagavulin","floor":11,"turns":4},{"damage":22,"enemies":"3 Louse","floor":12,"turns":3},{"damage":5,"enemies":"Lots of Slimes","floor":14,"turns":4},{"damage":12,"enemies":"Hexaghost","floor":16,"turns":7},{"damage":4,"enemies":"Shell Parasite","floor":18,"turns":4},{"damage":3,"enemies":"3 Byrds","floor":20,"turns":3},{"damage":32,"enemies":"Sentry and Sphere","floor":22,"turns":5},{"damage":57,"enemies":"Gremlin Leader","floor":23,"turns":5}],"seed_played":"7101187962094302014","potions_obtained":[{"floor":3,"key":"Ancient Potion"},{"floor":4,"key":"Block Potion"},{"floor":6,"key":"LiquidBronze"},{"floor":7,"key":"DistilledChaos"},{"floor":11,"key":"PowerPotion"},{"floor":16,"key":"Dexterity Potion"},{"floor":20,"key":"Swift Potion"}],"is_trial":false,"path_per_floor":["M","M","M","M","?","E","M","E","T","R","E","M","?","M","R","B",null,"M","$","M","T","M","E"],"character_chosen":"IRONCLAD","items_purchased":["Trip","Dropkick","Juzu Bracelet"],"campfire_rested":1,"item_purchase_floors":[19,19,19],"current_hp_per_floor":[80,80,80,76,76,32,36,22,22,46,32,18,18,21,21,17,80,80,80,80,80,54,0,0],"gold":87,"neow_bonus":"TRANSFORM_TWO_CARDS","is_daily":false,"chose_seed":false,"campfire_upgraded":1,"win_rate":0.0,"timestamp":1612451493,"path_taken":["M","M","M","M","?","E","M","E","T","R","E","M","?","M","R","BOSS","M","$","M","?","M","E"],"items_purchased_type":["Card","Card","Relic"],"build_version":"2020-12-22","purchased_purges":0,"victory":false,"max_hp_per_floor":[80,80,80,80,80,80,80,80,80,80,80,80,80,80,80,80,80,80,80,80,80,80,80,80],"card_choices":[{"not_picked":["Thunderclap","Pommel Strike"],"picked":"Spot Weakness","floor":1},{"not_picked":["Headbutt","Clothesline"],"picked":"Iron Wave","floor":2},{"not_picked":["Corruption","True Grit"],"picked":"Thunderclap","floor":3},{"not_picked":["Dark Embrace","Clash"],"picked":"Thunderclap","floor":4},{"not_picked":["Combust","Clash","Havoc"],"picked":"SKIP","floor":6},{"not_picked":["Reckless Charge","Carnage"],"picked":"Whirlwind","floor":7},{"not_picked":["Dark Embrace","Battle Trance"],"picked":"Shrug It Off","floor":8},{"not_picked":["Anger","Clothesline"],"picked":"Uppercut","floor":10},{"not_picked":["Juggernaut","Second Wind","Sentinel"],"picked":"SKIP","floor":11},{"not_picked":["Perfected Strike","Cleave"],"picked":"Rampage","floor":12},{"not_picked":["Combust","Sword Boomerang"],"picked":"Infernal Blade","floor":14},{"not_picked":["Offering","Bludgeon"],"picked":"Impervious","floor":16},{"not_picked":["Cleave","Shockwave+1"],"picked":"Evolve","floor":18},{"not_picked":["Body Slam","Pummel"],"picked":"Shockwave+1","floor":20},{"not_picked":["Twin Strike","Flex"],"picked":"Pummel","floor":22}],"player_experience":235592,"relics_obtained":[{"floor":6,"key":"Dream Catcher"},{"floor":8,"key":"Oddly Smooth Stone"},{"floor":9,"key":"Pen Nib"},{"floor":11,"key":"Blood Vial"}],"event_choices":[{"damage_healed":0,"gold_gain":0,"cards_transformed":["Strike_R"],"player_choice":"Change","damage_taken":0,"max_hp_gain":0,"max_hp_loss":0,"event_name":"Living Wall","floor":5,"gold_loss":0,"cards_obtained":["Pommel Strike"]},{"cards_removed":["Thunderclap"],"damage_healed":0,"gold_gain":0,"player_choice":"Gave Card","damage_taken":0,"relics_obtained":["Vajra"],"max_hp_gain":0,"max_hp_loss":0,"event_name":"WeMeetAgain","floor":13,"gold_loss":0}],"is_beta":false,"boss_relics":[{"not_picked":["Empty Cage","Busted Crown"],"picked":"Mark of Pain"}],"items_purged_floors":[],"is_endless":false,"potions_floor_spawned":[3,4,6,7,11,16,20],"killed_by":"Gremlin Leader","ascension_level":3}}