{"host":"jegehu1t82aiec5j","time":1612459064,"event":{"mods":["BaseMod","Colored Map","Minty Spire (QoL Compilation)","Relic Stats","StSLib"],"gold_per_floor":[12,28,28,39,52,84,84,112,112,112,37,57,4,35,35,108,108,118,118,136,146,161,161,192,192,192,218,218,237,99,115,115,187,187,198,217,92,92,92,120,120,120,120,131,131,151,151,181,181,181],"floor_reached":51,"language":"ENG","playtime":1457,"items_purged":["Strike_R","Strike_R","Strike_R"],"score":1476,"play_id":"cf87e2e1-e34d-45d1-a128-9423a204e53b","local_time":"20210204121744","is_ascension_mode":true,"campfire_choices":[{"data":"Inflame","floor":7.0,"key":"SMITH"},{"data":"Rupture","floor":10.0,"key":"SMITH"},{"data":"Disarm","floor":15.0,"key":"SMITH"},{"data":"Limit Break","floor":23.0,"key":"SMITH"},{"data":"Immolate","floor":25.0,"key":"SMITH"},{"floor":28.0,"key":"REST"},{"floor":32.0,"key":"REST"},{"floor":41.0,"key":"REST"},{"floor":45.0,"key":"REST"},{"floor":47.0,"key":"REST"},{"data":"Demon Form","floor":49.0,"key":"SMITH"}],"circlet_count":0,"master_deck":["AscendersBane","Strike_R","Strike_R","Defend_R","Defend_R","Defend_R","Defend_R","Bash","Offering","Cleave","Rupture+1","Inflame+1","True Grit","Disarm+1","Immolate+1","Shrug It Off","Twin Strike","Limit Break+1","Shrug It Off","Sword Boomerang","Shockwave+1","Battle Trance","Flame Barrier","Demon Form+1","Flame Barrier+1","Panacea","Intimidate+1","Feel No Pain","Heavy Blade+1"],"relics":["Burning Blood","WarpedTongs","Question Card","Vajra","PreservedInsect","Pantograph","White Beast Statue","Philosopher\u0027s Stone","Letter Opener","Torii","Centennial Puzzle","Sozu","Prayer Wheel","Bag of Preparation","Thread and Needle"],"acts_visited":["Exordium","TheCity","TheBeyond"],"potions_floor_usage":[50,50],"damage_taken":[{"damage":6.0,"enemies":"Cultist","floor":1.0,"turns":3.0},{"damage":0.0,"enemies":"2 Louse","floor":2.0,"turns":3.0},{"damage":4.0,"enemies":"Small Slimes","floor":4.0,"turns":3.0},{"damage":12.0,"enemies":"Looter","floor":5.0,"turns":2.0},{"damage":6.0,"enemies":"Gremlin Nob","floor":6.0,"turns":2.0},{"damage":21.0,"enemies":"3 Sentries","floor":8.0,"turns":5.0},{"damage":16.0,"enemies":"Exordium Wildlife","floor":12.0,"turns":4.0},{"damage":6.0,"enemies":"Gremlin Nob","floor":14.0,"turns":2.0},{"damage":12.0,"enemies":"The Guardian","floor":16.0,"turns":12.0},{"damage":21.0,"enemies":"Spheric Guardian","floor":18.0,"turns":4.0},{"damage":9.0,"enemies":"Chosen","floor":20.0,"turns":6.0},{"damage":11.0,"enemies":"Snake Plant","floor":21.0,"turns":3.0},{"damage":19.0,"enemies":"Shelled Parasite and Fungi","floor":22.0,"turns":4.0},{"damage":17.0,"enemies":"Gremlin Leader","floor":24.0,"turns":5.0},{"damage":36.0,"enemies":"Slavers","floor":27.0,"turns":2.0},{"damage":6.0,"enemies":"Chosen and Byrds","floor":29.0,"turns":4.0},{"damage":16.0,"enemies":"Snecko","floor":31.0,"turns":6.0},{"damage":23.0,"enemies":"Collector","floor":33.0,"turns":7.0},{"damage":14.0,"enemies":"3 Shapes","floor":35.0,"turns":4.0},{"damage":1.0,"enemies":"3 Darklings","floor":36.0,"turns":2.0},{"damage":43.0,"enemies":"Reptomancer","floor":40.0,"turns":5.0},{"damage":18.0,"enemies":"Sphere and 2 Shapes","floor":44.0,"turns":4.0},{"damage":42.0,"enemies":"Jaw Worm Horde","floor":46.0,"turns":4.0},{"damage":6.0,"enemies":"Giant Head","floor":48.0,"turns":5.0},{"damage":19,"enemies":"Time Eater","floor":50,"turns":6}],"seed_played":"-7768304415248306115","potions_obtained":[{"floor":2.0,"key":"AttackPotion"},{"floor":5.0,"key":"Weak Potion"},{"floor":12.0,"key":"Block Potion"},{"floor":16.0,"key":"DistilledChaos"},{"floor":20.0,"key":"SpeedPotion"},{"floor":22.0,"key":"Strength Potion"},{"floor":24.0,"key":"DuplicationPotion"},{"floor":33.0,"key":"EntropicBrew"}],"is_trial":false,"path_per_floor":["M","M","T","M","M","E","R","E","T","R","$","M","$","E","R","B",null,"M","?","M","M","M","R","E","R","T","E","R","M","$","M","R","B",null,"M","M","$","?","?","E","R","?","T","M","R","M","R","E","R","B",null],"character_chosen":"IRONCLAD","items_purchased":["Shrug It Off","Battle Trance"],"campfire_rested":5,"item_purchase_floors":[13,30],"current_hp_per_floor":[68,74,74,75,69,69,69,54,54,54,54,44,44,44,44,63,72,57,75,72,67,54,54,43,43,43,13,35,35,35,25,47,55,70,62,67,67,67,67,30,52,52,52,40,62,26,48,48,48,60],"gold":181,"neow_bonus":"THREE_RARE_CARDS","is_daily":false,"chose_seed":false,"campfire_upgraded":6,"win_rate":0.0,"timestamp":1612459064,"path_taken":["M","M","?","M","M","E","R","E","T","R","$","M","?","E","R","BOSS","M","?","M","M","M","R","E","R","T","E","R","?","$","M","R","BOSS","M","M","$","?","?","E","R","?","T","?","R","M","R","E","R","BOSS"],"items_purchased_type":["Card","Card"],"build_version":"2020-12-22","purchased_purges":3,"victory":true,"max_hp_per_floor":[75,75,75,75,75,75,75,75,75,75,75,75,75,75,75,75,75,75,75,75,75,75,75,75,75,75,75,75,75,75,75,75,75,75,75,75,75,75,75,75,75,75,75,75,75,75,75,75,75,75],"relic_stats":{"Torii":12,"counters":[25,107],"PreservedInsect":309,"Bag of Preparation":[8],"Letter Opener":[143],"Question Card":25,"Burning Blood":149,"WarpedTongs":[107],"Sozu":5,"Centennial Puzzle":[27],"Pantograph":75,"Prayer Wheel":2,"obtain_stats":[{"Torii":26,"Vajra":6,"Thread and Needle":48,"PreservedInsect":8,"Bag of Preparation":43,"Letter Opener":24,"Question Card":3,"Burning Blood":0,"White Beast Statue":14,"WarpedTongs":0,"Sozu":34,"Centennial Puzzle":27,"Pantograph":9,"Philosopher\u0027s Stone":17,"Prayer Wheel":40},{"Torii":14,"Vajra":5,"Thread and Needle":24,"PreservedInsect":6,"Bag of Preparation":21,"Letter Opener":14,"Question Card":2,"Burning Blood":0,"White Beast Statue":8,"WarpedTongs":0,"Sozu":18,"Centennial Puzzle":15,"Pantograph":6,"Philosopher\u0027s Stone":9,"Prayer Wheel":21},{"Torii":58,"Vajra":13,"Thread and Needle":101,"PreservedInsect":18,"Bag of Preparation":88,"Letter Opener":58,"Question Card":6,"Burning Blood":0,"White Beast Statue":24,"WarpedTongs":0,"Sozu":77,"Centennial Puzzle":60,"Pantograph":18,"Philosopher\u0027s Stone":36,"Prayer Wheel":88}]},"card_choices":[{"not_picked":["Brutality","Impervious"],"picked":"Offering","floor":0.0},{"not_picked":["Second Wind","Perfected Strike"],"picked":"Anger","floor":1.0},{"not_picked":["Armaments","Sword Boomerang"],"picked":"Cleave","floor":2.0},{"not_picked":["Twin Strike","Iron Wave","Sword Boomerang"],"picked":"Rupture","floor":4.0},{"not_picked":["Clash","Battle Trance","Evolve"],"picked":"Inflame","floor":5.0},{"not_picked":["Dual Wield","Clash","Warcry"],"picked":"True Grit","floor":6.0},{"not_picked":["Flex","Carnage","Second Wind"],"picked":"Disarm","floor":8.0},{"not_picked":["Perfected Strike","Second Wind","Rampage"],"picked":"Immolate","floor":12.0},{"not_picked":["Intimidate","Immolate","Sever Soul"],"picked":"Twin Strike","floor":14.0},{"not_picked":["Fiend Fire","Impervious","Barricade"],"picked":"Limit Break","floor":16.0},{"not_picked":["Uppercut","Thunderclap","Pommel Strike"],"picked":"Shrug It Off","floor":18.0},{"not_picked":["True Grit","Sentinel","Pommel Strike"],"picked":"Sword Boomerang","floor":20.0},{"not_picked":["Cleave","Havoc","Blood for Blood","Dropkick"],"picked":"SKIP","floor":21.0},{"not_picked":["Cleave+1","Sword Boomerang","Seeing Red","Juggernaut"],"picked":"SKIP","floor":22.0},{"not_picked":["Pommel Strike","Combust","Rampage"],"picked":"Shockwave+1","floor":24.0},{"not_picked":["Pommel Strike","Juggernaut","Reckless Charge","Carnage"],"picked":"SKIP","floor":27.0},{"not_picked":["Thunderclap","Seeing Red","Wild Strike","Clash"],"picked":"SKIP","floor":29.0},{"not_picked":["Hemokinesis","Thunderclap","Second Wind"],"picked":"Flame Barrier","floor":31.0},{"not_picked":["Limit Break","Bludgeon","Berserk"],"picked":"Demon Form","floor":33.0},{"not_picked":["Reckless Charge","Dark Embrace","Twin Strike"],"picked":"Flame Barrier+1","floor":35.0},{"not_picked":["Flame Barrier","Thunderclap","Havoc+1","Anger"],"picked":"SKIP","floor":36.0},{"not_picked":["Thinking Ahead","Enlightenment","Blind"],"picked":"Panacea","floor":39.0},{"not_picked":["Wild Strike","Armaments","Warcry"],"picked":"Intimidate+1","floor":40.0},{"not_picked":["Rupture","Dark Embrace","Armaments"],"picked":"Feel No Pain","floor":44.0},{"not_picked":["Reckless Charge","Flex","Anger+1","Double Tap"],"picked":"SKIP","floor":44.0},{"not_picked":["Armaments+1","Reckless Charge+1","Shrug It Off"],"picked":"Heavy Blade+1","floor":46.0},{"not_picked":["Wild Strike","Fire Breathing","Flex","Body Slam"],"picked":"SKIP","floor":46.0},{"not_picked":["Seeing Red","Sword Boomerang+1","Havoc","Pommel Strike+1"],"picked":"SKIP","floor":48.0}],"player_experience":2577638,"relics_obtained":[{"floor":3.0,"key":"Question Card"},{"floor":6.0,"key":"Vajra"},{"floor":8.0,"key":"PreservedInsect"},{"floor":9.0,"key":"Pantograph"},{"floor":14.0,"key":"White Beast Statue"},{"floor":24.0,"key":"Letter Opener"},{"floor":26.0,"key":"Torii"},{"floor":27.0,"key":"Centennial Puzzle"},{"floor":40.0,"key":"Prayer Wheel"},{"floor":43.0,"key":"Bag of Preparation"},{"floor":48.0,"key":"Thread and Needle"}],"event_choices":[{"damage_healed":18.0,"max_hp_gain":0.0,"max_hp_loss":0.0,"gold_gain":0.0,"event_name":"Wheel of Change","player_choice":"Full Heal","floor":19.0,"gold_loss":0.0,"damage_taken":0.0},{"cards_removed":["Anger"],"damage_healed":0.0,"max_hp_gain":0.0,"max_hp_loss":0.0,"gold_gain":0.0,"event_name":"Falling","player_choice":"Removed Attack","floor":38.0,"gold_loss":0.0,"damage_taken":0.0},{"damage_healed":0.0,"max_hp_gain":0.0,"max_hp_loss":0.0,"gold_gain":0.0,"event_name":"SensoryStone","player_choice":"Memory 1","floor":39.0,"gold_loss":0.0,"damage_taken":0.0},{"damage_healed":0.0,"max_hp_gain":0.0,"max_hp_loss":0.0,"gold_gain":0.0,"event_name":"Mysterious Sphere","player_choice":"Ignored","floor":42.0,"gold_loss":0.0,"damage_taken":0.0}],"is_beta":false,"boss_relics":[{"not_picked":["Tiny House","Busted Crown"],"picked":"Philosopher\u0027s Stone"},{"not_picked":["Coffee Dripper","Runic Cube"],"picked":"Sozu"}],"items_purged_floors":[11,30,37],"is_endless":false,"potions_floor_spawned":[2,5,12,16,18,20,21,22,24,27,29,31,33,35,36,40,44,46,48],"ascension_level":15}}