{"host":"0x0gr83ly0vxzjzg","time":1612399070,"event":{"mods":["BaseMod","Bestiary","Better Skull","Curses Come First","Downfall","Hubris","Infinite Spire","Minty Spire (QoL Compilation)","Replay The Spire","Shop Mod","Spire Arcade","StSLib","The Cursed","The Servant 0.9.4"],"gold_per_floor":[0,14,24,51,68,68,121,134,134,151,180,180,90,124,144,247,247,247,259,271,271,282,282,282,282,305,316,46,46,46,64,76,76,76,76],"floor_reached":33,"language":"ENG","playtime":2847,"items_purged":[],"score":259,"play_id":"28fa22c0-dc80-4bc3-8eb5-152f21770a6a","local_time":"20210203193750","is_ascension_mode":false,"campfire_choices":[{"data":"Apotheosis","floor":1.0,"key":"SMITH"},{"floor":6.0,"key":"RECALL"},{"data":"bronze:Branch","floor":9.0,"key":"SMITH"},{"data":"bronze:Optimize","floor":12.0,"key":"SMITH"},{"floor":18.0,"key":"DIG"},{"floor":23.0,"key":"REST"},{"data":"bronze:Allocate","floor":25.0,"key":"SMITH"},{"data":"bronze:SpaghettiCode","floor":29.0,"key":"SMITH"}],"circlet_count":0,"master_deck":["bronze:Strike","bronze:Strike","bronze:Strike","bronze:Strike","bronze:Defend","bronze:Defend","bronze:Defend","bronze:Defend","bronze:Replicate","bronze:Goto","Apotheosis+1","bronze:FineTuning","bronze:Flail","bronze:Branch+1","bronze:Optimize+1","bronze:BitShift","bronze:DelayedGuard","bronze:Allocate+1","bronze:BuggyMess","bronze:FineTuning","bronze:BuggyMess","bronze:Branch","bronze:SpaghettiCode+1","CurseOfTheBell","bronze:Shield","bronze:Overheat","infinitespire:Starlight","bronze:DelayedGuard+1","bronze:Branch","bronze:DelayedGuard","infinitespire:Starlight","bronze:Overload+1","bronze:ClassDefault"],"relics":["bronze:BronzeCore","infinitespire:PuzzleCube","Bronze Scales","Replay:Wax Seal","Calling Bell","Ancient Tea Set","Letter Opener","Peace Pipe","infinitespire:Satchel","bronze:CableSpool","hubris:ToyBattleship","Bottled Lightning"],"acts_visited":["Exordium","TheCity"],"potions_floor_usage":[33],"damage_taken":[{"damage":0.0,"enemies":"Cultist","floor":2.0,"turns":3.0},{"damage":0.0,"enemies":"2 Louse","floor":3.0,"turns":3.0},{"damage":1.0,"enemies":"Jaw Worm","floor":5.0,"turns":4.0},{"damage":0.0,"enemies":"2 Fungi Beasts","floor":8.0,"turns":2.0},{"damage":0.0,"enemies":"Lots of Slimes","floor":10.0,"turns":1.0},{"damage":3.0,"enemies":"Gremlin Nob","floor":11.0,"turns":4.0},{"damage":0.0,"enemies":"downfall:FleeingMerchant","floor":13.0,"turns":4.0},{"damage":2.0,"enemies":"3 Sentries","floor":14.0,"turns":4.0},{"damage":12.0,"enemies":"2 Fungi Beasts","floor":15.0,"turns":3.0},{"damage":19.0,"enemies":"SI_SHIV_ARCHETYPE","floor":16.0,"turns":8.0},{"damage":0.0,"enemies":"3 Byrds","floor":19.0,"turns":2.0},{"damage":14.0,"enemies":"Chosen","floor":20.0,"turns":7.0},{"damage":3.0,"enemies":"Centurion and Healer","floor":22.0,"turns":7.0},{"damage":0.0,"enemies":"Cultist and Chosen","floor":27.0,"turns":6.0},{"damage":0.0,"enemies":"downfall:FleeingMerchant","floor":28.0,"turns":4.0},{"damage":8.0,"enemies":"Snecko","floor":31.0,"turns":3.0},{"damage":7.0,"enemies":"Centurion and Healer","floor":32.0,"turns":10.0},{"damage":109,"enemies":"WA_ARCHETYPE_CALM","floor":33,"turns":16}],"seed_played":"-5394097170041409403","potions_obtained":[{"floor":2.0,"key":"Block Potion"},{"floor":5.0,"key":"Weak Potion"},{"floor":16.0,"key":"bronze:FreeFunctionsPotion"},{"floor":19.0,"key":"Fruit Juice"},{"floor":22.0,"key":"DuplicationPotion"},{"floor":31.0,"key":"Languid Potion"}],"is_trial":false,"path_per_floor":["R","M","M","T","M","R","T","M","R","M","E","R","$","E","M","B",null,"R","M","M","?","M","R","T","R","T","M","$","R","?","M","M","B"],"character_chosen":"THE_AUTOMATON","items_purchased":["bronze:BuggyMess","bronze:FineTuning","Bottled Lightning"],"campfire_rested":1,"item_purchase_floors":[13,13,28],"current_hp_per_floor":[70,70,70,70,69,69,69,69,69,69,66,66,66,64,52,33,70,70,75,61,42,49,71,71,71,71,75,75,75,75,67,75,0,0,0],"gold":76,"neow_bonus":"RANDOM_COLORLESS_2","is_daily":false,"chose_seed":false,"campfire_upgraded":5,"win_rate":0.0,"timestamp":1612399070,"path_taken":["R","M","M","?","M","R","T","M","R","M","E","R","$","E","M","BOSS","R","M","M","?","M","R","T","R","?","M","?","R","?","?","M","BOSS"],"items_purchased_type":["Card","Card","Relic"],"build_version":"2020-12-22","purchased_purges":0,"victory":false,"max_hp_per_floor":[70,70,70,70,70,70,70,70,70,70,70,70,70,70,70,70,70,70,75,75,75,75,75,75,75,75,75,75,75,75,75,75,75,75,75],"card_choices":[{"not_picked":["Replay:Dark Deal","Midas Touch"],"picked":"Apotheosis","floor":0.0},{"not_picked":["bronze:MaxOutput","bronze:FollowUp"],"picked":"bronze:FineTuning","floor":2.0},{"not_picked":["bronze:DigitalCarnage","bronze:WildBeam"],"picked":"bronze:Flail","floor":3.0},{"not_picked":["bronze:Frontload","bronze:Overheat"],"picked":"bronze:Branch","floor":5.0},{"not_picked":["bronze:CloningBeam","bronze:WhirlingStrike"],"picked":"bronze:Optimize","floor":8.0},{"not_picked":["bronze:FindAndReplace","bronze:Invalidate"],"picked":"bronze:BitShift","floor":10.0},{"not_picked":["bronze:Turbo","bronze:Deprecate"],"picked":"bronze:DelayedGuard","floor":11.0},{"not_picked":["bronze:Virus","bronze:DelayedGuard"],"picked":"bronze:Allocate","floor":13.0},{"not_picked":["bronze:Fortify","bronze:WildBeam"],"picked":"bronze:BuggyMess","floor":14.0},{"not_picked":["bronze:DelayedGuard","bronze:Invalidate"],"picked":"bronze:Branch","floor":15.0},{"not_picked":["bronze:ShipIt","bronze:RecursiveStrike"],"picked":"bronze:SpaghettiCode","floor":16.0},{"not_picked":["bronze:Optimize","bronze:Repulsor"],"picked":"bronze:Shield","floor":19.0},{"not_picked":["bronze:GetLatest","bronze:Deprecate"],"picked":"bronze:Overheat","floor":20.0},{"not_picked":["infinitespire:FutureSight","ReplayTheSpireMod:Echoes of Time"],"picked":"infinitespire:Starlight","floor":21.0},{"not_picked":["bronze:Invalidate","bronze:Turbo"],"picked":"bronze:DelayedGuard+1","floor":22.0},{"not_picked":["bronze:Optimize+1","bronze:DelayedGuard+1"],"picked":"bronze:Branch","floor":27.0},{"not_picked":["bronze:Turbo","bronze:CutThrough+1"],"picked":"bronze:DelayedGuard","floor":28.0},{"not_picked":["bronze:WildBeam","bronze:Deprecate+1"],"picked":"bronze:Overload+1","floor":31.0},{"not_picked":["bronze:CutThrough","bronze:DelayedSlice+1"],"picked":"bronze:ClassDefault","floor":32}],"player_experience":151071,"relics_obtained":[{"floor":7.0,"key":"infinitespire:PuzzleCube"},{"floor":11.0,"key":"Bronze Scales"},{"floor":14.0,"key":"Replay:Wax Seal"},{"floor":17.0,"key":"Ancient Tea Set"},{"floor":17.0,"key":"Letter Opener"},{"floor":17.0,"key":"Peace Pipe"},{"floor":18.0,"key":"infinitespire:Satchel"},{"floor":24.0,"key":"bronze:CableSpool"},{"floor":26.0,"key":"hubris:ToyBattleship"}],"event_choices":[],"is_beta":false,"boss_relics":[{"not_picked":["Snecko Eye","Busted Crown"],"picked":"Calling Bell"}],"items_purged_floors":[],"is_endless":false,"potions_floor_spawned":[2,5,16,19,22,31],"killed_by":"WA_ARCHETYPE_CALM","ascension_level":0}}