{"host":"30nnj7p8788fovb1","time":1612457552,"event":{"mods":["2.2 Compatiblity","AchievementEnabler","Act Like it!","BaseMod","Better Altar","Better Match","Better Note","Better Skull","Better Third Choice","Better Vampires","BetterRewards","Block Reminder","CapriCore","Colored Map","Colored Powertips","Curses Come First","Dark Map","Defuse TimeMaze Blight","Displayed Cursed Tome","Downfall","Hallownest","Hermit","Luminous","Marisa????????","Minty Spire (QoL Compilation)","Permanent Neow","Quick Restart","RNG Fix","Rare Cards Sparkle","Reimu??????","Relic Stats","Replay The Spire","Shade Mod","StSLib","The Bladedancer","The Bug Knight","The Cursed","The Exalted","The Forsaken","The Marked","The Mystic","The Problem Sleuth","The Servant 0.9.4","The Vixen","Yakumo Yukari mod"],"gold_per_floor":[99,111,124,235,287,287,334,334,334,334,70,104,123,153,172,270,270,270,281,281,281,281,90,90,118,118,218,246,265,125,225,241,344,344,144,163,163,163,182,182,182,182,126,401,426,101,126,26,40,40,40,40,40],"floor_reached":52,"language":"ENG","playtime":5007,"items_purged":["downfall:Haunted","downfall:Haunted","theForsaken:TheForsaken_Defend","theForsaken:TearsOfSunlight","Regret"],"score":850,"play_id":"465dd7fd-0f87-4f47-8e26-de5db1bdb615","local_time":"20210204125232","is_ascension_mode":false,"campfire_choices":[{"data":"theForsaken:Penitence","floor":1.0,"key":"SMITH"},{"floor":6.0,"key":"REST"},{"floor":9.0,"key":"REST"},{"floor":18.0,"key":"RECALL"},{"data":"theForsaken:DarkBargain","floor":35.0,"key":"SMITH"},{"data":"theForsaken:WordsOfMight","floor":40.0,"key":"SMITH"},{"data":"theForsaken:WardingHymn","floor":48.0,"key":"SMITH"}],"circlet_count":0,"master_deck":["theForsaken:TheForsaken_Strike","theForsaken:TheForsaken_Strike+1","theForsaken:TheForsaken_Strike+1","theForsaken:TheForsaken_Defend","theForsaken:TheForsaken_Defend","theForsaken:TheForsaken_Defend","theForsaken:Smite","theForsaken:Penitence+1","theForsaken:ShieldCharge","theForsaken:Thunderbolt+1","theForsaken:QuickAttack","theForsaken:WordsOfMight+1","theForsaken:BountifulSunlight","theForsaken:LightRoll+1","Luminous:Light_Wash_Luminous+1","theForsaken:DarkBargain+1","theForsaken:MagicWeapon","theForsaken:HymnOfRest","theForsaken:MagicWeapon","theForsaken:Parry","theForsaken:BottledPlague+1","theForsaken:Eulogy","theForsaken:Eulogy","theForsaken:Retribution","theForsaken:WardingHymn+1","theForsaken:SpreadingPlague","theForsaken:MagicWeapon","theForsaken:PlagueCurse","theForsaken:RainingSunlight","theForsaken:Devotion","theForsaken:Bolster","theForsaken:FatRoll+1"],"relics":["theForsaken:JudgementScales","Gremlin Food","ReplayFunnel","Akabeko","HollowMod:LifeEnderRelic","Guardian:PocketSentry","Darkstone Periapt","Bromod:ArcaneDeflection","Bromod:ArcaneMomentum","Honey Jar","Bromod:ArcaneVictory","Bird Faced Urn","Gremlin Horn","Shuriken","Sozu","downfall:HeartBlessingRed","downfall:HeartBlessingBlue","theForsaken:PlagueMask","Replay:Rubber Ducky","Letter Opener","Blood Vial","OrangePellets","Singing Bowl","downfall:HeartBlessingGreen"],"acts_visited":["Exordium","TheCity","TheBeyond","TheEnding"],"potions_floor_usage":[50,50,50,52],"damage_taken":[{"damage":5.0,"enemies":"2 Louse","floor":2.0,"turns":3.0},{"damage":0.0,"enemies":"Cultist","floor":3.0,"turns":4.0},{"damage":0.0,"enemies":"downfall:FleeingMerchant","floor":11.0,"turns":4.0},{"damage":13.0,"enemies":"Gremlin Nob","floor":12.0,"turns":4.0},{"damage":0.0,"enemies":"Jaw Worm","floor":13.0,"turns":2.0},{"damage":9.0,"enemies":"3 Sentries","floor":14.0,"turns":7.0},{"damage":7.0,"enemies":"Large Slime","floor":15.0,"turns":5.0},{"damage":82.0,"enemies":"DF_ARCHETYPE_STREAMLINE","floor":16.0,"turns":15.0},{"damage":6.0,"enemies":"Spheric Guardian","floor":19.0,"turns":4.0},{"damage":0.0,"enemies":"Chosen","floor":22.0,"turns":1.0},{"damage":1.0,"enemies":"downfall:FleeingMerchant","floor":23.0,"turns":4.0},{"damage":33.0,"enemies":"Slavers","floor":25.0,"turns":8.0},{"damage":0.0,"enemies":"SI_SHIV_ARCHETYPE","floor":27.0,"turns":10.0},{"damage":0.0,"enemies":"Gremlin Leader","floor":28.0,"turns":8.0},{"damage":11.0,"enemies":"Snake Plant","floor":29.0,"turns":4.0},{"damage":0.0,"enemies":"downfall:FleeingMerchant","floor":30.0,"turns":4.0},{"damage":2.0,"enemies":"Cultist and Chosen","floor":32.0,"turns":7.0},{"damage":41.0,"enemies":"WA_ARCHETYPE_CALM","floor":33.0,"turns":15.0},{"damage":0.0,"enemies":"Orb Walker","floor":36.0,"turns":5.0},{"damage":3.0,"enemies":"3 Shapes","floor":39.0,"turns":3.0},{"damage":4.0,"enemies":"downfall:FleeingMerchant","floor":43.0,"turns":4.0},{"damage":10.0,"enemies":"Reptomancer","floor":45.0,"turns":5.0},{"damage":20.0,"enemies":"Nemesis","floor":47.0,"turns":9.0},{"damage":5.0,"enemies":"Maw","floor":49.0,"turns":8.0},{"damage":62,"enemies":"SI_POISON_ARCHETYPE","floor":50,"turns":8},{"damage":133,"enemies":"downfall:CharBossMerchant","floor":52,"turns":9}],"seed_played":"-4520226989918099987","potions_obtained":[{"floor":2.0,"key":"EssenceOfSteel"},{"floor":5.0,"key":"bronze:BurnAndBuffPotion"},{"floor":14.0,"key":"PanachePotion"},{"floor":27.0,"key":"EntropicBrew"},{"floor":28.0,"key":"FearPotion"},{"floor":29.0,"key":"Strength Potion"},{"floor":33.0,"key":"SkillPotion"}],"is_trial":false,"path_per_floor":["R","M","M","?","?","R","T","?","R","?","$","E","M","E","M","B",null,"R_BF","M","?","?","M","$","T","E","?","?","E","M","$","?","M","B",null,"R","M","?","?","M","R","T","?","$","?","E","$","E","R","M","B",null,"E"],"character_chosen":"THE_FORSAKEN","items_purchased":["theForsaken:WordsOfMight","FairyPotion","theForsaken:MagicWeapon","Letter Opener","OrangePellets"],"campfire_rested":2,"item_purchase_floors":[11,11,23,43,46],"current_hp_per_floor":[65,62,65,19,3,22,22,22,41,53,56,46,46,40,33,23,77,77,71,71,71,71,72,72,47,47,71,77,75,77,77,77,38,77,87,87,93,93,93,93,93,93,93,99,93,93,87,87,101,57,101,0,0],"gold":40,"neow_bonus":"RANDOM_COMMON_RELIC","is_daily":false,"chose_seed":false,"campfire_upgraded":4,"win_rate":0.0,"timestamp":1612457552,"path_taken":["R","M","M","?","?","R","T","?","R","?","$","E","M","E","M","BOSS","R_BF","M","?","?","M","$","T","E","?","?","E","M","$","?","M","BOSS","R","M","?","?","M","R","T","?","$","?","E","$","E","R","M","BOSS","E"],"items_purchased_type":["Card","Potion","Card","Relic","Relic"],"build_version":"2020-12-22","purchased_purges":5,"victory":false,"max_hp_per_floor":[65,65,65,65,65,65,65,65,65,77,77,77,77,77,77,77,77,77,77,77,77,77,77,77,77,77,77,77,77,77,77,77,77,77,87,87,93,93,93,93,93,93,93,99,99,99,101,101,101,101,101,101,101],"relic_stats":{"Darkstone Periapt":24,"Sozu":9,"Blood Vial":4,"OrangePellets":[6],"Gremlin Horn":[14,14],"Singing Bowl":2,"counters":[26,157],"Shuriken":[8],"Bird Faced Urn":[65],"Letter Opener":[67],"obtain_stats":[{"ReplayFunnel":4,"Darkstone Periapt":10,"Gremlin Horn":27,"Singing Bowl":47,"Bromod:ArcaneVictory":25,"downfall:HeartBlessingGreen":48,"theForsaken:PlagueMask":37,"Replay:Rubber Ducky":41,"Sozu":34,"Blood Vial":45,"downfall:BrokenWingStatue":8,"downfall:HeartBlessingBlue":35,"Honey Jar":17,"Gremlin Food":0,"HollowMod:LifeEnderRelic":5,"downfall:HeartBlessingRed":35,"Guardian:PocketSentry":7,"Letter Opener":43,"Akabeko":4,"Bromod:ArcaneMomentum":14,"OrangePellets":46,"Shuriken":28,"Bromod:ArcaneDeflection":12,"Bird Faced Urn":27,"theForsaken:JudgementScales":0},{"ReplayFunnel":2,"Darkstone Periapt":2,"Gremlin Horn":13,"Singing Bowl":23,"Bromod:ArcaneVictory":12,"downfall:HeartBlessingGreen":23,"theForsaken:PlagueMask":19,"Replay:Rubber Ducky":20,"Sozu":18,"Blood Vial":22,"downfall:BrokenWingStatue":2,"downfall:HeartBlessingBlue":18,"Honey Jar":8,"Gremlin Food":0,"HollowMod:LifeEnderRelic":2,"downfall:HeartBlessingRed":18,"Guardian:PocketSentry":2,"Letter Opener":21,"Akabeko":2,"Bromod:ArcaneMomentum":6,"OrangePellets":22,"Shuriken":14,"Bromod:ArcaneDeflection":4,"Bird Faced Urn":13,"theForsaken:JudgementScales":0},{"ReplayFunnel":7,"Darkstone Periapt":7,"Gremlin Horn":69,"Singing Bowl":132,"Bromod:ArcaneVictory":59,"downfall:HeartBlessingGreen":132,"theForsaken:PlagueMask":112,"Replay:Rubber Ducky":114,"Sozu":107,"Blood Vial":123,"downfall:BrokenWingStatue":7,"downfall:HeartBlessingBlue":107,"Honey Jar":43,"Gremlin Food":0,"HollowMod:LifeEnderRelic":7,"downfall:HeartBlessingRed":107,"Guardian:PocketSentry":7,"Letter Opener":118,"Akabeko":7,"Bromod:ArcaneMomentum":24,"OrangePellets":123,"Shuriken":77,"Bromod:ArcaneDeflection":15,"Bird Faced Urn":69,"theForsaken:JudgementScales":0}]},"card_choices":[{"not_picked":["theForsaken:NobleSacrifice","theForsaken:ShieldBash"],"picked":"theForsaken:ShieldCharge","floor":2.0},{"not_picked":["theForsaken:Eulogy","theForsaken:FatRoll"],"picked":"theForsaken:Thunderbolt","floor":3.0},{"not_picked":["theForsaken:InspiringBlow","theForsaken:TearsOfSunlight"],"picked":"theForsaken:QuickAttack","floor":11.0},{"not_picked":["theForsaken:FuryStrikes","theForsaken:HymnOfRest","theForsaken:BlightOfFamine"],"picked":"SKIP","floor":12.0},{"not_picked":["theForsaken:Eulogy","theForsaken:WrathOfGod","theForsaken:BlindFaith"],"picked":"SKIP","floor":13.0},{"not_picked":["theForsaken:Backlash","theForsaken:HymnOfPatience"],"picked":"theForsaken:BountifulSunlight","floor":14.0},{"not_picked":["theForsaken:ScorchingSunlight","theForsaken:ChargeAttack","theForsaken:Preservation"],"picked":"SKIP","floor":15.0},{"not_picked":["theForsaken:DesperatePlea","theForsaken:DarkRift"],"picked":"theForsaken:TearsOfSunlight","floor":16.0},{"not_picked":["theForsaken:HorrifyingStrike+1","theForsaken:QuickAttack","theForsaken:ShieldCharge"],"picked":"theForsaken:LightRoll","floor":19.0},{"not_picked":["theForsaken:FuryStrikes","theForsaken:NobleSacrifice+1","theForsaken:Backlash"],"picked":"theForsaken:MagicWeapon","floor":22.0},{"not_picked":["theForsaken:FuryStrikes","theForsaken:FountainOfLife","theForsaken:HymnOfPatience"],"picked":"theForsaken:HymnOfRest","floor":23.0},{"not_picked":["theForsaken:Backlash","theForsaken:CreepingInfection","theForsaken:ShieldBash"],"picked":"theForsaken:Parry","floor":25.0},{"not_picked":["theForsaken:WordOfPower","theForsaken:DarkBarrier+1","theForsaken:Parry"],"picked":"theForsaken:BottledPlague+1","floor":27.0},{"not_picked":["theForsaken:StoreUp","theForsaken:NobleSacrifice","theForsaken:BlindFaith"],"picked":"theForsaken:Eulogy","floor":28.0},{"not_picked":["theForsaken:FatRoll","theForsaken:Backlash+1","theForsaken:HealingLight"],"picked":"theForsaken:Eulogy","floor":29.0},{"not_picked":["theForsaken:PowerUp","theForsaken:Parry","theForsaken:Eulogy"],"picked":"theForsaken:Retribution","floor":30.0},{"not_picked":["theForsaken:FuryStrikes","theForsaken:ScorchingSunlight","theForsaken:Eulogy"],"picked":"theForsaken:WardingHymn","floor":32.0},{"not_picked":["theForsaken:Horror","theForsaken:SacredOath","theForsaken:DarkRift"],"picked":"theForsaken:SpreadingPlague","floor":33.0},{"not_picked":["theForsaken:WardingHymn","theForsaken:ScorchingSunlight","theForsaken:AncientWords"],"picked":"theForsaken:MagicWeapon","floor":36.0},{"not_picked":["theForsaken:FatRoll","theForsaken:NobleSacrifice","theForsaken:HymnOfPatience+1"],"picked":"theForsaken:RainingSunlight","floor":39.0},{"not_picked":["theForsaken:BlindFaith","theForsaken:Backlash","theForsaken:SolarFlare+1"],"picked":"theForsaken:Devotion","floor":43.0},{"not_picked":["theForsaken:WardingHymn+1","theForsaken:CreepingInfection+1","theForsaken:AncientWords+1"],"picked":"theForsaken:Bolster","floor":45.0},{"not_picked":["theForsaken:CorruptedWord","theForsaken:Horror","theForsaken:BlindFaith+1","theForsaken:Enfeeble"],"picked":"Singing Bowl","floor":47.0},{"not_picked":["theForsaken:MagicWeapon","theForsaken:ScorchingSunlight+1","theForsaken:WardingHymn"],"picked":"theForsaken:FatRoll+1","floor":49.0}],"player_experience":937751,"relics_obtained":[{"floor":5.0,"key":"HollowMod:LifeEnderRelic"},{"floor":7.0,"key":"Guardian:PocketSentry"},{"floor":12.0,"key":"Bromod:ArcaneDeflection"},{"floor":14.0,"key":"Bromod:ArcaneMomentum"},{"floor":25.0,"key":"Bromod:ArcaneVictory"},{"floor":27.0,"key":"Bird Faced Urn"},{"floor":27.0,"key":"Gremlin Horn"},{"floor":28.0,"key":"Shuriken"},{"floor":41.0,"key":"Replay:Rubber Ducky"},{"floor":45.0,"key":"Blood Vial"},{"floor":47.0,"key":"Singing Bowl"}],"event_choices":[{"damage_healed":0.0,"max_hp_gain":0.0,"max_hp_loss":0.0,"gold_gain":111.0,"event_name":"betterSkull:BetterSkull","player_choice":"RE RE UP GO ","floor":4.0,"gold_loss":0.0,"damage_taken":53.0,"cards_upgraded":["theForsaken:TheForsaken_Strike"],"relics_obtained":["ReplayFunnel","Akabeko"]},{"cards_removed":["theForsaken:WordsOfMight"],"damage_healed":0.0,"max_hp_gain":0.0,"max_hp_loss":0.0,"gold_gain":0.0,"event_name":"betterNote:BetterNote","player_choice":"Take \u0026 Give","floor":20.0,"gold_loss":0.0,"damage_taken":0.0,"cards_obtained":["Luminous:Light_Wash_Luminous"]},{"damage_healed":0.0,"max_hp_gain":0.0,"max_hp_loss":0.0,"gold_gain":0.0,"event_name":"The Library","player_choice":"Read","floor":21.0,"gold_loss":0.0,"damage_taken":0.0,"cards_obtained":["theForsaken:DarkBargain"]},{"damage_healed":0.0,"max_hp_gain":0.0,"max_hp_loss":0.0,"gold_gain":0.0,"event_name":"Plague Doctor","player_choice":"Obtain Plague Curse","floor":37.0,"gold_loss":0.0,"damage_taken":0.0,"cards_obtained":["theForsaken:PlagueCurse"]},{"damage_healed":0.0,"max_hp_gain":0.0,"max_hp_loss":0.0,"gold_gain":0.0,"event_name":"Accursed Blacksmith","player_choice":"Forge","floor":38.0,"gold_loss":0.0,"damage_taken":0.0,"cards_upgraded":["theForsaken:LightRoll"]}],"is_beta":false,"boss_relics":[{"not_picked":["RedLine:ReiMu","Pandora\u0027s Box"],"picked":"Honey Jar"},{"not_picked":["Bromod:ArcaneBarrier","Replay:Wanted Poster"],"picked":"Sozu"}],"items_purged_floors":[11,23,30,43,46],"is_endless":false,"potions_floor_spawned":[2,14,15,27,28,29,33,36,39,47,49],"killed_by":"downfall:CharBossMerchant","ascension_level":0}}