{"host":"flx6yngeuogemep4","time":1612418232,"event":{"mods":["BaseMod","BetterRewards","Colored Powertips","Minty Spire (QoL Compilation)"],"gold_per_floor":[112,112,112,125,146,146,180,180,203,203,133,152,152,105,105,235,235,258,258,244,244,75,75,90,90,90,104,81,180,180,195,195,315,315,334,334,334,0,0,33,48,69,69,69,85,85,85,85,85,85,85],"floor_reached":50,"language":"ENG","playtime":1436,"items_purged":[],"score":516,"play_id":"d4a40962-c3dc-471b-bfb6-fbfc3b7ddbc2","local_time":"20210204005712","is_ascension_mode":false,"campfire_choices":[{"data":"Deadly Poison","floor":6,"key":"SMITH"},{"floor":10,"key":"REST"},{"data":"Catalyst","floor":13,"key":"SMITH"},{"data":"Caltrops","floor":15,"key":"SMITH"},{"floor":23,"key":"REST"},{"floor":30,"key":"REST"},{"floor":32,"key":"REST"},{"floor":44,"key":"REST"},{"floor":47,"key":"REST"},{"floor":49,"key":"REST"}],"circlet_count":0,"master_deck":["Strike_G","Strike_G","Strike_G","Strike_G","Defend_G","Defend_G","Defend_G","Defend_G","Defend_G","Survivor","Neutralize","Deadly Poison+1","Flying Knee","Quick Slash","Noxious Fumes","Caltrops+1","Catalyst+1","Backflip","Burst","Leg Sweep","Cloak And Dagger","Poisoned Stab","Dash+1","Escape Plan","Bane+1","PiercingWail","Crippling Poison+1","Corpse Explosion","Endless Agony+1","Poisoned Stab+1","Die Die Die+1","Impatience","Sucker Punch+1","Quick Slash+1","Crippling Poison+1","Backstab+1"],"relics":["Ring of the Serpent","Golden Idol","Unceasing Top","WingedGreaves","Juzu Bracelet","Snake Skull","HandDrill","Molten Egg 2","SlaversCollar","MealTicket","Omamori","Regal Pillow","Bronze Scales","Anchor"],"acts_visited":["Exordium","TheCity","TheBeyond"],"potions_floor_usage":[7,33,40,40,42,45,45,50],"damage_taken":[{"damage":0,"enemies":"Jaw Worm","floor":1,"turns":4},{"damage":0,"enemies":"Small Slimes","floor":4,"turns":2},{"damage":0,"enemies":"Cultist","floor":5,"turns":3},{"damage":26,"enemies":"Lagavulin","floor":7,"turns":7},{"damage":0,"enemies":"Exordium Wildlife","floor":12,"turns":2},{"damage":41,"enemies":"Slime Boss","floor":16,"turns":9},{"damage":3,"enemies":"Shell Parasite","floor":18,"turns":3},{"damage":26,"enemies":"2 Thieves","floor":20,"turns":4},{"damage":17,"enemies":"Centurion and Healer","floor":24,"turns":6},{"damage":15,"enemies":"Shelled Parasite and Fungi","floor":27,"turns":5},{"damage":1,"enemies":"Chosen and Byrds","floor":31,"turns":6},{"damage":23,"enemies":"Champ","floor":33,"turns":5},{"damage":11,"enemies":"3 Darklings","floor":35,"turns":2},{"damage":14,"enemies":"Nemesis","floor":40,"turns":7},{"damage":9,"enemies":"3 Shapes","floor":41,"turns":3},{"damage":0,"enemies":"3 Darklings","floor":42,"turns":3},{"damage":60,"enemies":"Writhing Mass","floor":45,"turns":4},{"damage":74,"enemies":"Donu and Deca","floor":50,"turns":7}],"seed_played":"259933116560781382","potions_obtained":[{"floor":4,"key":"SkillPotion"},{"floor":16,"key":"GhostInAJar"},{"floor":27,"key":"GhostInAJar"},{"floor":31,"key":"Fire Potion"},{"floor":35,"key":"Swift Potion"},{"floor":41,"key":"PowerPotion"},{"floor":42,"key":"AttackPotion"},{"floor":45,"key":"GhostInAJar"}],"is_trial":false,"path_per_floor":["M","?","?","M","M","R","E","T","T","R","$","M","R","$","R","B",null,"M","?","M","?","$","R","M","?","T","M","$","?","R","M","R","B",null,"M","?","?","$","?","E","M","M","T","R","M","$","R","T","R","B"],"character_chosen":"THE_SILENT","items_purchased":["Caltrops","Backflip","HandDrill","Poisoned Stab","PiercingWail","MealTicket","Omamori","Poisoned Stab+1"],"campfire_rested":7,"item_purchase_floors":[11,14,22,22,28,38,38,38],"current_hp_per_floor":[70,70,70,70,70,70,44,44,44,65,65,65,65,65,65,24,70,67,67,41,41,41,62,45,45,45,30,30,30,51,50,70,47,70,59,59,70,70,70,56,47,47,47,70,10,25,61,61,70,0,0],"gold":85,"neow_bonus":"RANDOM_COLORLESS","is_daily":false,"chose_seed":false,"campfire_upgraded":3,"win_rate":0.0,"timestamp":1612418232,"path_taken":["M","?","?","M","?","R","E","?","T","R","$","M","R","?","R","BOSS","M","?","M","?","$","R","M","?","T","M","$","?","R","M","R","BOSS","M","?","?","$","?","E","M","M","T","R","M","?","R","?","R","BOSS"],"items_purchased_type":["Card","Card","Relic","Card","Card","Relic","Relic","Card"],"build_version":"2020-12-22","purchased_purges":0,"victory":false,"max_hp_per_floor":[70,70,70,70,70,70,70,70,70,70,70,70,70,70,70,70,70,70,70,70,70,70,70,70,70,70,70,70,70,70,70,70,70,70,70,70,70,70,70,70,70,70,70,70,70,70,70,70,70,70,70],"card_choices":[{"not_picked":["Bandage Up","Blind"],"picked":"Dramatic Entrance","floor":0},{"not_picked":["Riddle With Holes","Caltrops"],"picked":"Deadly Poison","floor":1},{"not_picked":["Endless Agony","Bane"],"picked":"Flying Knee","floor":4},{"not_picked":["Backflip","PiercingWail"],"picked":"Quick Slash","floor":5},{"not_picked":["Dodge and Roll","Corpse Explosion"],"picked":"Noxious Fumes","floor":7},{"not_picked":["Acrobatics","Caltrops"],"picked":"Catalyst","floor":12},{"not_picked":["Malaise","Grand Finale"],"picked":"Burst","floor":16},{"not_picked":["Finisher+1","Slice"],"picked":"Leg Sweep","floor":18},{"not_picked":["Underhanded Strike+1","Infinite Blades"],"picked":"Cloak And Dagger","floor":20},{"not_picked":["Backflip+1","Tactician+1"],"picked":"Dash+1","floor":24},{"not_picked":["Poisoned Stab+1","Prepared"],"picked":"Bane+1","floor":27},{"not_picked":["Terror","Catalyst"],"picked":"Crippling Poison+1","floor":31},{"not_picked":["Malaise","Venomology"],"picked":"Corpse Explosion","floor":33},{"not_picked":["Backflip","Concentrate"],"picked":"Endless Agony+1","floor":35},{"not_picked":["Distraction","Unload+1"],"picked":"Sucker Punch+1","floor":40},{"not_picked":["Setup","Sucker Punch+1"],"picked":"Quick Slash+1","floor":41},{"not_picked":["Flying Knee+1","Dagger Throw+1"],"picked":"Crippling Poison+1","floor":42},{"not_picked":["Dagger Spray+1","Dodge and Roll"],"picked":"Backstab+1","floor":45}],"player_experience":54803,"relics_obtained":[{"floor":7,"key":"Unceasing Top"},{"floor":8,"key":"WingedGreaves"},{"floor":9,"key":"Juzu Bracelet"},{"floor":26,"key":"Molten Egg 2"},{"floor":40,"key":"Regal Pillow"},{"floor":43,"key":"Bronze Scales"},{"floor":48,"key":"Anchor"}],"event_choices":[{"damage_healed":0,"gold_gain":0,"player_choice":"Take Wound","damage_taken":0,"relics_obtained":["Golden Idol"],"max_hp_gain":0,"max_hp_loss":0,"event_name":"Golden Idol","floor":2,"gold_loss":0,"cards_obtained":["Injury"]},{"cards_removed":["Injury"],"damage_healed":0,"gold_gain":0,"player_choice":"Forget","damage_taken":0,"max_hp_gain":0,"max_hp_loss":0,"event_name":"Living Wall","floor":3,"gold_loss":0},{"damage_healed":0,"gold_gain":0,"player_choice":"Opened","damage_taken":0,"relics_obtained":["Snake Skull"],"max_hp_gain":0,"max_hp_loss":0,"event_name":"The Mausoleum","floor":19,"gold_loss":0},{"damage_healed":0,"gold_gain":0,"player_choice":"Ignored","damage_taken":0,"max_hp_gain":0,"max_hp_loss":0,"event_name":"Ghosts","floor":21,"gold_loss":0},{"damage_healed":0,"gold_gain":0,"cards_transformed":["Strike_G"],"player_choice":"Transformed","damage_taken":0,"max_hp_gain":0,"max_hp_loss":0,"event_name":"Transmorgrifier","floor":25,"gold_loss":0,"cards_obtained":["Escape Plan"]},{"damage_healed":0,"gold_gain":99,"player_choice":"Stole From Cult","damage_taken":0,"max_hp_gain":0,"max_hp_loss":0,"event_name":"Nest","floor":29,"gold_loss":0},{"damage_healed":0,"gold_gain":0,"player_choice":"Bought 0 Potions","damage_taken":0,"max_hp_gain":0,"max_hp_loss":0,"event_name":"The Woman in Blue","floor":36,"gold_loss":0},{"cards_removed":["Dramatic Entrance"],"damage_healed":11,"gold_gain":0,"player_choice":"Offered Uncommon","damage_taken":0,"max_hp_gain":0,"max_hp_loss":0,"event_name":"Bonfire Elementals","floor":37,"gold_loss":0},{"damage_healed":0,"gold_gain":0,"player_choice":"2 cards matched","damage_taken":0,"max_hp_gain":0,"max_hp_loss":0,"event_name":"Match and Keep!","floor":39,"gold_loss":0,"cards_obtained":["Die Die Die","Impatience"]}],"is_beta":false,"boss_relics":[{"not_picked":["Snecko Eye","Empty Cage"],"picked":"Ring of the Serpent"},{"not_picked":["Velvet Choker","Black Star"],"picked":"SlaversCollar"}],"items_purged_floors":[],"is_endless":false,"potions_floor_spawned":[4,16,27,31,35,41,42,45],"killed_by":"Donu and Deca","ascension_level":0}}