{"host":"7j2n82b2zha9fuyn","time":1612404068,"event":{"mods":["BaseMod","Block Reminder","Minty Spire (QoL Compilation)","StSLib"],"gold_per_floor":[117,117,136,153,153,179,179,191,191,191,205,205,4,4,4,78,78,94,109,122,37,54,54,87,87,87,87,113,145,158,170,170,247,247,260,270,270,270,33,33,33],"floor_reached":40,"language":"ENG","playtime":3136,"items_purged":[],"score":857,"play_id":"e47698af-a090-4781-b242-bb24a986adbf","local_time":"20210203190108","is_ascension_mode":true,"campfire_choices":[{"data":"Defragment","floor":7.0,"key":"SMITH"},{"data":"Static Discharge","floor":10.0,"key":"SMITH"},{"data":"Lockon","floor":12.0,"key":"SMITH"},{"data":"Zap","floor":15.0,"key":"SMITH"},{"data":"Electrodynamics","floor":23.0,"key":"SMITH"},{"data":"Static Discharge","floor":25.0,"key":"SMITH"},{"data":"Reinforced Body","floor":27.0,"key":"SMITH"},{"data":"Leap","floor":32.0,"key":"SMITH"}],"circlet_count":0,"master_deck":["AscendersBane","Strike_B","Strike_B","Defend_B","Defend_B","Defend_B","Defend_B","Zap+1","Dualcast","BootSequence","Static Discharge+1","Defragment+1","Lockon+1","Reinforced Body+1","Leap+1","Electrodynamics+1","Static Discharge+1","Reinforced Body","Echo Form","Capacitor","Go for the Eyes+1","Loop","Defragment","Turbo+1","Capacitor","Rainbow"],"relics":["Cracked Core","NeowsBlessing","Meat on the Bone","Sundial","Medical Kit","Sozu","Incense Burner","Lizard Tail","Happy Flower","Peace Pipe","Red Mask","Black Star","Orrery"],"acts_visited":["Exordium","TheCity","TheBeyond"],"potions_floor_usage":[],"damage_taken":[{"damage":0.0,"enemies":"2 Louse","floor":1.0,"turns":2.0},{"damage":0.0,"enemies":"Cultist","floor":3.0,"turns":1.0},{"damage":0.0,"enemies":"Small Slimes","floor":4.0,"turns":1.0},{"damage":29.0,"enemies":"Lagavulin","floor":6.0,"turns":8.0},{"damage":7.0,"enemies":"Looter","floor":8.0,"turns":3.0},{"damage":2.0,"enemies":"Exordium Wildlife","floor":11.0,"turns":3.0},{"damage":26.0,"enemies":"The Guardian","floor":16.0,"turns":10.0},{"damage":14.0,"enemies":"3 Byrds","floor":18.0,"turns":3.0},{"damage":6.0,"enemies":"Spheric Guardian","floor":19.0,"turns":3.0},{"damage":15.0,"enemies":"3 Cultists","floor":20.0,"turns":3.0},{"damage":8.0,"enemies":"Centurion and Healer","floor":22.0,"turns":5.0},{"damage":0.0,"enemies":"Gremlin Leader","floor":24.0,"turns":6.0},{"damage":3.0,"enemies":"Slavers","floor":28.0,"turns":3.0},{"damage":30.0,"enemies":"Masked Bandits","floor":29.0,"turns":3.0},{"damage":12.0,"enemies":"Snecko","floor":30.0,"turns":5.0},{"damage":2.0,"enemies":"Snake Plant","floor":31.0,"turns":2.0},{"damage":27.0,"enemies":"Automaton","floor":33.0,"turns":7.0},{"damage":19.0,"enemies":"Orb Walker","floor":35.0,"turns":3.0},{"damage":0.0,"enemies":"3 Shapes","floor":36.0,"turns":2.0},{"damage":98,"enemies":"Reptomancer","floor":40,"turns":2}],"seed_played":"2570023770162035260","potions_obtained":[{"floor":4.0,"key":"BlessingOfTheForge"},{"floor":16.0,"key":"Explosive Potion"}],"is_trial":false,"path_per_floor":["M","?","M","M","?","E","R","M","T","R","M","R","$","?","R","B",null,"M","M","M","?","M","R","E","R","T","R","E","?","M","M","R","B",null,"M","M","?","?","$","E"],"character_chosen":"DEFECT","items_purchased":["Medical Kit","Leap","Loop","Orrery"],"campfire_rested":0,"item_purchase_floors":[13,13,39,39],"current_hp_per_floor":[64,64,64,64,69,40,40,45,45,45,43,43,43,43,43,29,64,50,44,41,41,45,45,45,45,45,45,42,24,24,34,34,19,62,43,43,43,43,43,0,0],"gold":33,"neow_bonus":"THREE_ENEMY_KILL","is_daily":false,"chose_seed":false,"campfire_upgraded":8,"win_rate":0.0,"timestamp":1612404068,"path_taken":["M","?","M","?","?","E","R","M","T","R","M","R","$","?","R","BOSS","M","M","M","?","M","R","E","R","T","R","E","?","M","M","R","BOSS","M","M","?","?","?","E"],"items_purchased_type":["Relic","Card","Card","Relic"],"build_version":"2020-12-22","purchased_purges":0,"victory":false,"max_hp_per_floor":[71,71,71,71,76,76,76,76,76,76,76,76,76,76,76,76,76,76,76,76,76,76,76,76,76,76,76,76,76,76,76,76,76,76,76,76,76,76,76,76,76],"card_choices":[{"not_picked":["Rebound","Go for the Eyes"],"picked":"BootSequence","floor":1.0},{"not_picked":["Reprogram","Loop","Skim"],"picked":"SKIP","floor":3.0},{"not_picked":["Turbo","Redo"],"picked":"Static Discharge","floor":4.0},{"not_picked":["Coolheaded","Barrage"],"picked":"Defragment","floor":6.0},{"not_picked":["Static Discharge","Steam Power"],"picked":"Lockon","floor":8.0},{"not_picked":["Skim","Redo"],"picked":"Reinforced Body","floor":11.0},{"not_picked":["Seek","Fission"],"picked":"Electrodynamics","floor":16.0},{"not_picked":["Beam Cell","Steam+1","Rebound"],"picked":"SKIP","floor":18.0},{"not_picked":["Stack","Double Energy","Recycle"],"picked":"SKIP","floor":19.0},{"not_picked":["Steam","Auto Shields","Beam Cell"],"picked":"SKIP","floor":20.0},{"not_picked":["Darkness","Hologram","Coolheaded"],"picked":"SKIP","floor":22.0},{"not_picked":["Sweeping Beam","Hyperbeam"],"picked":"Static Discharge","floor":24.0},{"not_picked":["BootSequence","Rebound"],"picked":"Reinforced Body","floor":28.0},{"not_picked":["Leap","Sunder","Redo"],"picked":"SKIP","floor":30.0},{"not_picked":["Conserve Battery","Cold Snap","Ball Lightning"],"picked":"SKIP","floor":31.0},{"not_picked":["Machine Learning","All For One"],"picked":"Echo Form","floor":33.0},{"not_picked":["Barrage","Hologram"],"picked":"Capacitor","floor":35.0},{"not_picked":["Turbo","Hologram"],"picked":"Go for the Eyes+1","floor":36.0},{"not_picked":["Compile Driver","Glacier+1"],"picked":"Defragment","floor":39.0},{"not_picked":["Rebound","Steam Power"],"picked":"Turbo+1","floor":39.0},{"not_picked":["Go for the Eyes+1","Undo"],"picked":"Capacitor","floor":39.0},{"not_picked":["Reprogram+1","Doom and Gloom+1"],"picked":"Rainbow","floor":39.0}],"player_experience":1968304,"relics_obtained":[{"floor":6.0,"key":"Meat on the Bone"},{"floor":9.0,"key":"Sundial"},{"floor":24.0,"key":"Lizard Tail"},{"floor":26.0,"key":"Happy Flower"},{"floor":28.0,"key":"Peace Pipe"},{"floor":29.0,"key":"Red Mask"}],"event_choices":[{"cards_removed":["Strike_B"],"damage_healed":0.0,"max_hp_gain":0.0,"max_hp_loss":0.0,"gold_gain":0.0,"event_name":"Bonfire Elementals","player_choice":"Offered Basic","floor":2.0,"gold_loss":0.0,"damage_taken":0.0},{"damage_healed":0.0,"max_hp_gain":5.0,"max_hp_loss":0.0,"gold_gain":0.0,"event_name":"Big Fish","player_choice":"Donut","floor":5.0,"gold_loss":0.0,"damage_taken":0.0},{"damage_healed":0.0,"max_hp_gain":0.0,"max_hp_loss":0.0,"gold_gain":0.0,"cards_transformed":["Strike_B"],"event_name":"Transmorgrifier","player_choice":"Transformed","floor":14.0,"gold_loss":0.0,"damage_taken":0.0,"cards_obtained":["Hyperbeam"]},{"damage_healed":0.0,"max_hp_gain":0.0,"max_hp_loss":0.0,"gold_gain":0.0,"event_name":"Addict","player_choice":"Obtained Relic","floor":21.0,"gold_loss":85.0,"damage_taken":0.0,"relics_obtained":["Incense Burner"]},{"damage_healed":0.0,"max_hp_gain":0.0,"max_hp_loss":0.0,"gold_gain":0.0,"event_name":"Masked Bandits","player_choice":"Fought Bandits","floor":29.0,"gold_loss":0.0,"damage_taken":0.0},{"cards_removed":["Hyperbeam"],"damage_healed":0.0,"max_hp_gain":0.0,"max_hp_loss":0.0,"gold_gain":0.0,"event_name":"Falling","player_choice":"Removed Attack","floor":37.0,"gold_loss":0.0,"damage_taken":0.0},{"damage_healed":0.0,"max_hp_gain":0.0,"max_hp_loss":0.0,"gold_gain":0.0,"event_name":"Mysterious Sphere","player_choice":"Ignored","floor":38.0,"gold_loss":0.0,"damage_taken":0.0}],"is_beta":false,"boss_relics":[{"not_picked":["Runic Dome","SlaversCollar"],"picked":"Sozu"},{"not_picked":["Empty Cage","Tiny House"],"picked":"Black Star"}],"items_purged_floors":[],"is_endless":false,"potions_floor_spawned":[4,16,18,20,22,28,29,36],"killed_by":"Reptomancer","ascension_level":18}}