{"host":"roto7j7840a50pxh","time":1612441693,"event":{"mods":["Act Like it!","BaseMod","Better Altar","Better Note","Better Sensory Stone","Better Skull","Better Third Choice","BetterRewards","Colored Map","Colored Powertips","Downfall","Elementarium","Hermit","Highlight Path","Hubris","Infinite Spire","Minty Spire (QoL Compilation)","Replay The Spire","Shade Mod","Spicy Shops","StSLib","The Construct","The Hierophant","The Jungle","The Necromancer"],"gold_per_floor":[199,209,226,239,252,252,275,290,323,341,366,366,376,139,157,254,254,254,267,267,267,37,51,105,138,158,176,176,176,176,176,189,292,292,292,307,307,188,208,224,251,251,251,251],"floor_reached":42,"language":"ENG","playtime":10388,"items_purged":[],"score":640,"play_id":"1f43ffa1-3042-4d04-9c3c-a171e8083a44","local_time":"20210204072813","is_ascension_mode":true,"campfire_choices":[{"floor":6.0,"key":"RECALL"},{"floor":12.0,"key":"DIG"},{"floor":18.0,"key":"DIG"},{"floor":29,"key":"REST"},{"floor":35,"key":"DIG"}],"circlet_count":0,"master_deck":["champ:Strike","champ:Strike","champ:Strike","champ:Strike","champ:Defend","champ:Defend","champ:Defend","champ:Defend","champ:Execute","champ:Taunt","champ:FocusedDefense","champ:CrookedStrike","champ:FanOfKnives+1","champ:Shatter","champ:StanceDance","champ:GutPunch","champ:BerserkersShout","champ:BringItOn","champ:BladeFlurry+1","champ:Lariat","champ:ShieldWall","champ:ShieldSlam","champ:HoldFirm","Pot Of Greed","Pot Of Greed","champ:BladeFlurry+1","Pot Of Greed","champ:StrikeOfGenius+1","champ:RisingSlash","champ:SetATrap","champ:Shatter+1","champ:GutPunch+1","champ:Duel+1","champ:Backstep","champ:HeartStrike","champ:UltimateStance","champ:FlashCut","champ:MurderStrike","Sickly","Pot Of Greed","champ:ShieldWall","champ:FancyFootwork+1","champ:Circumvent"],"relics":["champ:ChampionCrown","Orichalcum","Shovel","Centennial Puzzle","hubris:CrystalStatue","Lee\u0027s Waffle","SlaversCollar","Grinning Jar","Ornamental Fan","HandDrill","MealTicket","Whetstone","Painkiller Herb","Replay:Bottled Eggs","hubris:Towel","ReplayTheSpireMod:CursedCoin","hubris:CuriousFeather","Mummified Hand"],"acts_visited":["Exordium","TheCity","TheBeyond"],"potions_floor_usage":[27,28,33],"damage_taken":[{"damage":29.0,"enemies":"infinitespire:Voidling","floor":2.0,"turns":4.0},{"damage":25.0,"enemies":"Cultist","floor":3.0,"turns":4.0},{"damage":10.0,"enemies":"Jaw Worm","floor":4.0,"turns":3.0},{"damage":10.0,"enemies":"3 Louse","floor":5.0,"turns":2.0},{"damage":15.0,"enemies":"2 Fungi Beasts","floor":8.0,"turns":4.0},{"damage":22.0,"enemies":"Gremlin Nob","floor":9.0,"turns":4.0},{"damage":19.0,"enemies":"Large Slime","floor":10.0,"turns":5.0},{"damage":42.0,"enemies":"3 Sentries","floor":11.0,"turns":5.0},{"damage":0.0,"enemies":"Exordium Thugs","floor":13.0,"turns":1.0},{"damage":30.0,"enemies":"downfall:FleeingMerchant","floor":14.0,"turns":4.0},{"damage":25.0,"enemies":"Exordium Wildlife","floor":15.0,"turns":3.0},{"damage":73.0,"enemies":"SI_SHIV_ARCHETYPE","floor":16.0,"turns":9.0},{"damage":15.0,"enemies":"Chosen","floor":19.0,"turns":6.0},{"damage":15.0,"enemies":"downfall:FleeingMerchant","floor":22.0,"turns":4.0},{"damage":5.0,"enemies":"3 Byrds","floor":23.0,"turns":5.0},{"damage":47.0,"enemies":"Book of Stabbing","floor":25.0,"turns":6.0},{"damage":75.0,"enemies":"Cultist and Chosen","floor":26.0,"turns":8.0},{"damage":52,"enemies":"Centurion and Healer","floor":27,"turns":6},{"damage":0,"enemies":"Nightmare","floor":28,"turns":1},{"damage":49,"enemies":"Chosen and Byrds","floor":32,"turns":10},{"damage":67,"enemies":"DF_ARCHETYPE_CLAW","floor":33,"turns":7},{"damage":11,"enemies":"Orb Walker","floor":36,"turns":4},{"damage":30,"enemies":"downfall:FleeingMerchant","floor":38,"turns":4},{"damage":71,"enemies":"3 Darklings","floor":39,"turns":5},{"damage":38,"enemies":"Spire Growth","floor":40,"turns":5},{"damage":37,"enemies":"Transient","floor":42,"turns":3}],"seed_played":"-189424098797698651","potions_obtained":[{"floor":1.0,"key":"DuplicationPotion"},{"floor":1.0,"key":"AttackPotion"},{"floor":3.0,"key":"Elixir"},{"floor":8.0,"key":"Adrenaline Potion"},{"floor":10.0,"key":"hexamod:SoulburnPotion"},{"floor":11.0,"key":"infinitespire:BlackPotion"},{"floor":13.0,"key":"BlessingOfTheForge"},{"floor":16.0,"key":"Venom Potion"},{"floor":19.0,"key":"Venom Potion"},{"floor":23.0,"key":"Strength Potion"},{"floor":26.0,"key":"champ:UltimateStancePotion"},{"floor":27,"key":"SmokeBomb"},{"floor":36,"key":"Weak Potion"}],"is_trial":false,"path_per_floor":["R_BF","M","M","M","M","R","T","M","E","M","E","R","M","$","M","B",null,"R","M","?","?","$","M","T","E","M","M","NM","R","?","?","M","B",null,"T","?","?","T","?","?","T","?"],"character_chosen":"THE_CHAMP","items_purchased":["Lee\u0027s Waffle","champ:ShieldWall","champ:SetATrap","HandDrill","ReplayTheSpireMod:CursedCoin","champ:ShieldWall","hubris:CuriousFeather","Mummified Hand"],"campfire_rested":1,"item_purchase_floors":[14,14,22,22,38,38,38,38],"current_hp_per_floor":[90,80,80,80,80,80,80,80,68,64,42,42,42,97,97,74,91,91,86,86,86,86,86,86,74,24,12,12,41,41,97,58,16,77,77,66,66,81,35,22,22,0,0,0],"gold":251,"neow_bonus":"HUNDRED_GOLD","is_daily":false,"chose_seed":false,"campfire_upgraded":0,"win_rate":0.0,"timestamp":1612441693,"path_taken":["R_BF","M","M","M","M","R","T","M","E","?","E","R","M","$","M","BOSS","R","M","?","?","$","M","T","E","M","M","NM","R","?","?","M","BOSS","T","?","?","T","?","?","T","?"],"items_purchased_type":["Relic","Card","Card","Relic","Relic","Card","Relic","Relic"],"build_version":"2020-12-22","purchased_purges":0,"victory":false,"max_hp_per_floor":[90,90,90,90,90,90,90,90,90,90,90,90,90,97,97,97,97,97,97,97,97,97,97,97,97,97,97,97,97,97,97,97,97,97,97,97,97,97,97,97,97,97,97,97],"card_choices":[{"not_picked":["champ:FlashCut","champ:CrownThrow"],"picked":"champ:FocusedDefense","floor":2.0},{"not_picked":["champ:EnragedBash","champ:Shatter"],"picked":"champ:CrookedStrike","floor":3.0},{"not_picked":["champ:RageSigil","champ:Haymaker"],"picked":"champ:FanOfKnives","floor":4.0},{"not_picked":["champ:RapidStrikes","champ:EnGarde"],"picked":"champ:Shatter","floor":5.0},{"not_picked":["champ:Backstep","champ:Endure"],"picked":"champ:StanceDance","floor":8.0},{"not_picked":["champ:Encircle","champ:ArenaPreparation"],"picked":"champ:GutPunch","floor":9.0},{"not_picked":["champ:Shatter","champ:CrownThrow"],"picked":"champ:BerserkersShout","floor":10.0},{"not_picked":["champ:PerfectedStrike","champ:RapidStrikes"],"picked":"champ:BringItOn","floor":11.0},{"not_picked":["champ:PreciseThrust","champ:Lariat"],"picked":"champ:BladeFlurry","floor":13.0},{"not_picked":["champ:PreciseThrust","champ:Parry"],"picked":"champ:Lariat","floor":14.0},{"not_picked":["champ:FlashCut","champ:DefensiveShout"],"picked":"champ:ShieldSlam","floor":15.0},{"not_picked":["champ:CheapShot","champ:EnchantSword"],"picked":"champ:HoldFirm","floor":16.0},{"not_picked":["champ:PerfectedStrike+1","champ:StanceDance"],"picked":"champ:BladeFlurry","floor":19.0},{"not_picked":["champ:Endure","champ:FancyFootwork"],"picked":"champ:RisingSlash","floor":22.0},{"not_picked":["champ:Duel+1","champ:ShieldWall"],"picked":"champ:Shatter+1","floor":23.0},{"not_picked":["champ:CrookedStrike","champ:ViciousMockery"],"picked":"champ:GutPunch+1","floor":25.0},{"not_picked":["champ:PerfectedStrike+1","champ:ShieldSigil+1"],"picked":"champ:Duel+1","floor":26.0},{"not_picked":["champ:BladeFlurry+1","champ:Shatter+1"],"picked":"champ:Backstep","floor":27},{"not_picked":["champ:BerserkerStyle","champ:RecklessLeap"],"picked":"champ:HeartStrike","floor":32},{"not_picked":["champ:StrikeOfGenius","champ:EnchantShield"],"picked":"champ:UltimateStance","floor":33},{"not_picked":["champ:HeartStrike","champ:FanOfKnives"],"picked":"champ:FlashCut","floor":36},{"not_picked":["champ:CrownThrow","champ:FlashCut+1"],"picked":"champ:MurderStrike","floor":38},{"not_picked":["champ:DeathBlow+1","champ:SetATrap+1"],"picked":"champ:FancyFootwork+1","floor":39},{"not_picked":["champ:PreemptiveStrike","champ:BerserkersShout"],"picked":"champ:Circumvent","floor":40}],"player_experience":1567015,"relics_obtained":[{"floor":7.0,"key":"Orichalcum"},{"floor":9.0,"key":"Shovel"},{"floor":11.0,"key":"Centennial Puzzle"},{"floor":12.0,"key":"hubris:CrystalStatue"},{"floor":18.0,"key":"Grinning Jar"},{"floor":24.0,"key":"MealTicket"},{"floor":25.0,"key":"Whetstone"},{"floor":35,"key":"Replay:Bottled Eggs"}],"event_choices":[{"cards_removed":["champ:HoldFirm"],"damage_healed":0.0,"max_hp_gain":0.0,"max_hp_loss":0.0,"gold_gain":0.0,"event_name":"betterNote:BetterNote","player_choice":"Take \u0026 Give","floor":20.0,"gold_loss":0.0,"damage_taken":0.0,"cards_obtained":["champ:StrikeOfGenius"]},{"damage_healed":56,"gold_gain":0,"player_choice":"Full Heal","damage_taken":0,"max_hp_gain":0,"max_hp_loss":0,"event_name":"Wheel of Change","floor":31,"gold_loss":0}],"is_beta":false,"boss_relics":[{"not_picked":["Kintsugi","hubris:RunicObelisk"],"picked":"SlaversCollar"},{"not_picked":["Pandora\u0027s Box","Replay:Fungal Core"],"picked":"Painkiller Herb"}],"items_purged_floors":[],"is_endless":false,"potions_floor_spawned":[3,8,10,11,13,16,19,23,26,27,36],"killed_by":"Transient","ascension_level":5}}