{"host":"d73an99q9oevilk5","time":1612472113,"event":{"mods":["2.2 Compatiblity","AchievementEnabler","Act Like it!","Aspiration","BaseMod","Beaked The Cultist","Better Third Choice","BetterRewards","Colored Map","Colored Powertips","Conspire","Downfall","GifTheSpireLib","Halation","Hubris","Infinite Spire","Mimic Mod","Minty Spire (QoL Compilation)","Quick Restart","Relic Sorter","Reliquary","Replay The Spire","Shop Mod","Spikes Relics","StSLib","Stuff the Spire","The Cursed","The Necromancer","The Saiyan","Waifu the Spire","egg","slay the spire mod where everything is the same but ironclad has a cowboy hat"],"gold_per_floor":[116,116,128,28,28,62,62,62,93,119,131,146,146,166,166,265,265,276,67,78,96,115,144,91,91,91,119,143,143,163,180,190,204,204,308,308,327,327,337,337,337,337,371,371,395,410,410,422,48,59,59,59],"floor_reached":53,"language":"ENG","playtime":1835,"items_purged":["Core Surge","beaked:Tradeoff","Regret"],"score":966,"play_id":"114f520f-900d-46f7-b573-de361045dedf","local_time":"20210204135513","is_ascension_mode":false,"campfire_choices":[{"data":"beaked:Ceremony","floor":7.0,"key":"SMITH"},{"data":"beaked:Ceremony","floor":13.0,"key":"SMITH"},{"data":"beaked:Evade","floor":15.0,"key":"SMITH"},{"data":"Blade Dance","floor":29.0,"key":"SMITH"},{"data":"Noxious Fumes","floor":34.0,"key":"SMITH"},{"data":"beaked:AwakenedForm","floor":42,"key":"SMITH"},{"floor":51,"key":"REST"}],"circlet_count":0,"master_deck":["Core Surge+1","beaked:Strike_Y+1","beaked:Strike_Y+1","beaked:Strike_Y","beaked:Strike_Y","beaked:Strike_Y+1","beaked:Strike_Y+1","beaked:Defend_Y","beaked:Defend_Y","beaked:Defend_Y+1","beaked:Defend_Y","beaked:Ceremony+1","beaked:Ceremony+1","beaked:Foresight","beaked:Evade","Scorching Beam","Self Repair","beaked:Evade+1","beaked:Hexing","beaked:AwakenedForm+1","beaked:Foresight","beaked:Brace","beaked:Insight","beaked:Insight","Blade Dance+1","Burst","Terror","Skewer+1","Dagger Spray+1","Noxious Fumes+1","beaked:Foresight+1","beaked:StunningBlow+1","Skewer+1","Malaise","hubris:Rewind","BlessedFruit","BlessedFruit","Dash"],"relics":["beaked:MendingPlumage","Guide Book","reliquary:PorcupineQuills","Counterbalance","StuffTheSpire:RedRose","Whetstone","Replay:Bottled Flurry","Replay:Winged Headress","aspiration:SilentSkillbook","Boot","Ice Cream","ReplayTheSpireMod:Lightbulb","ChewingGum","hubris:Towel","StuffTheSpire:Rhapsscallions","Bronze Scales","Durian","HeavenlyBonsai"],"acts_visited":["Exordium","TheCity","TheBeyond"],"potions_floor_usage":[39,44,48,50],"damage_taken":[{"damage":1.0,"enemies":"conspire:RoseBush","floor":1.0,"turns":3.0},{"damage":0.0,"enemies":"Small Slimes","floor":3.0,"turns":3.0},{"damage":28.0,"enemies":"Replay:BlueRogue","floor":6.0,"turns":4.0},{"damage":23.0,"enemies":"2 Louse","floor":9.0,"turns":8.0},{"damage":38.0,"enemies":"3 Sentries","floor":10.0,"turns":6.0},{"damage":0.0,"enemies":"2 Louse","floor":11.0,"turns":2.0},{"damage":0.0,"enemies":"Looter","floor":12.0,"turns":2.0},{"damage":19.0,"enemies":"Red Slaver","floor":14.0,"turns":5.0},{"damage":10.0,"enemies":"Hexaghost","floor":16.0,"turns":9.0},{"damage":20.0,"enemies":"3 Byrds","floor":18.0,"turns":4.0},{"damage":51.0,"enemies":"2 Thieves","floor":20.0,"turns":4.0},{"damage":12.0,"enemies":"Centurion and Healer","floor":21.0,"turns":6.0},{"damage":25.0,"enemies":"Snake Plant","floor":22.0,"turns":3.0},{"damage":47.0,"enemies":"Gremlin Leader","floor":23.0,"turns":8.0},{"damage":31.0,"enemies":"Book of Stabbing","floor":27.0,"turns":5.0},{"damage":30.0,"enemies":"3 Cultists","floor":30.0,"turns":6.0},{"damage":10.0,"enemies":"Chosen and Byrds","floor":31.0,"turns":3.0},{"damage":17.0,"enemies":"Centurion and Healer","floor":32.0,"turns":5.0},{"damage":12.0,"enemies":"Snake Plant","floor":33.0,"turns":4.0},{"damage":22.0,"enemies":"Automaton","floor":35.0,"turns":5.0},{"damage":18.0,"enemies":"Orb Walker","floor":37.0,"turns":3.0},{"damage":51,"enemies":"3 Darklings","floor":39,"turns":4},{"damage":42,"enemies":"Nemesis","floor":43,"turns":5},{"damage":28,"enemies":"Jaw Worm Horde","floor":46,"turns":2},{"damage":11,"enemies":"Spire Growth","floor":48,"turns":4},{"damage":35,"enemies":"Transient","floor":50,"turns":5},{"damage":45,"enemies":"Time Eater","floor":52,"turns":11}],"seed_played":"1145808992247760742","potions_obtained":[{"floor":6.0,"key":"Weak Potion"},{"floor":11.0,"key":"Fire Potion"},{"floor":14.0,"key":"Elixir"},{"floor":18.0,"key":"Strength Potion"},{"floor":21.0,"key":"Block Potion"},{"floor":23.0,"key":"FairyPotion"},{"floor":30.0,"key":"BlessingOfTheForge"},{"floor":37.0,"key":"champ:CounterPotion"},{"floor":43,"key":"champ:CounterPotion"},{"floor":44,"key":"Fruit Juice"},{"floor":44,"key":"Weak Potion"},{"floor":50,"key":"Energy Potion"}],"is_trial":false,"path_per_floor":["M","?","M","$","?","E","R","?","MIM","E","M","M","R","M","R","B",null,"M","$","M","M","M","E","?","PTL","PTL","E","T","R","M","M","M","M","R","B",null,"M","?","M","?","?","R","E","?","T","M","AVR","M","$","M","R_BF","B",null],"character_chosen":"BEAKED_THE_CULTIST","items_purchased":["Guide Book","reliquary:PorcupineQuills","beaked:Brace","beaked:Insight","HeavenlyBonsai","Dash"],"campfire_rested":1,"item_purchase_floors":[0,0,19,19,49,49],"current_hp_per_floor":[50,40,47,47,47,28,28,28,34,18,26,36,36,35,35,50,50,46,46,20,38,25,19,19,19,19,25,25,25,28,37,45,50,50,50,50,50,50,22,22,22,22,22,27,27,16,21,36,36,38,56,48],"gold":59,"neow_bonus":"","is_daily":false,"chose_seed":false,"campfire_upgraded":6,"win_rate":0.0,"timestamp":1612472113,"path_taken":["M","?","M","$","?","E","R","?","MIM","E","M","M","R","M","R","BOSS","M","$","M","M","M","E","?","PTL","PTL","E","T","R","M","?","M","M","R","BOSS","M","?","?","?","?","R","E","?","T","?","AVR","M","$","M","R_BF","BOSS"],"items_purchased_type":["Relic","Relic","Card","Card","Relic","Card"],"build_version":"2020-12-22","purchased_purges":3,"victory":true,"max_hp_per_floor":[50,50,50,50,50,50,50,50,50,50,50,50,50,50,50,50,50,50,50,50,50,50,50,50,50,50,50,50,50,50,50,50,50,50,50,50,50,50,50,50,50,50,51,56,56,56,61,61,61,62,62,64],"card_choices":[{"not_picked":["beaked:SurvivalInstinct","beaked:Resilience"],"picked":"beaked:Foresight","floor":1.0},{"not_picked":["beaked:Recite","beaked:Flinch"],"picked":"beaked:Evade","floor":3.0},{"not_picked":["beaked:DesperateSwing","beaked:TuckingFeathers","beaked:RitualOfBody"],"picked":"SKIP","floor":6.0},{"not_picked":["ReplayTheSpireMod:Prepare the Ceremony","beaked:Resilience"],"picked":"beaked:Evade","floor":10.0},{"not_picked":["beaked:Tradeoff","beaked:Overpower","beaked:Pecker"],"picked":"SKIP","floor":11.0},{"not_picked":["beaked:LiftOff","beaked:Poke","beaked:Flinch"],"picked":"SKIP","floor":12.0},{"not_picked":["beaked:CursingBlood","beaked:MachineSpirit"],"picked":"beaked:Hexing","floor":14.0},{"not_picked":["beaked:SacrificialScars","beaked:Caw"],"picked":"beaked:AwakenedForm","floor":16.0},{"not_picked":["StuffTheSpire:BrimstoneBlast+1","Flying Knee","beaked:BraceForImpact"],"picked":"beaked:Foresight","floor":18.0},{"not_picked":["Bane","StuffTheSpire:DoubleShiv","beaked:Flinch"],"picked":"StuffTheSpire:Incantation+1","floor":20.0},{"not_picked":["Hidden Blade","Slice+1","beaked:SurvivalInstinct"],"picked":"Blade Dance","floor":21.0},{"not_picked":["Blade Dance","beaked:Tradeoff","Backflip"],"picked":"Burst","floor":22.0},{"not_picked":["beaked:Flinch+1","Dagger Throw","beaked:Molting"],"picked":"Terror","floor":23.0},{"not_picked":["beaked:Replenish+1","Dodge and Roll","Deflect+1"],"picked":"Skewer+1","floor":27.0},{"not_picked":["StuffTheSpire:Shiver","StuffTheSpire:ReptileScales","Infinite Blades"],"picked":"Dagger Spray+1","floor":30.0},{"not_picked":["beaked:MimicHuntress+1","beaked:Redirect","beaked:SurvivalInstinct"],"picked":"Noxious Fumes","floor":31.0},{"not_picked":["Prepared","beaked:SurvivalInstinct","beaked:BraceForImpact"],"picked":"Bane","floor":32.0},{"not_picked":["Masterful Stab","beaked:RitualOfBody","StuffTheSpire:Python","hubris:SlightOfHand"],"picked":"SKIP","floor":33.0},{"not_picked":["StuffTheSpire:DoubleShiv","Predator","Underhanded Strike"],"picked":"beaked:Foresight+1","floor":37.0},{"not_picked":["Acrobatics","beaked:Negation+1","Backflip+1"],"picked":"beaked:StunningBlow+1","floor":39},{"not_picked":["hubris:SlightOfHand+1","Dodge and Roll+1","Concentrate"],"picked":"Skewer+1","floor":43},{"not_picked":["All Out Attack+1","Cloak And Dagger","beaked:HuntressSpirit"],"picked":"Malaise","floor":46},{"not_picked":["Deflect","beaked:WarriorEssence+1","hubris:SlightOfHand+1","StuffTheSpire:Injection+1"],"picked":"SKIP","floor":48},{"not_picked":["StuffTheSpire:Sprint","StuffTheSpire:ClusterCrunch+1","InfectiousVector","beaked:MimicHuntress"],"picked":"SKIP","floor":50}],"player_experience":1815762,"relics_obtained":[{"floor":6.0,"key":"Whetstone"},{"floor":9.0,"key":"Replay:Bottled Flurry"},{"floor":10.0,"key":"Replay:Winged Headress"},{"floor":27.0,"key":"Ice Cream"},{"floor":28.0,"key":"ReplayTheSpireMod:Lightbulb"},{"floor":43,"key":"StuffTheSpire:Rhapsscallions"},{"floor":45,"key":"Bronze Scales"}],"event_choices":[{"damage_healed":50.0,"max_hp_gain":0.0,"max_hp_loss":50.0,"gold_gain":0.0,"event_name":"betterThird:BetterShining","player_choice":"Upgrade","floor":2.0,"gold_loss":0.0,"damage_taken":10.0,"cards_upgraded":["beaked:Strike_Y","beaked:Defend_Y"]},{"damage_healed":0.0,"max_hp_gain":0.0,"max_hp_loss":0.0,"gold_gain":0.0,"event_name":"WeMeetAgain","player_choice":"Paid Gold","floor":24.0,"gold_loss":53.0,"damage_taken":0.0,"relics_obtained":["Boot"]},{"cards_removed":["Bane"],"damage_healed":0.0,"max_hp_gain":0.0,"max_hp_loss":0.0,"gold_gain":0.0,"event_name":"Purifier","player_choice":"Purged","floor":38.0,"gold_loss":0.0,"damage_taken":0.0},{"damage_healed":0,"gold_gain":0,"player_choice":"Leave","damage_taken":0,"max_hp_gain":0,"max_hp_loss":0,"event_name":"conspire:Investor","floor":41,"gold_loss":0},{"damage_healed":0,"gold_gain":0,"player_choice":"Got Potions","damage_taken":0,"max_hp_gain":0,"max_hp_loss":0,"event_name":"Lab","floor":44,"gold_loss":0}],"is_beta":false,"boss_relics":[{"not_picked":["halation:Yufonium","aspiration:RunicSpoon"],"picked":"aspiration:SilentSkillbook"},{"not_picked":["hubris:BlackHole","halation:HeavySnake"],"picked":"ChewingGum"}],"items_purged_floors":[0,4,19],"is_endless":false,"potions_floor_spawned":[6,11,14,18,21,23,30,31,37,43,46,50],"ascension_level":0}}