{"host":"9kesdg97wkrx2bva","time":1612428123,"event":{"mods":["AchievementEnabler","BaseMod","Colored Map","GifTheSpireLib","Infinite Spire","Minty Spire (QoL Compilation)","Replay The Spire","StSLib"],"gold_per_floor":[217,217,230,118,118,118,145,145,145,158,158,158,158,158,184,201,201,279,279,251,251,251,270,316,316,333,333,333],"floor_reached":27,"language":"ENG","playtime":698,"items_purged":["Strike_B","Strike_B"],"score":464,"play_id":"bf3bc0f6-07d0-4cb8-821f-9e998df917d0","local_time":"20210204024203","is_ascension_mode":true,"campfire_choices":[{"data":"Dualcast","floor":6,"key":"SMITH"},{"data":"Gash","floor":8,"key":"SMITH"},{"data":"Gash","floor":13,"key":"SMITH"},{"floor":17,"key":"REST"},{"data":"Pot Of Greed","floor":25,"key":"SMITH"}],"circlet_count":0,"master_deck":["AscendersBane","Defend_B+1","Defend_B+1","Defend_B+1","Zap+1","Dualcast+1","Gash+1","Melter","Gash+1","Glacier+1","Creative AI","Beam Cell","infinitespire:Collect","Pot Of Greed+1","Pot Of Greed","Go for the Eyes"],"relics":["Cracked Core","Happy Flower","Replay:Bottled Eggs","Omamori","Empty Cage","MutagenicStrength","Matryoshka","Grinning Jar","Replay:Rubber Ducky"],"acts_visited":["Exordium","TheCity"],"potions_floor_usage":[15,18,27],"damage_taken":[{"damage":0.0,"enemies":"Cultist","floor":1.0,"turns":3.0},{"damage":1.0,"enemies":"Small Slimes","floor":3.0,"turns":3.0},{"damage":27,"enemies":"3 Sentries","floor":7,"turns":8},{"damage":0,"enemies":"2 Louse","floor":10,"turns":1},{"damage":0,"enemies":"Lagavulin","floor":15,"turns":5},{"damage":1,"enemies":"Exordium Wildlife","floor":16,"turns":4},{"damage":6,"enemies":"Slime Boss","floor":18,"turns":8},{"damage":18,"enemies":"2 Thieves","floor":20,"turns":4},{"damage":2,"enemies":"Chosen","floor":23,"turns":4},{"damage":0,"enemies":"Snecko","floor":26,"turns":6},{"damage":44,"enemies":"Gremlin Leader","floor":27,"turns":7}],"seed_played":"7354774333156532711","potions_obtained":[{"floor":1.0,"key":"FearPotion"},{"floor":10,"key":"Elixir"},{"floor":26,"key":"Explosive Potion"}],"is_trial":false,"path_per_floor":["M","?","M","$","?","R","E","R","T","M","PTL","PTL","R","?","E","M","R","B",null,"M","?","AVR","M","T","R","M","E"],"character_chosen":"DEFECT","items_purchased":["Melter"],"campfire_rested":1,"item_purchase_floors":[4],"current_hp_per_floor":[64,57,56,56,56,56,29,29,29,29,29,29,29,29,29,28,49,43,64,46,46,46,44,44,44,44,0,0],"gold":333,"neow_bonus":"HUNDRED_GOLD","is_daily":false,"chose_seed":false,"campfire_upgraded":4,"win_rate":0.0,"timestamp":1612428123,"path_taken":["M","?","M","$","?","R","E","R","T","?","PTL","PTL","R","?","E","M","R","BOSS","M","?","AVR","M","?","R","M","E"],"items_purchased_type":["Card"],"build_version":"2020-12-22","purchased_purges":2,"victory":false,"max_hp_per_floor":[71,71,71,71,71,71,71,71,71,71,71,71,71,71,71,71,71,71,71,71,71,71,71,71,71,71,71,71],"card_choices":[{"not_picked":["ReplayTheSpireMod:Repulse","Chill"],"picked":"Leap","floor":1.0},{"not_picked":["Turbo","Rebound"],"picked":"Gash","floor":3.0},{"not_picked":["Machine Learning","Force Field"],"picked":"Gash","floor":7},{"not_picked":["BasicCrystalCard","Steam","ReplayTheSpireMod:Repulse"],"picked":"SKIP","floor":10},{"not_picked":["Consume","Multi-Cast","Panic Button"],"picked":"SKIP","floor":15},{"not_picked":["Sweeping Beam","ReplayTheSpireMod:GoodbyeWorld","Redo"],"picked":"SKIP","floor":16},{"not_picked":["Machine Learning","ReplayRNGCard"],"picked":"Creative AI","floor":18},{"not_picked":["Coolheaded","ReplayTheSpireMod:Repulse"],"picked":"Beam Cell","floor":20},{"not_picked":["Steam Power","Sweeping Beam","Turbo"],"picked":"SKIP","floor":23},{"not_picked":["Stack","Undo"],"picked":"Go for the Eyes","floor":26}],"player_experience":1007058,"relics_obtained":[{"floor":7,"key":"Happy Flower"},{"floor":9,"key":"Replay:Bottled Eggs"},{"floor":15,"key":"Omamori"},{"floor":24,"key":"Grinning Jar"},{"floor":24,"key":"Replay:Rubber Ducky"}],"event_choices":[{"cards_removed":["Defend_B"],"damage_healed":0.0,"max_hp_gain":0.0,"max_hp_loss":0.0,"gold_gain":0.0,"event_name":"Golden Wing","player_choice":"Card Removal","floor":2.0,"gold_loss":0.0,"damage_taken":7.0},{"damage_healed":0,"gold_gain":0,"player_choice":"Upgraded","damage_taken":0,"max_hp_gain":0,"max_hp_loss":0,"event_name":"Upgrade Shrine","floor":5,"gold_loss":0,"cards_upgraded":["Zap"]},{"damage_healed":0,"gold_gain":0,"player_choice":"Inject Mutagens","damage_taken":0,"relics_obtained":["MutagenicStrength"],"max_hp_gain":0,"max_hp_loss":0,"event_name":"Drug Dealer","floor":21,"gold_loss":0}],"is_beta":false,"boss_relics":[{"not_picked":["Velvet Choker","Calling Bell"],"picked":"Empty Cage"}],"items_purged_floors":[4,22],"is_endless":false,"potions_floor_spawned":[1,10,26],"killed_by":"Gremlin Leader","ascension_level":18}}