{"host":"aapp7ew3jk5k1bvd","time":1612443304,"event":{"mods":["AchievementEnabler","BaseMod","Colored Map","Minty Spire (QoL Compilation)","Permanent Neow","StSLib","SuperFastMode"],"gold_per_floor":[119,138,10,10,26,51,51,70,70,70,20,20,20,38,38,38,38],"floor_reached":16,"language":"KOR","playtime":340,"items_purged":["Strike_G"],"score":185,"play_id":"2d1a02e9-5e05-4357-9a5f-885618f16302","local_time":"20210204215504","is_ascension_mode":true,"campfire_choices":[{"floor":7,"key":"REST"},{"data":"1","floor":13,"key":"LIFT"},{"floor":15,"key":"REST"}],"circlet_count":0,"master_deck":["AscendersBane","Strike_G","Strike_G+1","Strike_G","Defend_G","Defend_G","Defend_G","Defend_G","Defend_G","Survivor","Neutralize","Cloak And Dagger","Cloak And Dagger+1","Cloak And Dagger","Cloak And Dagger"],"relics":["Ring of the Snake","Mango","Mummified Hand","Girya"],"acts_visited":["Exordium"],"potions_floor_usage":[6,16],"damage_taken":[{"damage":0,"enemies":"Jaw Worm","floor":1,"turns":7},{"damage":0,"enemies":"Small Slimes","floor":2,"turns":6},{"damage":0,"enemies":"Cultist","floor":5,"turns":4},{"damage":31,"enemies":"Lagavulin","floor":6,"turns":9},{"damage":0,"enemies":"2 Fungi Beasts","floor":8,"turns":3},{"damage":7,"enemies":"Large Slime","floor":14,"turns":10},{"damage":21,"enemies":"The Guardian","floor":16,"turns":3}],"seed_played":"889867493360632047","potions_obtained":[{"floor":1,"key":"Poison Potion"},{"floor":8,"key":"ColorlessPotion"}],"is_trial":false,"path_per_floor":["M","M","$","?","M","E","R","M","T","?","?","$","R","M","R","B"],"character_chosen":"THE_SILENT","items_purchased":["Cloak And Dagger"],"campfire_rested":2,"item_purchase_floors":[3],"current_hp_per_floor":[59,59,59,42,42,11,36,36,36,36,36,36,36,29,54,33,33],"gold":38,"neow_bonus":"ONE_RARE_RELIC","is_daily":false,"chose_seed":false,"campfire_upgraded":0,"win_rate":0.0,"timestamp":1612443304,"path_taken":["M","M","$","?","M","E","R","M","T","?","?","$","R","M","R","BOSS"],"items_purchased_type":["Card"],"build_version":"2020-12-22","purchased_purges":1,"victory":false,"max_hp_per_floor":[84,84,84,84,84,84,84,84,84,84,84,84,84,84,84,84,84],"card_choices":[{"not_picked":["All Out Attack","Crippling Poison"],"picked":"Cloak And Dagger","floor":1},{"not_picked":["Bane","Backflip","Skewer"],"picked":"SKIP","floor":2},{"not_picked":["Prepared","Deflect"],"picked":"Cloak And Dagger","floor":5},{"not_picked":["Underhanded Strike","Prepared","Outmaneuver"],"picked":"SKIP","floor":6},{"not_picked":["Dagger Throw","Bane","Underhanded Strike"],"picked":"SKIP","floor":8},{"not_picked":["Blur","Flying Knee"],"picked":"Cloak And Dagger","floor":14}],"player_experience":1313860,"relics_obtained":[{"floor":6,"key":"Mummified Hand"},{"floor":9,"key":"Girya"}],"event_choices":[{"damage_healed":0,"gold_gain":0,"player_choice":"Entered Light","damage_taken":17,"max_hp_gain":0,"max_hp_loss":0,"event_name":"Shining Light","floor":4,"gold_loss":0,"cards_upgraded":["Strike_G","Cloak And Dagger"]},{"damage_healed":0,"gold_gain":0,"player_choice":"Ignored","damage_taken":0,"max_hp_gain":0,"max_hp_loss":0,"event_name":"Liars Game","floor":10,"gold_loss":0},{"cards_removed":["Strike_G"],"damage_healed":0,"gold_gain":0,"player_choice":"Card Removal","damage_taken":0,"max_hp_gain":0,"max_hp_loss":0,"event_name":"The Cleric","floor":11,"gold_loss":50}],"is_beta":false,"boss_relics":[],"items_purged_floors":[3],"is_endless":false,"potions_floor_spawned":[1,8],"killed_by":"The Guardian","ascension_level":12}}