{"host":"lq2h7q9ca6uwu60x","time":1612418290,"event":{"mods":["Act Like it!","BaseMod","Gensokyo","Minty Spire (QoL Compilation)","StSLib","The Animator"],"gold_per_floor":[290,290,311,333,368,368,368,368,414,414,437,211,228,267,267,381,381,407,435,2,2,22,22,32,32],"floor_reached":24,"language":"ZHS","playtime":1370,"items_purged":["animator:Strike"],"score":232,"play_id":"8422a0d4-66d5-4beb-997c-3993eb859862","local_time":"20210204135810","is_ascension_mode":true,"campfire_choices":[{"data":"animator:Shuna","floor":6.0,"key":"SMITH"},{"floor":8.0,"key":"RECALL"},{"data":"animator:Vesta","floor":15.0,"key":"SMITH"},{"data":"animator:AcuraShin","floor":23,"key":"SMITH"}],"circlet_count":0,"master_deck":["animator:Strike_Kancolle","animator:Defend_Kancolle","animator:Viivi","animator:Shuna+1","animator:Vesta+1","animator:Boros","animator:AcuraShin+1","animator:Rimuru","animator:Vesta","animator:Shion","animator:Rimuru","Gensokyo:TarnishedGold","Gensokyo:Shovel","animator:Guy"],"relics":["animator:TheMissingPiece","Runic Dome","Strawberry","Gensokyo:PortableGap","animator:Buoy","TheAbacus","Tiny Chest","animator:RacePiece","Medical Kit","TwistedFunnel","Juzu Bracelet"],"acts_visited":["Exordium","Gensokyo:Gensokyo"],"potions_floor_usage":[22],"damage_taken":[{"damage":2.0,"enemies":"Gensokyo:2_Kodama","floor":1.0,"turns":4.0},{"damage":0.0,"enemies":"Gensokyo:Gryphon","floor":3.0,"turns":3.0},{"damage":0.0,"enemies":"Gensokyo:3_Fairies","floor":4.0,"turns":3.0},{"damage":9.0,"enemies":"Gensokyo:Kitsune","floor":5.0,"turns":3.0},{"damage":0.0,"enemies":"Gensokyo:CorruptedTreant","floor":13.0,"turns":3.0},{"damage":0.0,"enemies":"Gensokyo:Aya","floor":14.0,"turns":6.0},{"damage":3.0,"enemies":"Gensokyo:Kokoro","floor":16.0,"turns":11.0},{"damage":10.0,"enemies":"Gensokyo:3_Dogs","floor":18.0,"turns":6.0},{"damage":3.0,"enemies":"Gensokyo:Chomper","floor":19.0,"turns":4.0},{"damage":39,"enemies":"Gensokyo:Slime_Group","floor":22,"turns":6},{"damage":33,"enemies":"Gensokyo:Swordslinger","floor":24,"turns":2}],"seed_played":"-724662034227446044","potions_obtained":[{"floor":3.0,"key":"DistilledChaos"},{"floor":5.0,"key":"EntropicBrew"},{"floor":13.0,"key":"Weak Potion"},{"floor":22,"key":"LiquidMemories"}],"is_trial":false,"path_per_floor":["M","?","M","M","M","R","?","R","T","?","T","$","M","E","R","B",null,"M","M","COS","?","M","R","M"],"character_chosen":"THE_ANIMATOR","items_purchased":["TheAbacus"],"campfire_rested":0,"item_purchase_floors":[12],"current_hp_per_floor":[64,61,61,61,52,52,52,52,52,26,26,26,27,27,27,31,65,61,63,63,63,30,30,0,0],"gold":32,"neow_bonus":"BOSS_RELIC","is_daily":false,"chose_seed":false,"campfire_upgraded":3,"win_rate":0.0,"timestamp":1612418290,"path_taken":["M","?","M","M","?","R","?","R","T","?","?","?","?","E","R","BOSS","M","M","COS","?","?","R","?"],"items_purchased_type":["Relic"],"build_version":"2020-12-22","purchased_purges":1,"victory":false,"max_hp_per_floor":[66,73,73,73,73,73,66,66,66,66,66,66,64,64,64,65,65,65,65,65,65,65,62,62,62],"card_choices":[{"not_picked":["animator:Ciel","animator:PandorasActor"],"picked":"animator:Viivi","floor":1.0},{"not_picked":["animator:IrohaTamaki","animator:Raven","animator:SilverFang"],"picked":"SKIP","floor":3.0},{"not_picked":["animator:IrohaTamaki","animator:LizardPriest","animator:SilverFang"],"picked":"SKIP","floor":4.0},{"not_picked":["animator:Hakurou","animator:Benimaru"],"picked":"animator:Shuna","floor":5.0},{"not_picked":["animator:Elsword","animator:SuzuneAmano"],"picked":"animator:Vesta","floor":13.0},{"not_picked":["animator:Spearman","animator:Priestess"],"picked":"animator:Boros","floor":14.0},{"not_picked":["animator:HomuraAkemi","animator:Saitama"],"picked":"animator:AcuraShin","floor":16.0},{"not_picked":["animator:HighElfArcher","animator:CowGirl","animator:PandorasActor"],"picked":"SKIP","floor":18.0},{"not_picked":["animator:Vesta","animator:Millim"],"picked":"animator:Rimuru","floor":19.0},{"not_picked":["animator:Hakurou","animator:Albedo","animator:Rena"],"picked":"SKIP","floor":22}],"player_experience":797110,"relics_obtained":[{"floor":11.0,"key":"animator:Buoy"},{"floor":14.0,"key":"Tiny Chest"}],"event_choices":[],"is_beta":false,"boss_relics":[{"not_picked":["SacredBark","Cursed Key"],"picked":"animator:RacePiece"}],"items_purged_floors":[12],"is_endless":false,"potions_floor_spawned":[3,5,13,22],"killed_by":"Gensokyo:Swordslinger","ascension_level":1}}