{"host":"l5zfpd2l2htson6l","time":1612474849,"event":{"mods":["AchievementEnabler","BaseMod","Colored Map","Colored Powertips","Minty Spire (QoL Compilation)","Permanent Neow","Quick Restart","Rare Cards Sparkle","Relic Stats","SuperFastMode"],"gold_per_floor":[113,124,124,139,139,139,170,170,170,15,50,50,50,66,66,137,137,151,151,151,171,191,191,191,191],"floor_reached":24,"language":"ENG","playtime":888,"items_purged":["Strike_R"],"score":408,"play_id":"36114e1d-5e81-4022-a335-eb8a17a61f4e","local_time":"20210204134049","is_ascension_mode":true,"campfire_choices":[{"data":"Wild Strike","floor":6.0,"key":"SMITH"},{"floor":8.0,"key":"REST"},{"floor":13.0,"key":"REST"},{"data":"Evolve","floor":15.0,"key":"SMITH"},{"data":"Feed","floor":23.0,"key":"SMITH"}],"circlet_count":0,"master_deck":["AscendersBane","Strike_R","Strike_R","Defend_R","Defend_R","Defend_R","Defend_R","Bash","Demon Form","Wild Strike+1","Evolve+1","Disarm","Carnage","Bloodletting+1","Reckless Charge","Feed+1","Clothesline+1","Ghostly","Ghostly","Ghostly","Havoc"],"relics":["Burning Blood","The Courier","Happy Flower","Darkstone Periapt","Mark of Pain"],"acts_visited":["Exordium","TheCity"],"potions_floor_usage":[],"damage_taken":[{"damage":13.0,"enemies":"Small Slimes","floor":1.0,"turns":6.0},{"damage":6.0,"enemies":"Cultist","floor":2.0,"turns":4.0},{"damage":16.0,"enemies":"Jaw Worm","floor":4.0,"turns":4.0},{"damage":30.0,"enemies":"Lagavulin","floor":7.0,"turns":7.0},{"damage":31.0,"enemies":"3 Sentries","floor":11.0,"turns":7.0},{"damage":11.0,"enemies":"Blue Slaver","floor":14.0,"turns":4.0},{"damage":13.0,"enemies":"Slime Boss","floor":16.0,"turns":7.0},{"damage":46.0,"enemies":"Spheric Guardian","floor":18.0,"turns":6.0},{"damage":5.0,"enemies":"Shell Parasite","floor":21.0,"turns":5.0},{"damage":2.0,"enemies":"Centurion and Healer","floor":22.0,"turns":6.0},{"damage":27,"enemies":"Book of Stabbing","floor":24,"turns":4}],"seed_played":"-4268021011421973758","potions_obtained":[{"floor":2.0,"key":"Explosive Potion"}],"is_trial":false,"path_per_floor":["M","M","?","M","?","R","E","R","T","$","E","?","R","M","R","B",null,"M","?","?","M","M","R","E"],"character_chosen":"IRONCLAD","items_purchased":["LiquidMemories","Bloodletting"],"campfire_rested":2,"item_purchase_floors":[10,10],"current_hp_per_floor":[61,61,61,51,44,44,20,40,40,40,15,15,35,30,30,23,57,17,17,17,18,25,25,0,0],"gold":191,"neow_bonus":"THREE_RARE_CARDS","is_daily":false,"chose_seed":false,"campfire_upgraded":3,"win_rate":0.0,"timestamp":1612474849,"path_taken":["M","M","?","?","?","R","E","R","T","$","E","?","R","M","R","BOSS","M","?","?","M","M","R","E"],"items_purchased_type":["Potion","Card"],"build_version":"2020-12-22","purchased_purges":1,"victory":false,"max_hp_per_floor":[68,68,68,68,68,68,68,68,68,68,68,68,68,68,68,68,68,68,34,34,34,37,37,37,37],"relic_stats":{"Darkstone Periapt":0,"Happy Flower":[13],"counters":[11,60],"obtain_stats":[{"Darkstone Periapt":11,"Happy Flower":9,"The Courier":7,"Mark of Pain":17,"Burning Blood":0},{"Darkstone Periapt":5,"Happy Flower":4,"The Courier":4,"Mark of Pain":7,"Burning Blood":0},{"Darkstone Periapt":28,"Happy Flower":21,"The Courier":21,"Mark of Pain":39,"Burning Blood":0}],"Burning Blood":60},"card_choices":[{"not_picked":["Barricade","Brutality"],"picked":"Demon Form","floor":0.0},{"not_picked":["Clash","Armaments"],"picked":"Wild Strike","floor":1.0},{"not_picked":["Clash","Cleave"],"picked":"Evolve","floor":2.0},{"not_picked":["Body Slam","Flex"],"picked":"Disarm","floor":4.0},{"not_picked":["Havoc","Corruption"],"picked":"Carnage","floor":7.0},{"not_picked":["Bloodletting","Perfected Strike","Iron Wave"],"picked":"SKIP","floor":11.0},{"not_picked":["Sword Boomerang","True Grit"],"picked":"Reckless Charge","floor":14.0},{"not_picked":["Barricade","Bludgeon"],"picked":"Feed","floor":16.0},{"not_picked":["Heavy Blade","Cleave"],"picked":"Clothesline+1","floor":18.0},{"not_picked":["Heavy Blade","Clothesline","Searing Blow"],"picked":"SKIP","floor":21.0},{"not_picked":["Wild Strike","Heavy Blade"],"picked":"Havoc","floor":22.0}],"player_experience":890410,"relics_obtained":[{"floor":7.0,"key":"The Courier"},{"floor":9.0,"key":"Happy Flower"},{"floor":11.0,"key":"Darkstone Periapt"}],"event_choices":[{"damage_healed":0.0,"max_hp_gain":0.0,"max_hp_loss":0.0,"gold_gain":0.0,"event_name":"Match and Keep!","player_choice":"0 cards matched","floor":3.0,"gold_loss":0.0,"damage_taken":0.0,"cards_obtained":[]},{"cards_removed":["Strike_R"],"damage_healed":0.0,"max_hp_gain":0.0,"max_hp_loss":0.0,"gold_gain":0.0,"event_name":"Golden Wing","player_choice":"Card Removal","floor":5.0,"gold_loss":0.0,"damage_taken":7.0},{"damage_healed":0.0,"max_hp_gain":0.0,"max_hp_loss":0.0,"gold_gain":0.0,"event_name":"Living Wall","player_choice":"Grow","floor":12.0,"gold_loss":0.0,"damage_taken":0.0,"cards_upgraded":["Bloodletting"]},{"damage_healed":0.0,"max_hp_gain":0.0,"max_hp_loss":34.0,"gold_gain":0.0,"event_name":"Ghosts","player_choice":"Became a Ghost","floor":19.0,"gold_loss":0.0,"damage_taken":0.0,"cards_obtained":["Ghostly","Ghostly","Ghostly"]},{"cards_removed":["Strike_R"],"damage_healed":0.0,"max_hp_gain":0.0,"max_hp_loss":0.0,"gold_gain":0.0,"event_name":"Bonfire Elementals","player_choice":"Offered Basic","floor":20.0,"gold_loss":0.0,"damage_taken":0.0}],"is_beta":false,"boss_relics":[{"not_picked":["Astrolabe","SacredBark"],"picked":"Mark of Pain"}],"items_purged_floors":[10],"is_endless":false,"potions_floor_spawned":[2,11,18],"killed_by":"Book of Stabbing","ascension_level":20}}