{"host":"8z0h4areh8sio1k0","time":1612422121,"event":{"mods":["Aspiration","BaseMod","Colored Map","Conspire","Hubris","Infinite Spire","Minty Spire (QoL Compilation)","Replay The Spire","StSLib","TestMod","The Bug Knight"],"gold_per_floor":[119,119,44,64,75,75,101,114,137,150,166,166,195,245,245,321,321,334,90,108,108,108],"floor_reached":21,"language":"ZHS","playtime":577,"items_purged":["Atom Bomb"],"score":382,"play_id":"29735d3a-c465-422f-aa63-a04ca8612d0f","local_time":"20210204150201","is_ascension_mode":true,"campfire_choices":[{"data":"conspire:DoublingDagger","floor":6,"key":"SMITH"},{"data":"Self Repair","floor":12,"key":"SMITH"},{"data":"Zap","floor":15,"key":"SMITH"}],"circlet_count":0,"master_deck":["AscendersBane","Strike_B","Strike_B","Defend_B","Defend_B","Defend_B","Zap+1","Dualcast","Riddle With Holes+1","conspire:DoublingDagger+1","Self Repair+1","Hologram","Coolheaded","Biased Cognition+1","FIFO Queue","Ball Lightning"],"relics":["Cracked Core","testmod-TestBox","NeowsBlessing","testmod-RealStoneCalender","Pondfish Scales","Replay:Mystery Machine","Pear","Philosopher\u0027s Stone","Guide Book"],"acts_visited":["Exordium","TheCity"],"potions_floor_usage":[11,13,16,21],"damage_taken":[{"damage":0,"enemies":"Small Slimes","floor":1,"turns":1},{"damage":0,"enemies":"Cultist","floor":4,"turns":1},{"damage":0,"enemies":"2 Louse","floor":5,"turns":1},{"damage":25,"enemies":"Lagavulin","floor":7,"turns":5},{"damage":14,"enemies":"Lots of Slimes","floor":8,"turns":3},{"damage":7,"enemies":"Looter","floor":10,"turns":2},{"damage":2,"enemies":"2 Fungi Beasts","floor":11,"turns":3},{"damage":13,"enemies":"3 Sentries","floor":13,"turns":4},{"damage":6,"enemies":"Slime Boss","floor":16,"turns":6},{"damage":24,"enemies":"Shell Parasite","floor":18,"turns":4},{"damage":34,"enemies":"2 Thieves","floor":20,"turns":4},{"damage":41,"enemies":"Snake Plant","floor":21,"turns":2}],"seed_played":"2556281048900526810","potions_obtained":[{"floor":4,"key":"Dexterity Potion"},{"floor":10,"key":"Weak Potion"},{"floor":11,"key":"SpeedPotion"},{"floor":16,"key":"PotionOfCapacity"},{"floor":18,"key":"Milkshake"},{"floor":20,"key":"FocusPotion"}],"is_trial":false,"path_per_floor":["M","?","$","M","M","R","E","M","T","M","M","R","E","?","R","B",null,"M","$","M","M"],"character_chosen":"DEFECT","items_purchased":["FIFO Queue","Guide Book"],"campfire_rested":0,"item_purchase_floors":[19,19],"current_hp_per_floor":[64,64,64,64,64,64,46,39,39,39,44,44,51,51,51,55,75,61,61,37,0,0],"gold":108,"neow_bonus":"THREE_ENEMY_KILL","is_daily":false,"chose_seed":false,"campfire_upgraded":3,"win_rate":0.0,"timestamp":1612422121,"path_taken":["M","?","$","M","M","R","E","M","T","?","M","R","E","?","R","BOSS","M","$","M","M"],"items_purchased_type":["Card","Relic"],"build_version":"2020-12-22","purchased_purges":1,"victory":false,"max_hp_per_floor":[71,71,71,71,71,71,71,71,71,71,71,71,81,81,81,81,81,81,81,81,81,81],"card_choices":[{"not_picked":["Compile Driver","Leap","Streamline"],"picked":"SKIP","floor":1},{"not_picked":["Hologram","Hello World"],"picked":"Self Repair","floor":4},{"not_picked":["ReplaySolidLightProjector","Conserve Battery","ReplayTheSpireMod:Dual Polarity"],"picked":"SKIP","floor":5},{"not_picked":["Rebound","Loop","Chill"],"picked":"SKIP","floor":7},{"not_picked":["FTL","BasicCrystalCard","hubris:SpecializedCircuitry"],"picked":"SKIP","floor":8},{"not_picked":["Compile Driver","Coolheaded","Reprogram"],"picked":"SKIP","floor":10},{"not_picked":["Sunder","Cold Snap"],"picked":"Hologram","floor":11},{"not_picked":["BasicCrystalCard","Redo"],"picked":"Coolheaded","floor":13},{"not_picked":["ReplayTheSpireMod:Fabricate Wheel","Reboot"],"picked":"Biased Cognition","floor":16},{"not_picked":["Go for the Eyes","Double Energy","hubris:PowerSurge"],"picked":"SKIP","floor":18},{"not_picked":["Compile Driver","Barrage"],"picked":"Ball Lightning","floor":20}],"player_experience":498537,"relics_obtained":[{"floor":7,"key":"Pondfish Scales"},{"floor":9,"key":"Replay:Mystery Machine"},{"floor":13,"key":"Pear"}],"event_choices":[{"damage_healed":0,"gold_gain":50,"player_choice":"Pray","damage_taken":0,"max_hp_gain":0,"max_hp_loss":0,"event_name":"Golden Shrine","floor":14,"gold_loss":0}],"is_beta":false,"boss_relics":[{"not_picked":["hubris:RunicObelisk","hubris:ScarierMask"],"picked":"Philosopher\u0027s Stone"}],"items_purged_floors":[3],"is_endless":false,"potions_floor_spawned":[4,10,11,16,18,20],"killed_by":"Snake Plant","ascension_level":20}}