{"host":"0j5ml7gapyeeikhl","time":1612429397,"event":{"mods":["AchievementEnabler","Act Like it!","Arknights","BaseMod","Better Note","Better Third Choice","Colored Map","Colored Powertips","DeckTracker","Defuse TimeMaze Blight","Disable Question Mark Monsters","Displayed Cursed Tome","Elementarium","Friendly Minions","Hyrulean Relics","Minty Spire (QoL Compilation)","Pale of the Ancients","Permanent Neow","ReimuÅiîé??öÎÅj","Shop Mod","Spicy Shops","StSLib","Transform Curses","Wandering Minibosses"],"gold_per_floor":[117,117,117,128,78,110,110,110,110,77,112,112,112,131,131,234,234,246,246,3,13,13,39,70,102,102,102,13,13,13,13,13,111,111,123,1,1,0,19,51,105,105,130,130,143,143,193,193,193,193,213,226,226,253,253,269,269,269,269,269],"floor_reached":61,"language":"ENG","playtime":4013,"items_purged":["Elementarium:StickyTar"],"score":1557,"play_id":"8266b770-a8fe-4710-a9a8-327fef993427","local_time":"20210204020317","daily_mods":["Vintage","Heirloom","Time Dilation","Flight"],"is_ascension_mode":false,"campfire_choices":[{"floor":7,"key":"REST"},{"data":"NB:ReiMu","floor":8,"key":"SMITH"},{"floor":12,"key":"REST"},{"data":"Defend_Lin:ReiMu","floor":15,"key":"SMITH"},{"floor":29,"key":"REST"},{"data":"YinYangSange:ReiMu","floor":32,"key":"SMITH"},{"data":"DependentForm:ReiMu","floor":42,"key":"SMITH"},{"data":"Elementarium:GildedStrike","floor":49,"key":"SMITH"},{"data":"Elementarium:GildedStrike","floor":55,"key":"SMITH"},{"data":"Elementarium:GildedStrike","floor":57,"key":"SMITH"}],"circlet_count":0,"master_deck":["Defend_Lin:ReiMu+1","Defend_Lin:ReiMu","Defend_Lin:ReiMu","Defend_Lin:ReiMu","NB:ReiMu+1","Stagnation:ReiMu","Meditation:ReiMu+1","RainPray2:ReiMu+1","CareerPray:ReiMu+1","CardOfSanctity:ReiMu+1","DependentForm:ReiMu+1","LearningPray:ReiMu+1","YinYangSange:ReiMu+1","SpreadBorder2:ReiMu+1","Amulet:ReiMu+1","Elementarium:GildedStrike+1","Elementarium:GildedStrike+1","Elementarium:GildedStrike+1","Elementarium:GildedStrike","Elementarium:GildedStrike","KamiRite:ReiMu+1","SafetyPray:ReiMu+1","Madness+1","Madness+1","SubcavityInstant:ReiMu+1","CleanRite:ReiMu+1","Jack Of All Trades+1","FoulBorder2:ReiMu+1","wanderingMiniBosses:FinaleOfPromise+1"],"relics":["FlyPower:ReiMu","Salt:ReiMu","Matryoshka","Happy Flower","WarpedTongs","Toxic Egg 2","zeldaRelics:CourageTriforce","zeldaRelics:WisdomTriforce","Strawberry","SlaversCollar","FossilizedHelix","Mercury Hourglass","Elementarium:FlickeringLantern","zeldaRelics:PowerTriforce","Vajra","Elementarium:ElementariumTrophy","RedLine:ReiMu","Tiny Chest","Elementarium:GoldenMirage","Art of War","Mummified Hand","TungstenRod","Bag of Marbles","Frozen Egg 2","Orichalcum","Pocketwatch","Gambling Chip","paleoftheancients:Timepiece","Bronze Scales","CultistMask","paleoftheancients:SoulOfTheShowman","wanderingMiniBosses:Blackblade","FadedRune:ReiMu","StoneCalendar","Oddly Smooth Stone","Toy Ornithopter","Dead Branch"],"acts_visited":["Exordium","Elementarium:Elementarium","TheBeyond","paleoftheancients:PaleOfTheAncients"],"potions_floor_usage":[6,6,16,39,50],"damage_taken":[{"damage":2,"enemies":"2 Louse","floor":1,"turns":4},{"damage":10,"enemies":"Cultist","floor":4,"turns":4},{"damage":9,"enemies":"Lagavulin","floor":6,"turns":8},{"damage":25,"enemies":"Gremlin Nob","floor":11,"turns":7},{"damage":0,"enemies":"Jaw Worm","floor":14,"turns":6},{"damage":19,"enemies":"Slime Boss","floor":16,"turns":11},{"damage":0,"enemies":"Elementarium:MUD_AND_TAR_GOLEMS","floor":18,"turns":4},{"damage":5,"enemies":"Elementarium:2_ELEMENTALS","floor":21,"turns":3},{"damage":0,"enemies":"Elementarium:ElementalPortal","floor":23,"turns":6},{"damage":9,"enemies":"Elementarium:FIRE_NOBILITY","floor":24,"turns":5},{"damage":6,"enemies":"Elementarium:ElementalPortal","floor":25,"turns":5},{"damage":0,"enemies":"Elementarium:GolemEmperor","floor":33,"turns":4},{"damage":0,"enemies":"3 Shapes","floor":35,"turns":2},{"damage":0,"enemies":"Orb Walker","floor":39,"turns":2},{"damage":0,"enemies":"Giant Head","floor":40,"turns":5},{"damage":0,"enemies":"2 Orb Walkers","floor":41,"turns":3},{"damage":0,"enemies":"Jaw Worm Horde","floor":45,"turns":2},{"damage":0,"enemies":"Mind Bloom Boss Battle","floor":47,"turns":4},{"damage":17,"enemies":"Time Eater","floor":50,"turns":7},{"damage":0,"enemies":"Time Eater","floor":51,"turns":6},{"damage":0,"enemies":"Time Eater","floor":52,"turns":2},{"damage":0,"enemies":"Time Eater","floor":56,"turns":4},{"damage":0,"enemies":"paleoftheancients:N","floor":60,"turns":4}],"seed_played":"-1518416385060311969","potions_obtained":[{"floor":1,"key":"GamblersBrew"},{"floor":4,"key":"MagicPotion:ReiMu"},{"floor":6,"key":"Explosive Potion"},{"floor":23,"key":"Regen Potion"},{"floor":25,"key":"FearPotion"},{"floor":33,"key":"Ancient Potion"},{"floor":41,"key":"LiquidBronze"},{"floor":47,"key":"AttackPotion"},{"floor":51,"key":"BlessingOfTheForge"}],"is_trial":true,"path_per_floor":["M","?","?","M","?","E","R","R","T","$","E","R","?","M","R","B",null,"M","?","$","M","?","E","E","E","T","?","?","R","$","?","R","B",null,"M","$","?","?","M","E","?","R","T","T","M","?","?","T","R","B","M","M","?","T","R","M","R","T","?","B",null],"character_chosen":"REIMU","items_purchased":["RainPray2:ReiMu+1","DependentForm:ReiMu","LearningPray:ReiMu+1","SafetyPray:ReiMu+1"],"campfire_rested":3,"item_purchase_floors":[10,20,20,36],"current_hp_per_floor":[63,56,56,46,46,37,56,56,56,56,31,50,50,57,57,38,72,72,72,72,67,67,67,58,52,52,34,34,55,55,55,55,55,72,72,72,63,63,63,63,63,63,63,63,63,63,63,63,63,72,72,72,72,72,72,72,72,72,72,72],"gold":269,"neow_bonus":"","is_daily":false,"chose_seed":false,"campfire_upgraded":7,"win_rate":0.0,"timestamp":1612429397,"path_taken":["M","?","?","?","?","E","R","R","T","$","E","R","?","?","R","BOSS","M","?","$","M","?","E","E","E","T","?","?","R","$","?","R","BOSS","M","$","?","?","M","E","?","R","T","?","?","?","?","?","R","BOSS","M","M","?","T","R","M","R","T","?","BOSS"],"items_purchased_type":["Card","Card","Card","Card"],"build_version":"2020-12-22","purchased_purges":1,"victory":true,"max_hp_per_floor":[65,65,65,65,65,65,65,65,65,65,65,65,65,72,72,72,72,72,72,72,72,72,72,72,72,72,72,72,72,72,72,72,72,72,72,72,72,72,72,72,72,72,72,72,72,72,72,72,72,72,72,72,72,72,72,72,72,72,72,72],"card_choices":[{"not_picked":["NineCharacters:ReiMu","RainPray2:ReiMu+1"],"picked":"Meditation:ReiMu+1","floor":6},{"not_picked":["EmergencyTakeOff:ReiMu+1","SubAcupoint:ReiMu"],"picked":"CareerPray:ReiMu+1","floor":11},{"not_picked":["PrayRite:ReiMu+1","Free:ReiMu+1"],"picked":"CardOfSanctity:ReiMu+1","floor":16},{"not_picked":["Mountainwind:ReiMu+1","EmergencyTakeOff:ReiMu+1"],"picked":"YinYangSange:ReiMu","floor":23},{"not_picked":["Free:ReiMu+1","OrbThrow:ReiMu"],"picked":"SpreadBorder2:ReiMu+1","floor":24},{"not_picked":["CareerPray:ReiMu+1","SpreadBorder2:ReiMu+1"],"picked":"Amulet:ReiMu+1","floor":25},{"not_picked":["OctopathSalyBorderN:ReiMu","Free:ReiMu+1"],"picked":"KamiRite:ReiMu+1","floor":33},{"not_picked":["Intuition:ReiMu+1","TakeOff:ReiMu+1"],"picked":"SubcavityInstant:ReiMu+1","floor":40},{"not_picked":["EmergencyTakeOff:ReiMu+1","Revelation:ReiMu+1"],"picked":"CleanRite:ReiMu+1","floor":41},{"not_picked":["Violence+1","Deep Breath+1"],"picked":"Jack Of All Trades+1","floor":46},{"not_picked":["Meditation:ReiMu+1","RainPray2:ReiMu+1"],"picked":"FoulBorder2:ReiMu+1","floor":47},{"not_picked":[],"picked":"wanderingMiniBosses:FinaleOfPromise","floor":51}],"player_experience":674558,"relics_obtained":[{"floor":1,"key":"Matryoshka"},{"floor":4,"key":"Toxic Egg 2"},{"floor":6,"key":"zeldaRelics:CouragePiece"},{"floor":9,"key":"zeldaRelics:CouragePiece"},{"floor":9,"key":"zeldaRelics:CouragePiece"},{"floor":11,"key":"zeldaRelics:WisdomPiece"},{"floor":14,"key":"Strawberry"},{"floor":18,"key":"FossilizedHelix"},{"floor":21,"key":"Mercury Hourglass"},{"floor":23,"key":"zeldaRelics:WisdomPiece"},{"floor":24,"key":"zeldaRelics:WisdomPiece"},{"floor":25,"key":"zeldaRelics:PowerPiece"},{"floor":26,"key":"zeldaRelics:PowerPiece"},{"floor":26,"key":"zeldaRelics:PowerPiece"},{"floor":35,"key":"Tiny Chest"},{"floor":39,"key":"Art of War"},{"floor":40,"key":"Mummified Hand"},{"floor":41,"key":"TungstenRod"},{"floor":43,"key":"Bag of Marbles"},{"floor":44,"key":"Frozen Egg 2"},{"floor":45,"key":"Orichalcum"},{"floor":47,"key":"Pocketwatch"},{"floor":48,"key":"Gambling Chip"},{"floor":51,"key":"paleoftheancients:SoulOfTheShowman"},{"floor":51,"key":"wanderingMiniBosses:Blackblade"},{"floor":51,"key":"FadedRune:ReiMu"},{"floor":52,"key":"StoneCalendar"},{"floor":54,"key":"Oddly Smooth Stone"},{"floor":56,"key":"Toy Ornithopter"},{"floor":58,"key":"Dead Branch"}],"event_choices":[{"damage_healed":0,"gold_gain":0,"player_choice":"Relic ","damage_taken":7,"max_hp_gain":0,"max_hp_loss":0,"event_name":"betterThird:BetterScrap","floor":2,"gold_loss":0,"cards_obtained":["Venomology"]},{"damage_healed":0,"gold_gain":0,"player_choice":"Rummage","damage_taken":0,"relics_obtained":["WarpedTongs"],"max_hp_gain":0,"max_hp_loss":0,"event_name":"Accursed Blacksmith","floor":3,"gold_loss":0,"cards_obtained":["Pain"]},{"cards_removed":["Pain"],"damage_healed":0,"gold_gain":0,"player_choice":"Card Removal","damage_taken":0,"max_hp_gain":0,"max_hp_loss":0,"event_name":"The Cleric","floor":5,"gold_loss":50},{"damage_healed":0,"gold_gain":0,"player_choice":"Upgraded","damage_taken":0,"max_hp_gain":0,"max_hp_loss":0,"event_name":"Upgrade Shrine","floor":13,"gold_loss":0,"cards_upgraded":["Strike_Lin:ReiMu"]},{"damage_healed":0,"gold_gain":0,"player_choice":"Ignored","damage_taken":0,"max_hp_gain":0,"max_hp_loss":0,"event_name":"Elementarium:TarCoveredCasket","floor":19,"gold_loss":0},{"damage_healed":0,"gold_gain":0,"player_choice":"Take","damage_taken":0,"relics_obtained":["Elementarium:FlickeringLantern"],"max_hp_gain":0,"max_hp_loss":0,"event_name":"Elementarium:HeartOfTheVoid","floor":22,"gold_loss":0},{"damage_healed":0,"gold_gain":0,"player_choice":"Strike","damage_taken":18,"max_hp_gain":0,"max_hp_loss":0,"event_name":"Elementarium:OnrushingOffering","floor":27,"gold_loss":0,"cards_obtained":["Elementarium:GildedStrike","Elementarium:GildedStrike","Elementarium:GildedStrike","Elementarium:GildedStrike","Elementarium:GildedStrike"]},{"damage_healed":0,"gold_gain":0,"player_choice":"Gold","damage_taken":0,"relics_obtained":["Vajra"],"max_hp_gain":0,"max_hp_loss":0,"event_name":"Elementarium:ShatteredPortal","floor":28,"gold_loss":89},{"damage_healed":0,"gold_gain":0,"player_choice":"Ignored","damage_taken":0,"max_hp_gain":0,"max_hp_loss":0,"event_name":"Elementarium:FountainOfGold","floor":31,"gold_loss":0},{"damage_healed":0,"gold_gain":0,"player_choice":"Embrace Madness","damage_taken":9,"max_hp_gain":0,"max_hp_loss":0,"event_name":"Winding Halls","floor":37,"gold_loss":0,"cards_obtained":["Madness","Madness"]},{"damage_healed":0,"gold_gain":0,"player_choice":"Offer","damage_taken":0,"relics_obtained":["Elementarium:GoldenMirage"],"max_hp_gain":0,"max_hp_loss":0,"event_name":"Elementarium:ChestOfTheGoldenMirage","floor":38,"gold_loss":1},{"damage_healed":0,"gold_gain":0,"player_choice":"Fight","damage_taken":0,"max_hp_gain":0,"max_hp_loss":0,"event_name":"Mysterious Sphere","floor":41,"gold_loss":0},{"damage_healed":0,"gold_gain":0,"player_choice":"Memory 1","damage_taken":0,"max_hp_gain":0,"max_hp_loss":0,"event_name":"SensoryStone","floor":46,"gold_loss":0},{"damage_healed":0,"gold_gain":0,"player_choice":"Fight","damage_taken":0,"max_hp_gain":0,"max_hp_loss":0,"event_name":"MindBloom","floor":47,"gold_loss":0},{"damage_healed":0,"gold_gain":0,"player_choice":"Bought 0 Potions","damage_taken":0,"max_hp_gain":0,"max_hp_loss":0,"event_name":"The Woman in Blue","floor":53,"gold_loss":0}],"is_beta":false,"boss_relics":[{"not_picked":["Pandora\u0027s Box","Sozu"],"picked":"SlaversCollar"},{"not_picked":["Calling Bell","Black Star"],"picked":"RedLine:ReiMu"}],"items_purged_floors":[36],"is_endless":false,"potions_floor_spawned":[1,4,6,23,25,33,41,47,51,52],"ascension_level":0}}