{"host":"2c1pg2m9wpz3w4c0","time":1612397704,"event":{"mods":["A Penny For Your Troubles","AchievementEnabler","Act Like it!","Aspiration","BaseMod","Better Note","BetterRewards","Curses Come First","Disable Question Mark Monsters","Evolution","Halation","Hubris","Infinite Spire","Lotus Mark","Marisa????????","Minty Spire (QoL Compilation)","Reliquary","Replay The Spire","StSLib","SuperFastMode","The Clintock","The Jungle","The Marked","The Runesmith","Transform Curses","Wide Potions"],"gold_per_floor":[115,132,132,132,132,132,143,143,193,224,7,24,24,44,44,140,140,153,167,167,181,213,230,230,230,350,320,339,339],"floor_reached":29,"language":"ENG","playtime":1518,"items_purged":[],"score":295,"play_id":"510c50a1-cdd4-498a-a4db-1bf00186bc1a","local_time":"20210203171504","is_ascension_mode":false,"campfire_choices":[{"data":"ReplayTheSpireMod:Scrap Shanks","floor":6,"key":"SMITH"},{"data":"Corpse Explosion","floor":8,"key":"SMITH"},{"floor":13,"key":"REST"},{"floor":25,"key":"REST"}],"circlet_count":0,"master_deck":["Strike_G","Strike_G","Strike_G","Strike_G","Strike_G","Defend_G","Defend_G","Defend_G","Defend_G","Defend_G","Survivor","Neutralize","hubris:SlightOfHand","Backflip","ReplayTheSpireMod:Scrap Shanks+1","Corpse Explosion+1","Flying Knee","Apotheosis","Concentrate","Flying Knee","All Out Attack","Burst","Acrobatics+1","Quick Slash+1","Cloak And Dagger+1","Caltrops+1","Infinite Blades","Blade Dance","Deadly Poison"],"relics":["Ring of the Snake","EVO:Axolotl","Oddly Smooth Stone","hubris:Teleporter","ReplayFunnel","Ice Cream","halation:KoshaPiece","reliquary:RoseTintedGlasses","Replay:Baseball","halation:TwoAmDonut"],"acts_visited":["Exordium","theJungle:Jungle"],"potions_floor_usage":[10,16,16,16,18,23,29,29,29],"damage_taken":[{"damage":0,"enemies":"Cultist","floor":1,"turns":4},{"damage":1,"enemies":"Jaw Worm","floor":2,"turns":5},{"damage":2,"enemies":"Small Slimes","floor":7,"turns":4},{"damage":6,"enemies":"Replay:BlueRogue","floor":10,"turns":5},{"damage":0,"enemies":"Blue Slaver","floor":12,"turns":5},{"damage":0,"enemies":"Lots of Slimes","floor":14,"turns":1},{"damage":1,"enemies":"Fading Forest","floor":16,"turns":11},{"damage":13,"enemies":"theJungle:GiantWrat","floor":18,"turns":6},{"damage":0,"enemies":"theJungle:MUSHROOMGANG","floor":19,"turns":3},{"damage":21,"enemies":"theJungle:Lyon","floor":21,"turns":6},{"damage":13,"enemies":"theJungle:Cassacara","floor":23,"turns":6},{"damage":21,"enemies":"theJungle:JungleHuntersEncounter","floor":24,"turns":3},{"damage":3,"enemies":"theJungle:SlimyTreeVines","floor":29,"turns":6}],"seed_played":"7926640819322928496","potions_obtained":[{"floor":2,"key":"ColorlessPotion"},{"floor":14,"key":"Languid Potion"},{"floor":15,"key":"Languid Potion"},{"floor":15,"key":"Block Potion"},{"floor":16,"key":"AttackPotion"},{"floor":21,"key":"Venom Potion"},{"floor":24,"key":"Poison Potion"},{"floor":28,"key":"EntropicBrew"},{"floor":28,"key":"Adrenaline Potion"}],"is_trial":false,"path_per_floor":["M","M","?","?","T","R","M","R","T","E","$","M","R","M","R","B",null,"M","M","?","M","E","M","R","T","?","?","M"],"character_chosen":"THE_SILENT","items_purchased":["Oddly Smooth Stone","hubris:SlightOfHand","Apotheosis","Concentrate"],"campfire_rested":2,"item_purchase_floors":[0,0,11,11],"current_hp_per_floor":[53,52,52,52,52,52,50,50,50,44,44,44,65,65,65,70,70,57,57,57,36,23,2,23,23,13,13,16,16],"gold":339,"neow_bonus":"","is_daily":false,"chose_seed":false,"campfire_upgraded":2,"win_rate":0.0,"timestamp":1612397704,"path_taken":["M","?","?","?","?","R","M","R","T","E","$","?","R","M","R","BOSS","M","M","?","M","E","M","R","T","?","?","M"],"items_purchased_type":["Relic","Card","Card","Card"],"build_version":"2020-12-22","purchased_purges":0,"victory":false,"max_hp_per_floor":[70,70,70,70,70,70,70,70,70,70,70,70,70,70,70,70,70,70,70,70,70,70,70,70,70,70,70,70,70],"card_choices":[{"not_picked":["hubris:Counter","Deadly Poison"],"picked":"Backflip","floor":1},{"not_picked":["Dagger Spray","Draining Mist"],"picked":"ReplayTheSpireMod:Scrap Shanks","floor":2},{"not_picked":["Skewer","PiercingWail"],"picked":"Corpse Explosion","floor":7},{"not_picked":["Dodge and Roll","Slice"],"picked":"Flying Knee","floor":10},{"not_picked":["Quick Slash","Riddle With Holes"],"picked":"Flying Knee","floor":12},{"not_picked":["Concentrate","lotusMarks:LotusChain"],"picked":"All Out Attack","floor":14},{"not_picked":["Atom Bomb","ReplayTheSpireMod:From All Sides"],"picked":"Burst","floor":16},{"not_picked":["hubris:SlightOfHand","Cloak And Dagger"],"picked":"Acrobatics+1","floor":18},{"not_picked":["lotusMarks:LotusStrike","Acrobatics"],"picked":"Quick Slash+1","floor":19},{"not_picked":["PiercingWail","lotusMarks:SeasonOfFire"],"picked":"Caltrops+1","floor":21},{"not_picked":["Glass Knife","Dagger Spray+1"],"picked":"Infinite Blades","floor":23},{"not_picked":["Outmaneuver","lotusMarks:OnTheHunt+1"],"picked":"Blade Dance","floor":24},{"not_picked":["Quick Slash","Flechettes"],"picked":"Deadly Poison","floor":29}],"player_experience":1221058,"relics_obtained":[{"floor":4,"key":"ReplayFunnel"},{"floor":5,"key":"Ice Cream"},{"floor":9,"key":"halation:KoshaPiece"},{"floor":10,"key":"reliquary:RoseTintedGlasses"},{"floor":23,"key":"Replay:Baseball"},{"floor":26,"key":"halation:TwoAmDonut"}],"event_choices":[{"cards_removed":["Apotheosis"],"damage_healed":0,"gold_gain":0,"player_choice":"Take \u0026 Give","damage_taken":0,"max_hp_gain":0,"max_hp_loss":0,"event_name":"betterNote:BetterNote","floor":20,"gold_loss":0,"cards_obtained":["Cloak And Dagger"]},{"damage_healed":0,"gold_gain":0,"player_choice":"Bought 2 Potions","damage_taken":0,"max_hp_gain":0,"max_hp_loss":0,"event_name":"The Woman in Blue","floor":28,"gold_loss":0}],"is_beta":false,"boss_relics":[{"not_picked":["ChewingGum","Runic Pyramid","Replay:Wanted Poster"]}],"items_purged_floors":[],"is_endless":false,"potions_floor_spawned":[2,14,16,21,24],"killed_by":"theJungle:SlimyTreeVines","ascension_level":0}}