{"host":"hw4a6ivmtgcf119c","time":1612471547,"event":{"mods":["Abigail Mod","Aspiration","Astrologer","BaseMod","Better Third Choice","BetterRewards","Conspire","DeckTracker","Energized Spire","Gremlin Mod","Halation","Hermit","Hubris","Jorbs\u0027s Wanderer Trilogy","Marisa????????","Minty Spire (QoL Compilation)","Rare Cards Sparkle","Reliquary","StSLib","The Alterego","The Animator","The Bladedancer","The Cursed","The Disciple","The Hayseed","The Hierophant","The Marked","The Mystic","The Necromancer","The Poker Player","The Servant 0.9.4","The Spell Scribe","WarShipGirlsR/????R mod"],"gold_per_floor":[113,130,165,183,73,73,73,85,85,85,102,122,122,136,136,240,240,251,267,36,48,48,48,59,75,126,141,141,141,158,172,172,276,276,290,290,290],"floor_reached":36,"language":"ENG","playtime":3702,"items_purged":["alterego_mod:Strike"],"score":412,"play_id":"bceb6b8b-b1d7-40eb-aab8-fbc4b359e1e9","local_time":"20210204144547","is_ascension_mode":false,"campfire_choices":[{"floor":6,"key":"REST"},{"data":"alterego_mod:Impale","floor":10,"key":"SMITH"},{"data":"alterego_mod:GIGAMILK","floor":15,"key":"SMITH"},{"data":"alterego_mod:RidiculouslyBig","floor":23,"key":"SMITH"},{"floor":28,"key":"REST"},{"floor":32,"key":"REST"}],"circlet_count":0,"master_deck":["alterego_mod:Strike","alterego_mod:Strike","alterego_mod:Defend","alterego_mod:Defend","alterego_mod:Defend","alterego_mod:Defend","alterego_mod:Impale+1","alterego_mod:BigMeatyClaws","alterego_mod:BrynhildrsRune","alterego_mod:ClassAdvantage","alterego_mod:DiscoLights","alterego_mod:RidiculouslyBig+1","alterego_mod:Undulate","alterego_mod:GIGAMILK+1","alterego_mod:Support","alterego_mod:Cushion","alterego_mod:Undulate","alterego_mod:DeftHands","alterego_mod:DeftHands","alterego_mod:BrynhildrRomantia","alterego_mod:Rip+1","alterego_mod:BreastValley","alterego_mod:ChallengeComplete","alterego_mod:DiscoLights","alterego_mod:SakuraFive","alterego_mod:Venus","alterego_mod:Exercise"],"relics":["alterego_mod:MasochisticConstitution","Happy Flower","hubris:Teleporter","conspire:SlowCooker","alterego_mod:SistersRibbon","reliquary:TuningFork","halation:EternalFortune","reliquary:KinkedSpring"],"acts_visited":["Exordium","TheCity","TheBeyond"],"potions_floor_usage":[8,14,18,31,31,33],"damage_taken":[{"damage":10,"enemies":"Cultist","floor":1,"turns":4},{"damage":0,"enemies":"conspire:RoseBush","floor":2,"turns":7},{"damage":38,"enemies":"conspire:MimicChest","floor":3,"turns":10},{"damage":8,"enemies":"2 Louse","floor":4,"turns":4},{"damage":3,"enemies":"Lots of Slimes","floor":8,"turns":9},{"damage":0,"enemies":"conspire:2 RoseBushes","floor":11,"turns":5},{"damage":8,"enemies":"3 Louse","floor":12,"turns":9},{"damage":13,"enemies":"Exordium Thugs","floor":14,"turns":7},{"damage":39,"enemies":"Hexaghost","floor":16,"turns":16},{"damage":14,"enemies":"3 Byrds","floor":18,"turns":9},{"damage":59,"enemies":"conspire:FuzzyDice","floor":19,"turns":10},{"damage":22,"enemies":"Centurion and Healer","floor":21,"turns":10},{"damage":41,"enemies":"Cultist and Chosen","floor":24,"turns":13},{"damage":0,"enemies":"Shelled Parasite and Fungi","floor":25,"turns":10},{"damage":0,"enemies":"Snake Plant","floor":27,"turns":9},{"damage":9,"enemies":"Centurion and Healer","floor":30,"turns":8},{"damage":41,"enemies":"Cultist and Chosen","floor":31,"turns":10},{"damage":16,"enemies":"Automaton","floor":33,"turns":11},{"damage":4,"enemies":"Orb Walker","floor":35,"turns":4},{"damage":119,"enemies":"3 Darklings","floor":36,"turns":11}],"seed_played":"-1707708217238362434","potions_obtained":[{"floor":4,"key":"SteroidPotion"},{"floor":11,"key":"ColorlessPotion"},{"floor":16,"key":"SteroidPotion"},{"floor":21,"key":"SkillPotion"},{"floor":25,"key":"DuplicationPotion"},{"floor":31,"key":"Regen Potion"},{"floor":35,"key":"EssenceOfSteel"}],"is_trial":false,"path_per_floor":["M","M","?","M","$","R","?","M","T","R","M","M","?","M","R","B",null,"M","M","$","M","?","R","M","M","T","M","R","?","M","M","R","B",null,"M","M"],"character_chosen":"The_Alterego","items_purchased":["alterego_mod:Support","alterego_mod:Cushion","alterego_mod:SistersRibbon"],"campfire_rested":3,"item_purchase_floors":[5,5,20],"current_hp_per_floor":[68,71,34,27,27,48,48,60,60,60,60,67,67,62,62,31,77,76,38,38,34,34,34,4,24,24,34,64,67,69,39,72,72,112,109,0,0],"gold":290,"neow_bonus":"ONE_RANDOM_RARE_CARD","is_daily":false,"chose_seed":false,"campfire_upgraded":3,"win_rate":0.0,"timestamp":1612471547,"path_taken":["M","?","?","?","$","R","?","M","T","R","?","M","?","M","R","BOSS","M","M","$","M","?","R","M","M","T","M","R","?","M","M","R","BOSS","M","M"],"items_purchased_type":["Card","Card","Relic"],"build_version":"2020-12-22","purchased_purges":1,"victory":false,"max_hp_per_floor":[71,71,72,73,73,73,73,74,74,74,74,75,75,76,76,77,77,76,83,83,87,87,87,91,97,97,100,100,103,107,111,111,112,112,113,113,113],"card_choices":[{"not_picked":["alterego_mod:1TonWallop","alterego_mod:BiFurious"],"picked":"alterego_mod:DiscoLights","floor":1},{"not_picked":["alterego_mod:SuperDuperMasochism","alterego_mod:HighServant"],"picked":"alterego_mod:RidiculouslyBig","floor":2},{"not_picked":["alterego_mod:Cooking","alterego_mod:Mirror"],"picked":"alterego_mod:Undulate","floor":3},{"not_picked":["alterego_mod:DeftHands","alterego_mod:GoddessCore"],"picked":"alterego_mod:GIGAMILK","floor":4},{"not_picked":["alterego_mod:BoobPocket","alterego_mod:Table"],"picked":"alterego_mod:Undulate","floor":8},{"not_picked":["alterego_mod:Jiggle","alterego_mod:GoddessCore","alterego_mod:Undulate"],"picked":"SKIP","floor":11},{"not_picked":["alterego_mod:Skirt","alterego_mod:Birthday"],"picked":"alterego_mod:DeftHands","floor":12},{"not_picked":["alterego_mod:Santa","alterego_mod:RocketPunch"],"picked":"alterego_mod:DeftHands","floor":14},{"not_picked":["alterego_mod:Alter","alterego_mod:PainIsPleasure"],"picked":"alterego_mod:BrynhildrRomantia","floor":16},{"not_picked":["alterego_mod:Jiggle","alterego_mod:Skirt","alterego_mod:Stockings"],"picked":"SKIP","floor":18},{"not_picked":["alterego_mod:HighServant","alterego_mod:BiFurious"],"picked":"alterego_mod:Rip+1","floor":19},{"not_picked":["alterego_mod:BiFurious","alterego_mod:Birthday","alterego_mod:GachaTicket"],"picked":"SKIP","floor":21},{"not_picked":["alterego_mod:Belle","alterego_mod:DustData"],"picked":"alterego_mod:BreastValley","floor":24},{"not_picked":["alterego_mod:Cycle","alterego_mod:Cooking"],"picked":"alterego_mod:ChallengeComplete","floor":25},{"not_picked":["alterego_mod:Skirt","alterego_mod:Mirror"],"picked":"alterego_mod:DiscoLights","floor":27},{"not_picked":["alterego_mod:PurpleHair+1","alterego_mod:GachaTicket","alterego_mod:Birthday"],"picked":"SKIP","floor":30},{"not_picked":["alterego_mod:Bunnysuit","alterego_mod:Bounce"],"picked":"alterego_mod:SakuraFive","floor":31},{"not_picked":["alterego_mod:InsideBaseball","alterego_mod:ClassAdvantage"],"picked":"alterego_mod:Venus","floor":33},{"not_picked":["alterego_mod:Mirror","alterego_mod:Bloomers"],"picked":"alterego_mod:Exercise","floor":35}],"player_experience":424569,"relics_obtained":[{"floor":3,"key":"Happy Flower"},{"floor":9,"key":"hubris:Teleporter"},{"floor":26,"key":"reliquary:TuningFork"}],"event_choices":[{"damage_healed":0,"gold_gain":0,"player_choice":"Ignored","damage_taken":0,"max_hp_gain":0,"max_hp_loss":0,"event_name":"NoteForYourself","floor":7,"gold_loss":0},{"cards_removed":["alterego_mod:Strike"],"damage_healed":0,"gold_gain":0,"player_choice":"Offered Basic","damage_taken":0,"max_hp_gain":0,"max_hp_loss":0,"event_name":"Bonfire Elementals","floor":13,"gold_loss":0}],"is_beta":false,"boss_relics":[{"not_picked":["Calling Bell","halation:HeavySnake"],"picked":"conspire:SlowCooker"},{"not_picked":["Astrolabe","Runic Dome"],"picked":"reliquary:KinkedSpring"}],"items_purged_floors":[20],"is_endless":false,"potions_floor_spawned":[4,11,16,21,25,31,35],"killed_by":"3 Darklings","ascension_level":0}}