{"host":"bx8ylsmj2ob6hd5u","time":1612458972,"event":{"mods":["AchievementEnabler","Act Like it!","Aspiration","BaseMod","Colored Map","Downfall","Duelist Mod","Friendly Minions","Gensokyo","GifTheSpireLib","Hallownest","Hermit","HololiveMod","Hubris","Infinite Spire","Jorbs\u0027s Wanderer Trilogy","KinomotoSakuraMod(????)","Kiyohime????","Koishi","KomeijiMod","Lobotomy","LobotomyExtend","Marisa????????","Minty Spire (QoL Compilation)","Prisma Mod","Rare Cards Sparkle","Reimu??????","Remilia??????","Replay The Spire","StSLib","Td1madao Mod","The Administrix","The Animator","The Bug Knight","The Construct","The Cursed","The Disciple","The Hierophant","The Necromancer","The Poker Player","The Runesmith","The Senshi","The Servant 0.9.4","WarShipGirlsR/????R mod"],"gold_per_floor":[173,185,185,185,185,185,200,210,210,229,229,248,218,218,218,66,66,31,31,31,41,60,60,60,75,75,175,175,187,205,55,55,55,55,55,55],"floor_reached":24,"language":"ENG","playtime":2436,"items_purged":[],"score":342,"play_id":"3259a97b-1bb8-4266-9777-7b137a175df1","local_time":"20210204191612","is_ascension_mode":false,"campfire_choices":[{"data":"Absorbed","floor":6.0,"key":"SMITH"},{"data":"MiserableFate_Remiria","floor":11.0,"key":"SMITH"},{"data":"ServantFlier","floor":6.0,"key":"SMITH"},{"data":"NaturallyHealing","floor":12,"key":"SMITH"},{"data":"BadLadyScramble","floor":15,"key":"SMITH"},{"data":"CurseofVladTepes","floor":23,"key":"SMITH"}],"circlet_count":0,"master_deck":["Strike_Remiria+1","Strike_Remiria","Strike_Remiria","Strike_Remiria+1","Defend_Remirira","Defend_Remirira","Defend_Remirira","Defend_Remirira","Absorbed+1","Scratch","Offensive+1","ServantFlier+1","FateMeister+1","MiserableFate_Remiria+1","SealingFear","VampirishNight","VampireClaw","NaturallyHealing+1","BadLadyScramble+1","MillenniumVampire","CurseofVladTepes+1","BloodyMagicSquare"],"relics":["ThirstyCrossSpe","Gaze_r","Shovel","LetterFromLob","Omamori","hubris:PeanutButter","hubris:Towel","Guide Book","downfall:ExtraCursedBell","Pet Ghost","hubris:CrystalStatue","Replay:Towering Pillar of Hats","infinitespire:Bottled Soul","construct:ClawGrip","Replay:Bottled Steam","Hallownest:HeavyBlowRelic"],"acts_visited":["Exordium","Exordium"],"potions_floor_usage":[14,16,18,24],"damage_taken":[{"damage":2.0,"enemies":"Hallownest:2_MossCreeps","floor":1.0,"turns":6.0},{"damage":3.0,"enemies":"Hallownest:2_Tiktiks_and_1_Crawlid","floor":2.0,"turns":4.0},{"damage":12.0,"enemies":"Hallownest:2_Tiktiks_and_1_Crawlid","floor":3.0,"turns":6.0},{"damage":0.0,"enemies":"Hallownest:2_Baldur","floor":7.0,"turns":3.0},{"damage":11.0,"enemies":"Hallownest:2_Tiktiks_1_Baldur_1_Crawlid","floor":8.0,"turns":4.0},{"damage":7.0,"enemies":"Hallownest:monsterFoolEater","floor":10.0,"turns":4.0},{"damage":8.0,"enemies":"Small Slimes","floor":1.0,"turns":3.0},{"damage":0,"enemies":"Cultist","floor":10,"turns":3},{"damage":0,"enemies":"2 Louse","floor":11,"turns":2},{"damage":1,"enemies":"2 Fungi Beasts","floor":14,"turns":3},{"damage":1,"enemies":"The Guardian","floor":16,"turns":6},{"damage":9,"enemies":"Hallownest:Shield_Heavy","floor":18,"turns":5},{"damage":30,"enemies":"Hallownest:3_Siblings","floor":19,"turns":6},{"damage":43,"enemies":"Hallownest:Xero_Hu_Marmu","floor":24,"turns":4}],"seed_played":"5032289984145476259","potions_obtained":[{"floor":10.0,"key":"FairyPotion"},{"floor":2.0,"key":"ColorlessPotion"},{"floor":2.0,"key":"Reflective Coating"},{"floor":11,"key":"BlessingOfTheForge"},{"floor":16,"key":"ExcitationPotion"},{"floor":19,"key":"Regen Potion"}],"is_trial":false,"path_per_floor":["M","M","?","?","?","R","M","M","T","M","R","M","M","?","$","?","$","R","?","?","T","M","M","R","?","M","R","B",null,"M","M","?","?","?","R","M"],"character_chosen":"RemiriaScarlet","items_purchased":["Omamori","hubris:PeanutButter","Guide Book"],"campfire_rested":0,"item_purchase_floors":[3,3,5],"current_hp_per_floor":[108,105,81,72,72,72,72,61,61,54,54,85,85,59,59,59,59,82,82,82,82,82,82,82,81,81,80,93,92,67,67,82,82,82,53,53],"gold":55,"neow_bonus":"TEN_PERCENT_HP_BONUS","is_daily":false,"chose_seed":false,"campfire_upgraded":6,"win_rate":0.0,"timestamp":1612458972,"path_taken":["M","M","?","?","?","R","M","M","T","M","R","?","M","?","?","?","$","R","?","?","T","M","M","R","?","M","R","BOSS","M","M","?","?","?","R","M"],"items_purchased_type":["Relic","Relic","Relic"],"build_version":"2020-12-22","purchased_purges":0,"victory":false,"max_hp_per_floor":[110,110,93,93,93,93,93,93,93,93,93,93,93,93,93,93,93,93,93,93,93,93,93,93,93,93,93,93,93,93,93,93,93,93,93,93],"card_choices":[{"not_picked":["FastHealing","Warpath"],"picked":"Offensive","floor":1.0},{"not_picked":["TricksterDevil","SeparateFleshBlood"],"picked":"ServantFlier","floor":2.0},{"not_picked":["StigmaNizer","TricksterDevil"],"picked":"FateMeister","floor":7.0},{"not_picked":["FastHealing","DoubleEdge"],"picked":"MiserableFate_Remiria","floor":8.0},{"not_picked":["FierceSweep","DamonLordCradle_Remiria"],"picked":"SealingFear","floor":10.0},{"not_picked":["Paradox","StigmaNizer"],"picked":"VampirishNight","floor":1.0},{"not_picked":["StigmaNizer","PainBurst"],"picked":"VampireClaw","floor":10},{"not_picked":["TricksterDevil","SealingFear"],"picked":"NaturallyHealing","floor":11},{"not_picked":["BodyStrengthen","ThePrice"],"picked":"BadLadyScramble","floor":14},{"not_picked":["RedMagic","QueenOfMidnight"],"picked":"MillenniumVampire","floor":16},{"not_picked":["TricksterDevil+1","DemonsDinnerFork_Remiria+1"],"picked":"CurseofVladTepes","floor":18},{"not_picked":["FastHealing","Exsanguinate"],"picked":"BloodyMagicSquare","floor":19}],"player_experience":1539574,"relics_obtained":[{"floor":1.0,"key":"LetterFromLob"},{"floor":9.0,"key":"Shovel"},{"floor":1.0,"key":"LetterFromLob"},{"floor":8.0,"key":"Pet Ghost"},{"floor":8.0,"key":"hubris:CrystalStatue"},{"floor":8.0,"key":"Replay:Towering Pillar of Hats"},{"floor":9.0,"key":"infinitespire:Bottled Soul"}],"event_choices":[{"damage_healed":0.0,"max_hp_gain":0.0,"max_hp_loss":0.0,"gold_gain":0.0,"event_name":"The Woman in Blue","player_choice":"Bought 2 Potions","floor":2.0,"gold_loss":0.0,"damage_taken":0.0},{"damage_healed":23.0,"max_hp_gain":0.0,"max_hp_loss":0.0,"gold_gain":0.0,"event_name":"The Cleric","player_choice":"Healed","floor":7.0,"gold_loss":35.0,"damage_taken":0.0}],"is_beta":false,"boss_relics":[{"not_picked":["aspiration:RunesmithSkillbook","Replay:Ancient Bell"],"picked":"construct:ClawGrip"}],"items_purged_floors":[],"is_endless":false,"potions_floor_spawned":[10,11,16,19],"killed_by":"Hallownest:Xero_Hu_Marmu","ascension_level":0}}