{"host":"w5aax206trqkckez","time":1612481470,"event":{"mods":["AchievementEnabler","BaseMod","Colored Map","Colored Powertips","DeckTracker","Minty Spire (QoL Compilation)","StSLib"],"gold_per_floor":[117,129,147,157,171,171,171,189,213,227,227,227,4,18,18,138,138,158,248,272,297,202,202,216,241,288,303,303,316,218,241,241,241,241],"floor_reached":33,"language":"ENG","playtime":2955,"items_purged":["Defend_R"],"score":297,"play_id":"3889df3e-be66-4d19-8623-a45131a24233","local_time":"20210204163110","is_ascension_mode":true,"campfire_choices":[{"data":"Wild Strike","floor":6,"key":"SMITH"},{"floor":11,"key":"REST"},{"data":"Perfected Strike","floor":15,"key":"SMITH"},{"floor":23,"key":"REST"},{"floor":28,"key":"REST"},{"floor":32,"key":"REST"}],"circlet_count":0,"master_deck":["Strike_R","Strike_R","Strike_R","Strike_R","Strike_R","Defend_R","Defend_R","Defend_R","Bash","Perfected Strike+1","Iron Wave","Power Through","Wild Strike+1","Thunderclap","Parasite","Wild Strike","Armaments","Cleave","Immolate","Infernal Blade","Wild Strike","Perfected Strike+1","Discovery","Flame Barrier","Anger+1","Battle Trance","Clash","Shrug It Off","Headbutt+1"],"relics":["Black Blood","Omamori","Golden Idol","Strawberry","Bag of Marbles"],"acts_visited":["Exordium","TheCity"],"potions_floor_usage":[8,16,16,18,25,27,33,33],"damage_taken":[{"damage":1,"enemies":"2 Louse","floor":1,"turns":4},{"damage":1,"enemies":"Cultist","floor":2,"turns":3},{"damage":4,"enemies":"Jaw Worm","floor":3,"turns":3},{"damage":15,"enemies":"2 Fungi Beasts","floor":4,"turns":3},{"damage":16,"enemies":"Lots of Slimes","floor":5,"turns":4},{"damage":32,"enemies":"Exordium Thugs","floor":8,"turns":5},{"damage":12,"enemies":"2 Fungi Beasts","floor":10,"turns":3},{"damage":16,"enemies":"Blue Slaver","floor":14,"turns":3},{"damage":57,"enemies":"Hexaghost","floor":16,"turns":10},{"damage":17,"enemies":"Shell Parasite","floor":18,"turns":5},{"damage":22,"enemies":"2 Thieves","floor":20,"turns":2},{"damage":41,"enemies":"Snecko","floor":21,"turns":5},{"damage":34,"enemies":"3 Cultists","floor":24,"turns":6},{"damage":42,"enemies":"Snake Plant","floor":25,"turns":5},{"damage":12,"enemies":"Cultist and Chosen","floor":27,"turns":5},{"damage":9,"enemies":"Sentry and Sphere","floor":29,"turns":3},{"damage":8,"enemies":"Snecko","floor":31,"turns":4},{"damage":83,"enemies":"Champ","floor":33,"turns":7}],"seed_played":"-951093182659908168","potions_obtained":[{"floor":2,"key":"FearPotion"},{"floor":4,"key":"Weak Potion"},{"floor":5,"key":"Weak Potion"},{"floor":14,"key":"BloodPotion"},{"floor":24,"key":"FearPotion"},{"floor":25,"key":"Block Potion"},{"floor":27,"key":"ElixirPotion"},{"floor":31,"key":"Energy Potion"}],"is_trial":false,"path_per_floor":["M","M","M","M","M","R","?","M","T","M","R","?","$","M","R","B",null,"M","?","M","M","$","R","M","M","T","M","R","M","$","M","R","B"],"character_chosen":"IRONCLAD","items_purchased":["Strawberry","DuplicationPotion","Discovery","Shrug It Off"],"campfire_rested":4,"item_purchase_floors":[13,13,22,30],"current_hp_per_floor":[88,88,88,79,69,69,88,62,62,56,82,82,89,79,79,47,95,90,78,68,39,39,67,45,15,15,15,43,46,46,50,78,0,0],"gold":241,"neow_bonus":"TEN_PERCENT_HP_BONUS","is_daily":false,"chose_seed":false,"campfire_upgraded":2,"win_rate":0.0,"timestamp":1612481470,"path_taken":["M","M","M","M","M","R","?","M","T","M","R","?","$","M","R","BOSS","M","?","M","M","$","R","M","M","T","?","R","M","$","M","R","BOSS"],"items_purchased_type":["Relic","Potion","Card","Card"],"build_version":"2020-12-22","purchased_purges":1,"victory":false,"max_hp_per_floor":[88,88,88,88,88,88,88,88,88,88,88,88,95,95,95,95,95,95,95,95,95,95,95,95,95,95,95,95,95,95,95,95,95,95],"card_choices":[{"not_picked":["Warcry","Entrench"],"picked":"Perfected Strike","floor":1},{"not_picked":["Battle Trance","Warcry"],"picked":"Iron Wave","floor":2},{"not_picked":["Pommel Strike","Flex"],"picked":"Power Through","floor":3},{"not_picked":["Flame Barrier","Burning Pact"],"picked":"Wild Strike","floor":4},{"not_picked":["Heavy Blade","Havoc"],"picked":"Thunderclap","floor":5},{"not_picked":["Limit Break","Flex"],"picked":"Wild Strike","floor":8},{"not_picked":["True Grit","Entrench"],"picked":"Armaments","floor":10},{"not_picked":["Anger","Carnage"],"picked":"Cleave","floor":14},{"not_picked":["Offering","Barricade"],"picked":"Immolate","floor":16},{"not_picked":["Havoc","Pummel"],"picked":"Infernal Blade","floor":18},{"not_picked":["Rampage","Pommel Strike"],"picked":"Wild Strike","floor":20},{"not_picked":["Sword Boomerang","Body Slam"],"picked":"Perfected Strike+1","floor":21},{"not_picked":["Feel No Pain","Sword Boomerang"],"picked":"Flame Barrier","floor":24},{"not_picked":["Pummel","Flex"],"picked":"Anger+1","floor":25},{"not_picked":["Cleave","Feel No Pain"],"picked":"Battle Trance","floor":27},{"not_picked":["Iron Wave","Ghostly Armor+1"],"picked":"Clash","floor":29},{"not_picked":["Flame Barrier","Berserk"],"picked":"Headbutt+1","floor":31}],"player_experience":46098,"relics_obtained":[{"floor":9,"key":"Omamori"},{"floor":26,"key":"Bag of Marbles"}],"event_choices":[{"damage_healed":22,"gold_gain":0,"player_choice":"Healed and dodged fight","damage_taken":0,"max_hp_gain":0,"max_hp_loss":0,"event_name":"Mushrooms","floor":7,"gold_loss":0,"cards_obtained":["Parasite"]},{"damage_healed":0,"gold_gain":0,"player_choice":"Take Wound","damage_taken":0,"relics_obtained":["Golden Idol"],"max_hp_gain":0,"max_hp_loss":0,"event_name":"Golden Idol","floor":12,"gold_loss":0,"cards_obtained":["Injury"]},{"damage_healed":0,"gold_gain":90,"player_choice":"GOLD ","damage_taken":12,"max_hp_gain":0,"max_hp_loss":0,"event_name":"Knowing Skull","floor":19,"potions_obtained":[],"gold_loss":0,"cards_obtained":[]}],"is_beta":false,"boss_relics":[{"not_picked":["SlaversCollar","Sozu"],"picked":"Black Blood"}],"items_purged_floors":[30],"is_endless":false,"potions_floor_spawned":[2,4,5,14,24,25,27,31],"killed_by":"Champ","ascension_level":2}}