{"host":"neeznpvpgo0qgfkd","time":1612445449,"event":{"mods":["AchievementEnabler","BaseMod","BetterRewards","Colored Map","Colored Powertips","Exacting","Minty Spire (QoL Compilation)","Permanent Neow","Quick Restart","Shop Mod"],"gold_per_floor":[134,152,152,4,14,57,95,107,107],"floor_reached":8,"language":"ENG","playtime":610,"items_purged":[],"score":75,"play_id":"fceef8f8-3637-4fc8-85c1-7d3be83b7093","local_time":"20210204083049","is_ascension_mode":true,"campfire_choices":[],"circlet_count":0,"master_deck":["Strike_G","Strike_G","Strike_G","Strike_G","Strike_G","Defend_G","Defend_G+1","Defend_G","Defend_G","Defend_G+1","Survivor","Neutralize","Envenom","Panacea","Flying Knee","Caltrops","Blade Dance"],"relics":["Ring of the Snake","Girya","War Paint","Mango","CeramicFish","Membership Card","MawBank"],"acts_visited":["Exordium"],"potions_floor_usage":[8,8],"damage_taken":[{"damage":7,"enemies":"2 Louse","floor":1,"turns":4},{"damage":17,"enemies":"Jaw Worm","floor":2,"turns":6},{"damage":0,"enemies":"Cultist","floor":5,"turns":3},{"damage":29,"enemies":"3 Sentries","floor":6,"turns":12},{"damage":11,"enemies":"Exordium Wildlife","floor":7,"turns":4},{"damage":18,"enemies":"Gremlin Nob","floor":8,"turns":3}],"seed_played":"-8478578265524572395","potions_obtained":[{"floor":5,"key":"Weak Potion"},{"floor":6,"key":"EssenceOfSteel"}],"is_trial":false,"path_per_floor":["M","M","?","$","M","E","M","E"],"character_chosen":"THE_SILENT","items_purchased":["Girya","Envenom","War Paint","Panacea","Membership Card"],"campfire_rested":0,"item_purchase_floors":[0,0,0,0,4],"current_hp_per_floor":[70,65,32,32,32,15,4,0,0],"gold":107,"neow_bonus":"","is_daily":false,"chose_seed":false,"campfire_upgraded":0,"win_rate":0.0,"timestamp":1612445449,"path_taken":["M","M","?","?","M","E","M","E"],"items_purchased_type":["Relic","Card","Relic","Card","Relic"],"build_version":"2020-12-22","purchased_purges":0,"victory":false,"max_hp_per_floor":[84,84,84,84,84,84,84,84,84],"card_choices":[{"not_picked":["Deflect","Sucker Punch","Backflip"],"picked":"SKIP","floor":1},{"not_picked":["Deadly Poison","Riddle With Holes"],"picked":"Flying Knee","floor":2},{"not_picked":["Unload","Slice","Heel Hook"],"picked":"SKIP","floor":5},{"not_picked":["Cloak And Dagger","Setup"],"picked":"Caltrops","floor":6},{"not_picked":["Underhanded Strike","Deflect"],"picked":"Blade Dance","floor":7}],"player_experience":1307211,"relics_obtained":[{"floor":6,"key":"MawBank"}],"event_choices":[{"damage_healed":0,"gold_gain":0,"player_choice":"Success","damage_taken":33,"relics_obtained":["CeramicFish"],"max_hp_gain":0,"max_hp_loss":0,"event_name":"Scrap Ooze","floor":3,"gold_loss":0}],"is_beta":false,"boss_relics":[],"items_purged_floors":[],"is_endless":false,"potions_floor_spawned":[5,6],"killed_by":"Gremlin Nob","ascension_level":6}}