{"host":"0k696jvpnlqjk4gh","time":1612448788,"event":{"mods":["AchievementEnabler","BaseMod","Colored Map","Colored Powertips","Minty Spire (QoL Compilation)","Quick Restart"],"gold_per_floor":[117,136,86,86,63,98,98,116,141,141,241,256,269,444,444,574,574,590,590,590],"floor_reached":19,"language":"ENG","playtime":663,"items_purged":[],"score":200,"play_id":"3f9419f3-cad6-455a-b659-3ac270c4a16a","local_time":"20210204142628","is_ascension_mode":true,"campfire_choices":[{"floor":7,"key":"REST"},{"floor":10,"key":"REST"},{"floor":15,"key":"REST"}],"circlet_count":0,"master_deck":["Strike_G","Strike_G","Strike_G","Strike_G","Defend_G","Defend_G","Defend_G","Defend_G","Defend_G","Survivor","Neutralize","All Out Attack","Predator","Slice","Backstab","Outmaneuver","Leg Sweep","Cloak And Dagger","Doubt","Venomology"],"relics":["Philosopher\u0027s Stone","Golden Idol","Snake Skull","Smiling Mask","Black Star"],"acts_visited":["Exordium","TheCity"],"potions_floor_usage":[6,6,16,16,18],"damage_taken":[{"damage":1,"enemies":"Cultist","floor":1,"turns":5},{"damage":0,"enemies":"2 Louse","floor":2,"turns":2},{"damage":37,"enemies":"3 Sentries","floor":6,"turns":9},{"damage":4,"enemies":"Jaw Worm","floor":8,"turns":2},{"damage":3,"enemies":"3 Louse","floor":12,"turns":2},{"damage":9,"enemies":"Gremlin Gang","floor":13,"turns":3},{"damage":15,"enemies":"The Guardian","floor":16,"turns":12},{"damage":61,"enemies":"Spheric Guardian","floor":18,"turns":8}],"seed_played":"-7765925791889414304","potions_obtained":[{"floor":1,"key":"EntropicBrew"},{"floor":8,"key":"BlessingOfTheForge"},{"floor":12,"key":"CunningPotion"},{"floor":16,"key":"SneckoOil"}],"is_trial":false,"path_per_floor":["M","M","?","?","$","E","R","M","T","R","?","M","M","?","R","B",null,"M","?"],"character_chosen":"THE_SILENT","items_purchased":["Slice"],"campfire_rested":3,"item_purchase_floors":[5],"current_hp_per_floor":[69,69,69,52,52,15,36,32,32,53,53,50,41,41,62,47,70,9,0,0],"gold":590,"neow_bonus":"BOSS_RELIC","is_daily":false,"chose_seed":false,"campfire_upgraded":0,"win_rate":0.0,"timestamp":1612448788,"path_taken":["M","M","?","?","?","E","R","M","T","R","?","?","M","?","R","BOSS","M","?"],"items_purchased_type":["Card"],"build_version":"2020-12-22","purchased_purges":0,"victory":false,"max_hp_per_floor":[70,70,70,70,70,70,70,70,70,70,70,70,70,70,70,70,70,70,70,70],"card_choices":[{"not_picked":["Underhanded Strike","Dash"],"picked":"All Out Attack","floor":1},{"not_picked":["Poisoned Stab","Backflip"],"picked":"Predator","floor":2},{"not_picked":["Leg Sweep","Bullet Time"],"picked":"Backstab","floor":6},{"not_picked":["Dagger Spray","Quick Slash"],"picked":"Outmaneuver","floor":8},{"not_picked":["Poisoned Stab","Acrobatics"],"picked":"Leg Sweep","floor":12},{"not_picked":["Noxious Fumes","Flying Knee"],"picked":"Cloak And Dagger","floor":13},{"not_picked":["Tools of the Trade","Unload"],"picked":"Venomology","floor":16},{"not_picked":["Dagger Spray","Caltrops","Dodge and Roll"],"picked":"SKIP","floor":18}],"player_experience":146976,"relics_obtained":[{"floor":6,"key":"Snake Skull"},{"floor":9,"key":"Smiling Mask"}],"event_choices":[{"cards_removed":["Strike_G"],"damage_healed":0,"gold_gain":0,"player_choice":"Card Removal","damage_taken":0,"max_hp_gain":0,"max_hp_loss":0,"event_name":"The Cleric","floor":3,"gold_loss":50},{"damage_healed":0,"gold_gain":0,"player_choice":"Take Damage","damage_taken":17,"relics_obtained":["Golden Idol"],"max_hp_gain":0,"max_hp_loss":0,"event_name":"Golden Idol","floor":4,"gold_loss":0},{"damage_healed":0,"gold_gain":100,"player_choice":"Pray","damage_taken":0,"max_hp_gain":0,"max_hp_loss":0,"event_name":"Golden Shrine","floor":11,"gold_loss":0},{"damage_healed":0,"gold_gain":175,"player_choice":"AGREE","damage_taken":0,"max_hp_gain":0,"max_hp_loss":0,"event_name":"Liars Game","floor":14,"gold_loss":0,"cards_obtained":["Doubt"]}],"is_beta":false,"boss_relics":[{"not_picked":["Sozu","Velvet Choker"],"picked":"Black Star"}],"items_purged_floors":[],"is_endless":false,"potions_floor_spawned":[1,8,12,16],"ascension_level":4}}