{"host":"test","time":1612450092,"event":{"mods":["BaseMod","Colored Map","Colored Powertips","MarisaÅiñ∂âJÅ@ñÇóùçπÅj","Minty Spire (QoL Compilation)","RNG Fix","Relic Stats","Spire Exporter","StSLib","ojb\u0027s Better Paths Mod","ojb\u0027s Info Mod"],"gold_per_floor":[118,132,150,69,69,69,103,103,103,159,159,209,221,275,287,422,434,487,499,14,14,50,50,105,105,105,115,159,209,209,235,235,361,361,396,396,6,6,48,101,31,87,87,143,143,160,205,245,245,245,245,245,39,95,95],"floor_reached":56,"language":"JPN","playtime":6116,"items_purged":["UpSweep"],"score":1574,"play_id":"94c426f0-0dc3-4790-bbc9-85b26a89ceb3","local_time":"20210204234812","is_ascension_mode":true,"campfire_choices":[{"data":"TreasureHunter","floor":6.0,"key":"SMITH"},{"data":"WitchOfGreed","floor":8.0,"key":"SMITH"},{"data":"Singularity","floor":13.0,"key":"SMITH"},{"data":"PowerUp","floor":15.0,"key":"SMITH"},{"floor":23,"key":"REST"},{"data":"CollectingQuirk","floor":25,"key":"SMITH"},{"floor":30,"key":"REST"},{"data":"SatelliteIllusion","floor":32,"key":"SMITH"},{"floor":49,"key":"RECALL"},{"floor":52,"key":"REST"}],"circlet_count":0,"master_deck":["MasterSpark","SatelliteIllusion+1","TreasureHunter+1","OortCloud+1","MagicAbsorber+1","NonDirectionalLaser+1","PowerUp+1","PulseMagic","MilkyWay","GalacticHalo","6A","StarDustReverie","WitchOfGreed+1","AsteroidBelt+1","Singularity+1","SprinkleStarSeal","UltimateShortwave","CurseOfTheBell","ManaConvection","UnstableBomb","RitualDagger","MagicChant+1","CollectingQuirk+1","ShootTheMoon+1","MachineGunSpark","OpenUniverse+1","EscapeVelocity","EarthLightRay","Dark Shackles","MilkyWay","Orbital","MagicChant+1","DeepEcoloBomb"],"relics":["Pandora\u0027s Box","Lantern","AmplifyWand","White Beast Statue","Nunchaku","Dream Catcher","Blood Vial","Pen Nib","MawBank","Calling Bell","Boot","Pear","Pocketwatch","Medical Kit","Bag of Marbles","Tiny Chest","Turnip","Whetstone","Sundial","Regal Pillow","HornCleat","Potion Belt","Fusion Hammer","Akabeko","Happy Flower","InkBottle","War Paint","Singing Bowl","Letter Opener","Anchor","SproutingBranch","Bag of Preparation","Toolbox","Blue Candle","Gremlin Horn"],"acts_visited":["TheCity","TheBeyond","TheEnding"],"potions_floor_usage":[18,22,24,31,40,55,55,55,55,55,55],"damage_taken":[{"damage":6.0,"enemies":"2 Louse","floor":1.0,"turns":2.0},{"damage":0.0,"enemies":"Jaw Worm","floor":2.0,"turns":4.0},{"damage":2.0,"enemies":"Small Slimes","floor":3.0,"turns":3.0},{"damage":2.0,"enemies":"3 Sentries","floor":7.0,"turns":8.0},{"damage":10.0,"enemies":"Lagavulin","floor":10.0,"turns":8.0},{"damage":20.0,"enemies":"Gremlin Nob","floor":12.0,"turns":7.0},{"damage":2.0,"enemies":"Looter","floor":14.0,"turns":4.0},{"damage":9.0,"enemies":"Slime Boss","floor":16.0,"turns":11.0},{"damage":23,"enemies":"3 Byrds","floor":18,"turns":6},{"damage":11,"enemies":"2 Thieves","floor":22,"turns":4},{"damage":10,"enemies":"Slavers","floor":24,"turns":6},{"damage":6,"enemies":"Snake Plant","floor":27,"turns":5},{"damage":17,"enemies":"Shelled Parasite and Fungi","floor":28,"turns":3},{"damage":0,"enemies":"Book of Stabbing","floor":31,"turns":1},{"damage":0,"enemies":"Automaton","floor":33,"turns":9},{"damage":16,"enemies":"3 Shapes","floor":35,"turns":2},{"damage":0,"enemies":"Orb Walker","floor":39,"turns":3},{"damage":0,"enemies":"Nemesis","floor":40,"turns":5},{"damage":3,"enemies":"Reptomancer","floor":42,"turns":8},{"damage":0,"enemies":"Giant Head","floor":44,"turns":6},{"damage":0,"enemies":"Jaw Worm Horde","floor":46,"turns":2},{"damage":0,"enemies":"4 Shapes","floor":47,"turns":9},{"damage":0,"enemies":"Spire Growth","floor":48,"turns":2},{"damage":6,"enemies":"Awakened One","floor":50,"turns":10},{"damage":0,"enemies":"Shield and Spear","floor":54,"turns":8},{"damage":2,"enemies":"The Heart","floor":55,"turns":6}],"seed_played":"-4043925605382911776","potions_obtained":[{"floor":2.0,"key":"PowerPotion"},{"floor":10.0,"key":"Ancient Potion"},{"floor":10.0,"key":"SpeedPotion"},{"floor":18,"key":"Block Potion"},{"floor":22,"key":"BottledSpark"},{"floor":24,"key":"SteroidPotion"},{"floor":27,"key":"Energy Potion"},{"floor":28,"key":"DuplicationPotion"},{"floor":31,"key":"Energy Potion"},{"floor":33,"key":"SpeedPotion"},{"floor":35,"key":"DistilledChaos"},{"floor":40,"key":"BlessingOfTheForge"},{"floor":44,"key":"EntropicBrew"}],"is_trial":false,"path_per_floor":["M","M","M","$","?","R","E","R","T","E","?","E","R","M","R","B",null,"M","?","$","?","M","R","E","R","T","M","M","T","R","E","R","B",null,"M","?","$","?","M","E","$","E","T","E","T","M","M","M","R","B",null,"R","$","E","B",null],"character_chosen":"MARISA","items_purchased":["StarDustReverie","UnstableBomb","Medical Kit","Bag of Marbles","Tiny Chest","EarthLightRay","Dark Shackles","Akabeko","MilkyWay","Orbital","Toolbox","PowerPotion"],"campfire_rested":3,"item_purchase_floors":[4,20,20,20,20,37,37,37,37,41,53,53],"current_hp_per_floor":[69,69,67,67,67,67,65,65,65,55,52,34,34,34,34,27,85,62,62,62,56,47,72,64,64,64,60,45,45,85,85,85,85,85,69,69,69,69,71,77,77,80,80,87,87,87,89,91,91,85,91,93,93,95,94],"gold":95,"neow_bonus":"BOSS_RELIC","is_daily":false,"chose_seed":false,"campfire_upgraded":6,"win_rate":0.0,"timestamp":1612450092,"path_taken":["M","M","M","$","?","R","E","R","T","E","?","E","R","?","R","BOSS","M","?","$","?","?","R","E","R","T","M","?","?","R","E","R","BOSS","M","?","$","?","M","E","?","E","T","E","?","M","?","M","R","BOSS","R","$","E","BOSS"],"items_purchased_type":["Card","Card","Relic","Relic","Relic","Card","Card","Relic","Card","Card","Relic","Potion"],"build_version":"2020-12-18","purchased_purges":1,"victory":true,"max_hp_per_floor":[75,75,75,75,75,75,75,75,75,75,75,75,75,75,75,75,85,85,85,85,85,85,85,85,85,85,85,85,85,85,85,85,85,85,85,85,85,85,85,85,85,85,85,87,87,87,89,91,91,91,91,93,93,95,95],"relic_stats":{"Regal Pillow":15,"Happy Flower":[19],"Singing Bowl":10,"Gremlin Horn":[0,0],"counters":[26,142],"Blue Candle":[1],"Pen Nib":[20],"Bag of Preparation":[12],"Whetstone":["NonDirectionalLaser","ShootTheMoon"],"Letter Opener":[146],"War Paint":["MagicAbsorber","AsteroidBelt"],"MawBank":96,"Boot":[228],"Medical Kit":[39],"Blood Vial":22,"Nunchaku":[21],"Dream Catcher":3,"Sundial":[30],"Pandora\u0027s Box":["RefractionSpark","SatelliteIllusion","TreasureHunter","OortCloud","MagicAbsorber","NonDirectionalLaser","PowerUp","PulseMagic"],"Tiny Chest":2,"Turnip":[4],"obtain_stats":[{"AmplifyWand":7,"Lantern":7,"Regal Pillow":29,"Singing Bowl":42,"Gremlin Horn":54,"Bag of Preparation":44,"Whetstone":24,"SproutingBranch":44,"Boot":17,"Blood Vial":11,"Nunchaku":10,"Dream Catcher":10,"HornCleat":31,"Sundial":26,"Toolbox":53,"Tiny Chest":20,"Fusion Hammer":34,"InkBottle":40,"Potion Belt":31,"Pear":17,"Happy Flower":38,"Blue Candle":54,"Pen Nib":12,"Letter Opener":42,"War Paint":40,"MawBank":12,"Medical Kit":20,"White Beast Statue":9,"Akabeko":37,"Calling Bell":17,"Anchor":43,"Pandora\u0027s Box":0,"Turnip":24,"Bag of Marbles":20,"MiniHakkero":0,"Pocketwatch":17,"Meat on the Bone":42},{"AmplifyWand":4,"Lantern":4,"Regal Pillow":13,"Singing Bowl":19,"Gremlin Horn":25,"Bag of Preparation":20,"Whetstone":11,"SproutingBranch":20,"Boot":8,"Blood Vial":5,"Nunchaku":5,"Dream Catcher":5,"HornCleat":14,"Sundial":11,"Toolbox":24,"Tiny Chest":9,"Fusion Hammer":15,"InkBottle":18,"Potion Belt":14,"Pear":8,"Happy Flower":16,"Blue Candle":25,"Pen Nib":6,"Letter Opener":19,"War Paint":18,"MawBank":6,"Medical Kit":9,"White Beast Statue":4,"Akabeko":16,"Calling Bell":8,"Anchor":19,"Pandora\u0027s Box":0,"Turnip":11,"Bag of Marbles":9,"MiniHakkero":0,"Pocketwatch":8,"Meat on the Bone":19},{"AmplifyWand":17,"Lantern":17,"Regal Pillow":71,"Singing Bowl":99,"Gremlin Horn":136,"Bag of Preparation":105,"Whetstone":63,"SproutingBranch":105,"Boot":47,"Blood Vial":25,"Nunchaku":25,"Dream Catcher":25,"HornCleat":72,"Sundial":63,"Toolbox":128,"Tiny Chest":53,"Fusion Hammer":81,"InkBottle":91,"Potion Belt":72,"Pear":47,"Happy Flower":83,"Blue Candle":136,"Pen Nib":32,"Letter Opener":99,"War Paint":91,"MawBank":32,"Medical Kit":53,"White Beast Statue":17,"Akabeko":83,"Calling Bell":47,"Anchor":99,"Pandora\u0027s Box":0,"Turnip":63,"Bag of Marbles":53,"MiniHakkero":0,"Pocketwatch":47,"Meat on the Bone":96}],"InkBottle":[31],"Pocketwatch":[54]},"card_choices":[{"not_picked":["6A","BlazeAway"],"picked":"MilkyWay","floor":1.0},{"not_picked":["PowerUp","Robbery"],"picked":"GalacticHalo","floor":2.0},{"not_picked":["BlazeAway","IllusionStar"],"picked":"6A","floor":3.0},{"not_picked":["ShootingEcho","ChargingUp"],"picked":"WitchOfGreed","floor":7.0},{"not_picked":["OortCloud","6A"],"picked":"AsteroidBelt","floor":10.0},{"not_picked":["UltimateShortwave","ChargingUp"],"picked":"Singularity","floor":12.0},{"not_picked":["MagicChant","OrrerysSun"],"picked":"SprinkleStarSeal","floor":14.0},{"not_picked":["SatelliteIllusion","SuperNova"],"picked":"UltimateShortwave","floor":16.0},{"not_picked":["Robbery","MysteriousBeam"],"picked":"ManaConvection","floor":18},{"not_picked":["Robbery","SporeBomb"],"picked":"MagicChant+1","floor":22},{"not_picked":["OneTimeOff","NonDirectionalLaser"],"picked":"CollectingQuirk","floor":23},{"not_picked":["Occultation","LuminesStrike"],"picked":"ShootTheMoon","floor":24},{"not_picked":["MysteriousBeam","Acceleration"],"picked":"MachineGunSpark","floor":27},{"not_picked":["UnstableBomb","DarkSpark","IllusionStar+1"],"picked":"SKIP","floor":28},{"not_picked":["IllusionStar+1","ChargingUp"],"picked":"OpenUniverse+1","floor":31},{"not_picked":["StarDustReverie","SatelliteIllusion"],"picked":"EscapeVelocity","floor":33},{"not_picked":["AlicesGift","WitchOfGreed","6A+1"],"picked":"SKIP","floor":35},{"not_picked":["6A","LuminesStrike+1","WitchLeyline+1"],"picked":"SKIP","floor":39},{"not_picked":["GrandCross","WitchLeyline","DarkSpark"],"picked":"SKIP","floor":40},{"not_picked":["6A","WitchOfGreed+1"],"picked":"MagicChant+1","floor":42},{"not_picked":["IllusionStar+1","ShootingEcho","BigCrunch"],"picked":"Singing Bowl","floor":44},{"not_picked":["ChargingUp","LuminesStrike"],"picked":"DeepEcoloBomb","floor":46},{"not_picked":["GrandCross+1","GasGiant","PulseMagic+1"],"picked":"Singing Bowl","floor":47},{"not_picked":["WitchLeyline+1","NonDirectionalLaser+1","OneTimeOff+1"],"picked":"Singing Bowl","floor":48},{"not_picked":["SporeBomb","WitchLeyline+1","RefractionSpark+1"],"picked":"Singing Bowl","floor":52},{"not_picked":["GrandCross+1","ShootingEcho","GravityBeat"],"picked":"Singing Bowl","floor":54}],"player_experience":2033395,"relics_obtained":[{"floor":7.0,"key":"Lantern"},{"floor":7.0,"key":"AmplifyWand"},{"floor":9.0,"key":"White Beast Statue"},{"floor":10.0,"key":"Nunchaku"},{"floor":10.0,"key":"Dream Catcher"},{"floor":12.0,"key":"Pen Nib"},{"floor":12.0,"key":"MawBank"},{"floor":17.0,"key":"Boot"},{"floor":17.0,"key":"Pear"},{"floor":17.0,"key":"Pocketwatch"},{"floor":24,"key":"Turnip"},{"floor":24,"key":"Whetstone"},{"floor":26,"key":"Sundial"},{"floor":29,"key":"Regal Pillow"},{"floor":31,"key":"HornCleat"},{"floor":31,"key":"Potion Belt"},{"floor":38,"key":"Happy Flower"},{"floor":40,"key":"InkBottle"},{"floor":40,"key":"War Paint"},{"floor":42,"key":"Singing Bowl"},{"floor":42,"key":"Letter Opener"},{"floor":43,"key":"Anchor"},{"floor":44,"key":"SproutingBranch"},{"floor":44,"key":"Bag of Preparation"},{"floor":54,"key":"Blue Candle"},{"floor":54,"key":"Gremlin Horn"}],"event_choices":[{"damage_healed":0.0,"max_hp_gain":0.0,"max_hp_loss":0.0,"gold_gain":0.0,"event_name":"Living Wall","player_choice":"Grow","floor":5.0,"gold_loss":0.0,"damage_taken":0.0,"cards_upgraded":["OortCloud"]},{"damage_healed":0.0,"max_hp_gain":0.0,"max_hp_loss":0.0,"gold_gain":0.0,"event_name":"Scrap Ooze","player_choice":"Success","floor":11.0,"gold_loss":0.0,"damage_taken":3.0,"relics_obtained":["Blood Vial"]},{"cards_removed":["RefractionSpark"],"damage_healed":0,"gold_gain":0,"player_choice":"Purged","damage_taken":0,"max_hp_gain":0,"max_hp_loss":0,"event_name":"Purifier","floor":19,"gold_loss":0},{"damage_healed":0,"gold_gain":0,"player_choice":"Joined the Cult","damage_taken":6,"max_hp_gain":0,"max_hp_loss":0,"event_name":"Nest","floor":21,"gold_loss":0,"cards_obtained":["RitualDagger"]},{"damage_healed":0,"gold_gain":0,"player_choice":"Ignored","damage_taken":0,"max_hp_gain":0,"max_hp_loss":0,"event_name":"Tomb of Lord Red Mask","floor":36,"gold_loss":0},{"damage_healed":0,"gold_gain":0,"player_choice":"Relic","damage_taken":0,"max_hp_gain":0,"max_hp_loss":0,"event_name":"Wheel of Change","floor":38,"gold_loss":0}],"is_beta":true,"boss_relics":[{"not_picked":["Velvet Choker","Ectoplasm"],"picked":"Calling Bell"},{"not_picked":["ExperimentalFamiliar","Empty Cage"],"picked":"Fusion Hammer"}],"items_purged_floors":[37],"is_endless":false,"potions_floor_spawned":[2,10,12,14,16,18,22,24,27,28,31,33,35,39,40,42,44,46,47,48,54],"ascension_level":1}}