{"host":"Oniwa","time":1612422408,"event":{"mods":["BaseMod","Colored Map","Colored Powertips","Minty Spire (QoL Compilation)","Relic Stats","Slay the Relics Exporter","SpireBot","StSLib","ojb\u0027s Better Paths Mod","ojb\u0027s Info Mod"],"gold_per_floor":[116,130,130,130,140,140,155,155,155,190,340,357,5,34,34,108,108,120,6,6,6,18,18,36,63,63,63,76,111,111,111,111,183,183,197,216,216,216,216],"floor_reached":38,"language":"JPN","playtime":2424,"items_purged":["Doubt"],"score":944,"play_id":"46c6e5e3-7bee-4976-8aa7-466fed4b36a5","local_time":"20210204160648","is_ascension_mode":true,"campfire_choices":[{"floor":6,"key":"REST"},{"data":"Brutality","floor":8,"key":"SMITH"},{"data":"Whirlwind","floor":15,"key":"SMITH"},{"data":"Immolate","floor":23,"key":"SMITH"},{"data":"Armaments","floor":27,"key":"SMITH"},{"floor":30,"key":"REST"},{"data":"Disarm","floor":32,"key":"SMITH"}],"circlet_count":0,"master_deck":["AscendersBane","Bash","Brutality+1","Sentinel","Evolve","Disarm+1","Rupture+1","Rage","Burning Pact","Heavy Blade","Sword Boomerang","Cleave","Shrug It Off","Pommel Strike","Bloodletting","Combust","Corruption","Immolate+1","Armaments+1","Whirlwind+1","Limit Break","Dark Embrace","Flame Barrier","Ghostly Armor+1","Fiend Fire","Injury","Seeing Red+1","Reaper","Spot Weakness+1","Shockwave+1"],"relics":["Pandora\u0027s Box","Meat on the Bone","Art of War","Membership Card","Turnip","Cursed Key","Kunai","Letter Opener","Toxic Egg 2","Coffee Dripper"],"acts_visited":["Exordium","TheCity","TheBeyond"],"potions_floor_usage":[16,18,25,33,38,38],"damage_taken":[{"damage":23,"enemies":"2 Louse","floor":1,"turns":5},{"damage":3,"enemies":"Cultist","floor":2,"turns":3},{"damage":7,"enemies":"Small Slimes","floor":5,"turns":3},{"damage":12,"enemies":"3 Louse","floor":7,"turns":4},{"damage":11,"enemies":"Lagavulin","floor":10,"turns":5},{"damage":27,"enemies":"Large Slime","floor":12,"turns":5},{"damage":20,"enemies":"3 Sentries","floor":14,"turns":3},{"damage":8,"enemies":"Slime Boss","floor":16,"turns":4},{"damage":29,"enemies":"2 Thieves","floor":18,"turns":3},{"damage":9,"enemies":"Spheric Guardian","floor":22,"turns":3},{"damage":6,"enemies":"Cultist and Chosen","floor":24,"turns":4},{"damage":8,"enemies":"Slavers","floor":25,"turns":2},{"damage":11,"enemies":"Shelled Parasite and Fungi","floor":28,"turns":3},{"damage":31,"enemies":"Book of Stabbing","floor":29,"turns":4},{"damage":43,"enemies":"Collector","floor":33,"turns":5},{"damage":2,"enemies":"3 Darklings","floor":35,"turns":2},{"damage":39,"enemies":"3 Shapes","floor":36,"turns":2},{"damage":32,"enemies":"Jaw Worm Horde","floor":38,"turns":3}],"seed_played":"453629978794271336","potions_obtained":[{"floor":1,"key":"LiquidMemories"},{"floor":10,"key":"SteroidPotion"},{"floor":18,"key":"EntropicBrew"},{"floor":25,"key":"LiquidMemories"}],"is_trial":false,"path_per_floor":["M","M","?","?","M","R","M","R","T","E","?","M","$","E","R","B",null,"M","$","?","?","M","R","M","E","T","R","M","E","R","T","R","B",null,"M","M","T","M"],"character_chosen":"IRONCLAD","items_purchased":["Membership Card","Corruption","Immolate","Armaments","Dark Embrace","Flame Barrier","SteroidPotion"],"campfire_rested":2,"item_purchase_floors":[13,13,13,13,19,19,19],"current_hp_per_floor":[45,42,42,42,35,57,45,45,45,46,46,31,31,23,23,27,63,46,46,46,46,49,49,43,47,47,47,48,29,51,51,51,20,61,59,32,32,0,0],"gold":216,"neow_bonus":"BOSS_RELIC","is_daily":false,"chose_seed":false,"campfire_upgraded":5,"win_rate":0.0,"timestamp":1612422408,"path_taken":["M","M","?","?","?","R","M","R","T","E","?","M","$","E","R","BOSS","M","$","?","?","M","R","M","E","T","R","M","E","R","?","R","BOSS","M","M","?","M"],"items_purchased_type":["Relic","Card","Card","Card","Card","Card","Potion"],"build_version":"2020-12-18","purchased_purges":1,"victory":false,"max_hp_per_floor":[75,75,75,75,75,75,75,75,75,75,75,75,75,75,75,75,75,75,75,75,75,75,75,75,75,75,75,75,75,75,75,75,75,75,75,75,75,75,75],"relic_stats":{"counters":[18,62],"Pandora\u0027s Box":["Havoc","Brutality","Sentinel","Evolve","Disarm","Rupture","Rage","Burning Pact","Heavy Blade"],"Turnip":[12],"Art of War":[9],"Kunai":[2],"Letter Opener":[35],"Cursed Key":1,"obtain_stats":[{"Pandora\u0027s Box":0,"Turnip":14,"Art of War":10,"Coffee Dripper":34,"Membership Card":13,"Kunai":25,"Letter Opener":26,"Toxic Egg 2":29,"Cursed Key":17,"Burning Blood":0,"Meat on the Bone":9},{"Pandora\u0027s Box":0,"Turnip":7,"Art of War":5,"Coffee Dripper":15,"Membership Card":6,"Kunai":12,"Letter Opener":12,"Toxic Egg 2":14,"Cursed Key":8,"Burning Blood":0,"Meat on the Bone":4},{"Pandora\u0027s Box":0,"Turnip":28,"Art of War":20,"Coffee Dripper":56,"Membership Card":25,"Kunai":44,"Letter Opener":44,"Toxic Egg 2":51,"Cursed Key":32,"Burning Blood":0,"Meat on the Bone":15}],"Meat on the Bone":132},"card_choices":[{"not_picked":["Blood for Blood","Wild Strike"],"picked":"Sword Boomerang","floor":1},{"not_picked":["Thunderclap","Flex"],"picked":"Cleave","floor":2},{"not_picked":["Ghostly Armor","Iron Wave"],"picked":"Shrug It Off","floor":5},{"not_picked":["Headbutt","Pummel"],"picked":"Pommel Strike","floor":7},{"not_picked":["Thunderclap","Flex"],"picked":"Bloodletting","floor":10},{"not_picked":["Anger","Pommel Strike"],"picked":"Combust","floor":12},{"not_picked":["Warcry","Pummel"],"picked":"Whirlwind","floor":14},{"not_picked":["Immolate","Double Tap"],"picked":"Limit Break","floor":16},{"not_picked":["Cleave+1","Combust","Clash"],"picked":"SKIP","floor":18},{"not_picked":["Rampage","Cleave"],"picked":"Ghostly Armor+1","floor":22},{"not_picked":["Clash","Sword Boomerang","Flex"],"picked":"SKIP","floor":24},{"not_picked":["Flex+1","Thunderclap+1"],"picked":"Fiend Fire","floor":25},{"not_picked":["Carnage","Fire Breathing","Heavy Blade"],"picked":"SKIP","floor":28},{"not_picked":["Reckless Charge","Carnage"],"picked":"Seeing Red+1","floor":29},{"not_picked":["Double Tap+1","Impervious+1"],"picked":"Reaper","floor":33},{"not_picked":["Thunderclap","Inflame"],"picked":"Spot Weakness+1","floor":35},{"not_picked":["Iron Wave","True Grit+1"],"picked":"Shockwave+1","floor":36}],"player_experience":2664291,"relics_obtained":[{"floor":9,"key":"Meat on the Bone"},{"floor":10,"key":"Art of War"},{"floor":14,"key":"Turnip"},{"floor":25,"key":"Kunai"},{"floor":26,"key":"Letter Opener"},{"floor":29,"key":"Toxic Egg 2"}],"event_choices":[{"damage_healed":0,"gold_gain":0,"player_choice":"Grow","damage_taken":0,"max_hp_gain":0,"max_hp_loss":0,"event_name":"Living Wall","floor":3,"gold_loss":0,"cards_upgraded":["Rupture"]},{"cards_removed":["Havoc"],"damage_healed":0,"gold_gain":0,"player_choice":"Purged","damage_taken":0,"max_hp_gain":0,"max_hp_loss":0,"event_name":"Purifier","floor":4,"gold_loss":0},{"damage_healed":0,"gold_gain":150,"player_choice":"AGREE","damage_taken":0,"max_hp_gain":0,"max_hp_loss":0,"event_name":"Liars Game","floor":11,"gold_loss":0,"cards_obtained":["Doubt"]},{"damage_healed":0,"gold_gain":0,"player_choice":"Ignored","damage_taken":0,"max_hp_gain":0,"max_hp_loss":0,"event_name":"Vampires","floor":20,"gold_loss":0},{"damage_healed":0,"gold_gain":0,"player_choice":"Ignored","damage_taken":0,"max_hp_gain":0,"max_hp_loss":0,"event_name":"The Mausoleum","floor":21,"gold_loss":0}],"is_beta":true,"boss_relics":[{"not_picked":["Velvet Choker","Runic Pyramid"],"picked":"Cursed Key"},{"not_picked":["Calling Bell","Fusion Hammer"],"picked":"Coffee Dripper"}],"items_purged_floors":[13],"is_endless":false,"potions_floor_spawned":[1,10,12,18,24,25,29],"killed_by":"Jaw Worm Horde","ascension_level":20}}