{"host":"wuernuywc9gl215o","time":1612477017,"event":{"mods":["AchievementEnabler","BaseMod","Block Reminder","Highlight Path","Key Reminder","Minty Spire (QoL Compilation)","Permanent Neow","Potion Indicator Mod","Quick Restart","Relic Stats"],"gold_per_floor":[114,129,79,94,113,148,161,336,387,387,387,405,79,92,92,166,166,178,196,196,13,31,31,61,73,73,0,0,0,0,14,14,14,14],"floor_reached":33,"language":"ENG","playtime":2662,"items_purged":["Doubt"],"score":457,"play_id":"2fe0bf5b-1065-4fd3-9b2a-2fc2f39eb90c","local_time":"20210204221657","is_ascension_mode":true,"campfire_choices":[{"floor":10.0,"key":"REST"},{"floor":15.0,"key":"REST"},{"floor":23.0,"key":"REST"},{"floor":29.0,"key":"REST"},{"floor":32,"key":"REST"}],"circlet_count":0,"master_deck":["AscendersBane","Strike_G+1","Strike_G+1","Strike_G+1","Strike_G+1","Defend_G+1","Defend_G+1","Defend_G+1","Defend_G+1","Defend_G+1","Survivor","Neutralize","Dodge and Roll+1","Slice","Deadly Poison","Infinite Blades","Escape Plan","Crippling Poison","Footwork","Poisoned Stab","Well Laid Plans","Flying Knee","Adrenaline","PiercingWail","Cloak And Dagger","Leg Sweep","Accuracy","Deflect","Slice+1"],"relics":["Ring of the Snake","Bag of Preparation","War Paint","Centennial Puzzle","Medical Kit","WristBlade","Question Card","Blood Vial","White Beast Statue","keyreminder:keyreminder"],"acts_visited":["Exordium","TheCity"],"potions_floor_usage":[31,33],"damage_taken":[{"damage":7.0,"enemies":"Small Slimes","floor":1.0,"turns":4.0},{"damage":1.0,"enemies":"2 Louse","floor":2.0,"turns":5.0},{"damage":0.0,"enemies":"Cultist","floor":4.0,"turns":5.0},{"damage":10.0,"enemies":"Exordium Wildlife","floor":5.0,"turns":7.0},{"damage":27.0,"enemies":"Lagavulin","floor":6.0,"turns":6.0},{"damage":2.0,"enemies":"Large Slime","floor":7.0,"turns":7.0},{"damage":2.0,"enemies":"Blue Slaver","floor":12.0,"turns":4.0},{"damage":2.0,"enemies":"Looter","floor":14.0,"turns":4.0},{"damage":22.0,"enemies":"Slime Boss","floor":16.0,"turns":11.0},{"damage":1.0,"enemies":"Chosen","floor":18.0,"turns":5.0},{"damage":3.0,"enemies":"Spheric Guardian","floor":19.0,"turns":5.0},{"damage":15.0,"enemies":"Snecko","floor":22.0,"turns":6.0},{"damage":44.0,"enemies":"Gremlin Leader","floor":24.0,"turns":11.0},{"damage":3.0,"enemies":"Sentry and Sphere","floor":25.0,"turns":7.0},{"damage":3,"enemies":"Chosen and Byrds","floor":31,"turns":6},{"damage":56,"enemies":"Champ","floor":33,"turns":14}],"seed_played":"8532205436417517975","potions_obtained":[{"floor":1.0,"key":"SteroidPotion"},{"floor":5.0,"key":"AttackPotion"},{"floor":12.0,"key":"Strength Potion"},{"floor":14.0,"key":"Energy Potion"},{"floor":18.0,"key":"Dexterity Potion"},{"floor":24.0,"key":"Energy Potion"},{"floor":25.0,"key":"Swift Potion"},{"floor":31,"key":"Energy Potion"}],"is_trial":false,"path_per_floor":["M","M","?","M","M","E","M","?","T","R","?","M","$","M","R","B",null,"M","M","T","$","M","R","E","M","T","?","?","R","$","M","R","B"],"character_chosen":"THE_SILENT","items_purchased":["Medical Kit","Poisoned Stab","Well Laid Plans","Blood Vial","Leg Sweep"],"campfire_rested":5,"item_purchase_floors":[13,13,13,21,21],"current_hp_per_floor":[52,51,51,51,41,14,12,12,12,31,31,29,29,27,46,24,56,55,52,52,52,39,58,16,15,15,15,15,34,34,33,52,0,0],"gold":14,"neow_bonus":"RANDOM_COMMON_RELIC","is_daily":false,"chose_seed":false,"campfire_upgraded":0,"win_rate":0.0,"timestamp":1612477017,"path_taken":["M","M","?","M","M","E","M","?","T","R","?","M","$","M","R","BOSS","M","M","?","$","M","R","E","M","T","?","?","R","?","M","R","BOSS"],"items_purchased_type":["Relic","Card","Card","Relic","Card"],"build_version":"2020-12-22","purchased_purges":1,"victory":false,"max_hp_per_floor":[66,66,66,66,66,66,66,66,66,66,66,66,66,66,66,66,66,66,66,66,66,66,66,66,66,66,66,66,66,66,66,66,66,66],"relic_stats":{"Blood Vial":10,"Centennial Puzzle":[30],"counters":[16,107],"Bag of Preparation":[32],"War Paint":["Defend_G","Defend_G"],"Medical Kit":[5],"Question Card":4,"obtain_stats":[{"Blood Vial":21,"keyreminder:keyreminder":26,"Centennial Puzzle":9,"WristBlade":17,"Bag of Preparation":0,"War Paint":6,"Medical Kit":13,"Question Card":20,"White Beast Statue":24,"Ring of the Snake":0},{"Blood Vial":11,"keyreminder:keyreminder":14,"Centennial Puzzle":6,"WristBlade":9,"Bag of Preparation":0,"War Paint":5,"Medical Kit":7,"Question Card":11,"White Beast Statue":13,"Ring of the Snake":0},{"Blood Vial":63,"keyreminder:keyreminder":87,"Centennial Puzzle":34,"WristBlade":53,"Bag of Preparation":0,"War Paint":27,"Medical Kit":38,"Question Card":63,"White Beast Statue":80,"Ring of the Snake":0}],"Ring of the Snake":[32]},"card_choices":[{"not_picked":["Choke","Reflex"],"picked":"Dodge and Roll","floor":1.0},{"not_picked":["Prepared","Backflip"],"picked":"Slice","floor":2.0},{"not_picked":["Dodge and Roll","Phantasmal Killer"],"picked":"Deadly Poison","floor":4.0},{"not_picked":["Choke","Outmaneuver"],"picked":"Infinite Blades","floor":5.0},{"not_picked":["Outmaneuver","Sucker Punch"],"picked":"Escape Plan","floor":6.0},{"not_picked":["Flechettes","Sucker Punch"],"picked":"Crippling Poison","floor":7.0},{"not_picked":["Cloak And Dagger","Flechettes"],"picked":"Footwork","floor":12.0},{"not_picked":["Slice","Outmaneuver"],"picked":"Flying Knee","floor":14.0},{"not_picked":["Glass Knife","Night Terror"],"picked":"Adrenaline","floor":16.0},{"not_picked":["Poisoned Stab","Prepared"],"picked":"PiercingWail","floor":18.0},{"not_picked":["Deflect","Bane"],"picked":"Cloak And Dagger","floor":19.0},{"not_picked":["Predator","Bane+1","Bouncing Flask"],"picked":"Accuracy","floor":22.0},{"not_picked":["Outmaneuver","Sucker Punch","Infinite Blades"],"picked":"Deflect","floor":24.0},{"not_picked":["Deadly Poison","Dagger Spray+1","Venomology"],"picked":"Slice+1","floor":25.0},{"not_picked":["Bane","Concentrate","Acrobatics","Finisher"],"picked":"SKIP","floor":31}],"player_experience":821585,"relics_obtained":[{"floor":6.0,"key":"War Paint"},{"floor":9.0,"key":"Centennial Puzzle"},{"floor":20.0,"key":"Question Card"},{"floor":24.0,"key":"White Beast Statue"}],"event_choices":[{"cards_removed":["Strike_G"],"damage_healed":0.0,"max_hp_gain":0.0,"max_hp_loss":0.0,"gold_gain":0.0,"event_name":"The Cleric","player_choice":"Card Removal","floor":3.0,"gold_loss":50.0,"damage_taken":0.0},{"damage_healed":0.0,"max_hp_gain":0.0,"max_hp_loss":0.0,"gold_gain":175.0,"event_name":"Liars Game","player_choice":"AGREE","floor":8.0,"gold_loss":0.0,"damage_taken":0.0,"cards_obtained":["Doubt"]},{"damage_healed":0.0,"max_hp_gain":0.0,"max_hp_loss":0.0,"gold_gain":0.0,"event_name":"Upgrade Shrine","player_choice":"Upgraded","floor":11.0,"gold_loss":0.0,"damage_taken":0.0,"cards_upgraded":["Dodge and Roll"]},{"damage_healed":0.0,"max_hp_gain":0.0,"max_hp_loss":0.0,"gold_gain":0.0,"event_name":"Masked Bandits","player_choice":"Paid Fearfully","floor":27.0,"gold_loss":73.0,"damage_taken":0.0},{"damage_healed":0.0,"max_hp_gain":0.0,"max_hp_loss":0.0,"gold_gain":0.0,"event_name":"Back to Basics","player_choice":"Simplicity","floor":28.0,"gold_loss":0.0,"damage_taken":0.0,"cards_upgraded":["Strike_G","Strike_G","Strike_G","Strike_G","Defend_G","Defend_G","Defend_G"]}],"is_beta":false,"boss_relics":[{"not_picked":["Empty Cage","Philosopher\u0027s Stone"],"picked":"WristBlade"}],"items_purged_floors":[13],"is_endless":false,"potions_floor_spawned":[1,5,12,14,18,24,25,31],"killed_by":"Champ","ascension_level":14}}