{"host":"l5zfpd2l2htson6l","time":1612468073,"event":{"mods":["AchievementEnabler","BaseMod","Colored Map","Colored Powertips","Minty Spire (QoL Compilation)","Permanent Neow","Quick Restart","Rare Cards Sparkle","Relic Stats","SuperFastMode"],"gold_per_floor":[116,133,152,164,180,210,210,222,222,91,121,121,138,173,173,256,256,273,294,227,256,7,35,52,94,185,196,218,218,218,254,254,254,254],"floor_reached":33,"language":"ENG","playtime":2008,"items_purged":["Strike_R"],"score":672,"play_id":"9893504a-4987-474f-9193-59bff320cd9e","local_time":"20210204114753","is_ascension_mode":true,"campfire_choices":[{"data":"Shockwave","floor":7,"key":"SMITH"},{"floor":12,"key":"REST"},{"data":"Evolve","floor":15,"key":"SMITH"},{"data":"Shrug It Off","floor":29,"key":"SMITH"},{"data":"Battle Trance","floor":32,"key":"SMITH"}],"circlet_count":0,"master_deck":["AscendersBane","Strike_R+1","Strike_R+1","Strike_R+1","Strike_R+1","Defend_R+1","Defend_R+1","Defend_R+1","Defend_R+1","Bash","Shockwave+1","Whirlwind+1","Spot Weakness","Ghostly Armor","Evolve+1","Shrug It Off+1","Corruption","Headbutt","Fiend Fire","Brutality","Battle Trance+1","Inflame","Pain","Heavy Blade","Regret"],"relics":["Burning Blood","PreservedInsect","Whetstone","Tiny Chest","CeramicFish","Cursed Key","Sundial","Orichalcum","Red Skull","Bird Faced Urn","Ancient Tea Set"],"acts_visited":["Exordium","TheCity"],"potions_floor_usage":[5,6,11,16,25,33,33],"damage_taken":[{"damage":12,"enemies":"Cultist","floor":1,"turns":4},{"damage":9,"enemies":"2 Louse","floor":2,"turns":3},{"damage":6,"enemies":"Jaw Worm","floor":3,"turns":5},{"damage":6,"enemies":"Looter","floor":4,"turns":5},{"damage":24,"enemies":"Exordium Wildlife","floor":5,"turns":5},{"damage":20,"enemies":"3 Sentries","floor":6,"turns":3},{"damage":15,"enemies":"Red Slaver","floor":8,"turns":5},{"damage":8,"enemies":"Gremlin Nob","floor":11,"turns":3},{"damage":7,"enemies":"Looter","floor":13,"turns":4},{"damage":5,"enemies":"3 Sentries","floor":14,"turns":4},{"damage":25,"enemies":"Slime Boss","floor":16,"turns":9},{"damage":0,"enemies":"3 Byrds","floor":18,"turns":5},{"damage":38,"enemies":"Spheric Guardian","floor":19,"turns":6},{"damage":9,"enemies":"Snecko","floor":21,"turns":4},{"damage":41,"enemies":"Book of Stabbing","floor":23,"turns":5},{"damage":7,"enemies":"Cultist and Chosen","floor":24,"turns":5},{"damage":0,"enemies":"Slavers","floor":25,"turns":1},{"damage":1,"enemies":"Chosen and Byrds","floor":27,"turns":3},{"damage":30,"enemies":"Snake Plant","floor":28,"turns":4},{"damage":33,"enemies":"Automaton","floor":33,"turns":4}],"seed_played":"6668604189398870350","potions_obtained":[{"floor":4,"key":"SteroidPotion"},{"floor":5,"key":"SteroidPotion"},{"floor":6,"key":"FairyPotion"},{"floor":8,"key":"SteroidPotion"},{"floor":13,"key":"ElixirPotion"},{"floor":14,"key":"Swift Potion"},{"floor":23,"key":"AttackPotion"},{"floor":27,"key":"CultistPotion"}],"is_trial":false,"path_per_floor":["M","M","M","M","M","E","R","M","T","$","E","R","M","E","R","B",null,"M","M","?","M","$","E","M","E","T","M","M","R","?","T","R","B"],"character_chosen":"IRONCLAD","items_purchased":["Shrug It Off","Orichalcum","DuplicationPotion"],"campfire_rested":1,"item_purchase_floors":[10,22,22],"current_hp_per_floor":[69,66,66,66,48,34,34,25,25,25,23,47,46,47,47,28,69,75,43,43,40,40,29,28,34,34,41,25,25,25,25,25,0,0],"gold":254,"neow_bonus":"TEN_PERCENT_HP_BONUS","is_daily":false,"chose_seed":false,"campfire_upgraded":4,"win_rate":0.0,"timestamp":1612468073,"path_taken":["M","M","M","M","M","E","R","?","T","?","E","R","M","E","R","BOSS","M","M","?","M","$","E","M","E","T","?","M","R","?","?","R","BOSS"],"items_purchased_type":["Card","Relic","Potion"],"build_version":"2020-12-22","purchased_purges":1,"victory":false,"max_hp_per_floor":[82,82,82,82,82,82,82,82,82,82,82,82,82,82,82,82,82,82,82,82,82,82,82,82,82,82,82,82,82,82,82,82,82,82],"relic_stats":{"counters":[20,87],"Sundial":[2],"CeramicFish":72,"Bird Faced Urn":[18],"Tiny Chest":1,"PreservedInsect":141,"Whetstone":["Strike_R","Whirlwind"],"Orichalcum":[36],"Cursed Key":2,"obtain_stats":[{"Sundial":20,"CeramicFish":14,"Bird Faced Urn":25,"Tiny Chest":11,"PreservedInsect":6,"Whetstone":9,"Orichalcum":22,"Cursed Key":17,"Ancient Tea Set":31,"Burning Blood":0,"Red Skull":23},{"Sundial":13,"CeramicFish":10,"Bird Faced Urn":17,"Tiny Chest":8,"PreservedInsect":6,"Whetstone":7,"Orichalcum":14,"Cursed Key":11,"Ancient Tea Set":19,"Burning Blood":0,"Red Skull":15},{"Sundial":61,"CeramicFish":41,"Bird Faced Urn":76,"Tiny Chest":33,"PreservedInsect":25,"Whetstone":30,"Orichalcum":65,"Cursed Key":50,"Ancient Tea Set":83,"Burning Blood":0,"Red Skull":70}],"Burning Blood":114},"card_choices":[{"not_picked":["Warcry","True Grit","Perfected Strike"],"picked":"SKIP","floor":1},{"not_picked":["Heavy Blade","True Grit","Flex"],"picked":"SKIP","floor":2},{"not_picked":["Exhume","Second Wind"],"picked":"Shockwave","floor":3},{"not_picked":["Uppercut","Second Wind"],"picked":"Whirlwind","floor":4},{"not_picked":["Rage","Thunderclap"],"picked":"Spot Weakness","floor":5},{"not_picked":["Armaments","Heavy Blade"],"picked":"Ghostly Armor","floor":6},{"not_picked":["Heavy Blade","Wild Strike"],"picked":"Evolve","floor":8},{"not_picked":["Dark Embrace","Clash"],"picked":"Corruption","floor":11},{"not_picked":["Rampage","Power Through","Wild Strike"],"picked":"SKIP","floor":13},{"not_picked":["Fire Breathing","Cleave"],"picked":"Headbutt","floor":14},{"not_picked":["Immolate","Barricade"],"picked":"Fiend Fire","floor":16},{"not_picked":["Sword Boomerang","Headbutt+1","Clothesline"],"picked":"SKIP","floor":18},{"not_picked":["Iron Wave","Body Slam"],"picked":"Brutality","floor":19},{"not_picked":["Clothesline","Shrug It Off"],"picked":"Battle Trance","floor":21},{"not_picked":["Searing Blow","Brutality","Bloodletting"],"picked":"SKIP","floor":23},{"not_picked":["Uppercut","Flex","Bloodletting"],"picked":"SKIP","floor":24},{"not_picked":["Anger","Iron Wave"],"picked":"Inflame","floor":25},{"not_picked":["Barricade","Perfected Strike+1","Wild Strike"],"picked":"SKIP","floor":27},{"not_picked":["Barricade","Perfected Strike+1","Wild Strike"],"picked":"SKIP","floor":27},{"not_picked":["Burning Pact","Body Slam"],"picked":"Heavy Blade","floor":28}],"player_experience":883515,"relics_obtained":[{"floor":6,"key":"PreservedInsect"},{"floor":9,"key":"Whetstone"},{"floor":11,"key":"Tiny Chest"},{"floor":14,"key":"CeramicFish"},{"floor":23,"key":"Red Skull"},{"floor":25,"key":"Bird Faced Urn"},{"floor":31,"key":"Ancient Tea Set"}],"event_choices":[{"damage_healed":0,"gold_gain":0,"player_choice":"Paid Gold","damage_taken":0,"relics_obtained":["Sundial"],"max_hp_gain":0,"max_hp_loss":0,"event_name":"WeMeetAgain","floor":20,"gold_loss":67},{"damage_healed":0,"gold_gain":0,"player_choice":"Simplicity","damage_taken":0,"max_hp_gain":0,"max_hp_loss":0,"event_name":"Back to Basics","floor":30,"gold_loss":0,"cards_upgraded":["Strike_R","Strike_R","Strike_R","Defend_R","Defend_R","Defend_R","Defend_R"]}],"is_beta":false,"boss_relics":[{"not_picked":["Calling Bell","Coffee Dripper"],"picked":"Cursed Key"}],"items_purged_floors":[10],"is_endless":false,"potions_floor_spawned":[4,5,6,8,13,14,23,24,27],"killed_by":"Automaton","ascension_level":20}}