{"host":"6pfj0wha12yu6wq3","time":1612482299,"event":{"mods":["AchievementEnabler","BaseMod","Colored Map","Colored Powertips","Curses Come First","DeckTracker","Minty Spire (QoL Compilation)","RNG Fix","Relic Sorter","Relic Stats","StSLib","UnlockEverythingMod","ojb\u0027s Better Paths Mod","ojb\u0027s Info Mod"],"gold_per_floor":[369,369,104,104,118,118,152,152,200,145,179,197,217,240,240,336,336,336,336,336,336,336,336,336,336,336],"floor_reached":25,"language":"ENG","playtime":1403,"items_purged":["Defend_G"],"score":508,"play_id":"1cddbb2f-7e41-4dc1-b466-cda43ae1d52b","local_time":"20210204184459","is_ascension_mode":true,"campfire_choices":[{"data":"Neutralize","floor":6.0,"key":"SMITH"},{"floor":15,"key":"REST"},{"data":"Wraith Form v2","floor":24,"key":"SMITH"}],"circlet_count":0,"master_deck":["AscendersBane","Strike_G","Strike_G","Strike_G","Strike_G","Strike_G","Defend_G","Defend_G","Defend_G","Defend_G","Survivor","Neutralize+1","Backflip","Dagger Throw","Slice","Finisher","Infinite Blades","Wraith Form v2+1","Wraith Form v2+1","Tactician+1","Dagger Throw","Wraith Form v2"],"relics":["Ring of the Snake","Golden Idol","Centennial Puzzle","Dream Catcher","Du-Vu Doll","Ectoplasm","Nloth\u0027s Gift","Juzu Bracelet"],"acts_visited":["Exordium","TheCity"],"potions_floor_usage":[7,11,14,16,20,23],"damage_taken":[{"damage":0.0,"enemies":"Jaw Worm","floor":1.0,"turns":7.0},{"damage":7.0,"enemies":"Small Slimes","floor":5.0,"turns":3.0},{"damage":17,"enemies":"3 Sentries","floor":7,"turns":7},{"damage":0,"enemies":"Gremlin Nob","floor":11,"turns":3},{"damage":0,"enemies":"2 Louse","floor":12,"turns":1},{"damage":0,"enemies":"Large Slime","floor":13,"turns":2},{"damage":11,"enemies":"Exordium Wildlife","floor":14,"turns":4},{"damage":9,"enemies":"Slime Boss","floor":16,"turns":8},{"damage":4,"enemies":"Spheric Guardian","floor":18,"turns":5},{"damage":0,"enemies":"3 Byrds","floor":20,"turns":3},{"damage":3,"enemies":"Gremlin Leader","floor":23,"turns":7},{"damage":39,"enemies":"Slavers","floor":25,"turns":11}],"seed_played":"-1383344014058004958","potions_obtained":[{"floor":1.0,"key":"AttackPotion"},{"floor":7,"key":"Fire Potion"},{"floor":11,"key":"FearPotion"},{"floor":12,"key":"LiquidMemories"},{"floor":14,"key":"LiquidBronze"},{"floor":18,"key":"GamblersBrew"}],"is_trial":false,"path_per_floor":["M","?","$","?","M","R","E","?","T","?","E","M","M","M","R","B",null,"M","?","M","?","?","E","R","E"],"character_chosen":"THE_SILENT","items_purchased":["Akabeko","Dagger Throw"],"campfire_rested":1,"item_purchase_floors":[3,3],"current_hp_per_floor":[59,54,54,36,29,29,12,12,12,12,12,12,12,1,17,8,43,39,39,39,39,39,36,36,0,0],"gold":336,"neow_bonus":"TWO_FIFTY_GOLD","is_daily":false,"chose_seed":false,"campfire_upgraded":2,"win_rate":0.0,"timestamp":1612482299,"path_taken":["M","?","$","?","M","R","E","?","T","?","E","?","M","?","R","BOSS","M","?","M","?","?","E","R","E"],"items_purchased_type":["Relic","Card"],"build_version":"2020-12-22","purchased_purges":1,"victory":false,"max_hp_per_floor":[60,54,54,54,54,54,54,54,54,54,54,54,54,54,54,54,54,54,54,54,54,54,54,54,54,54],"relic_stats":{"Centennial Puzzle":[21],"Dream Catcher":1,"counters":[12,61],"Golden Idol":63,"Ectoplasm":68,"Nloth\u0027s Gift":0,"Juzu Bracelet":0,"obtain_stats":[{"Du-Vu Doll":11,"Centennial Puzzle":4,"Dream Catcher":7,"Golden Idol":2,"Ectoplasm":17,"Nloth\u0027s Gift":19,"Juzu Bracelet":23,"Akabeko":3,"Ring of the Snake":0},{"Du-Vu Doll":4,"Centennial Puzzle":1,"Dream Catcher":3,"Golden Idol":1,"Ectoplasm":8,"Nloth\u0027s Gift":9,"Juzu Bracelet":11,"Akabeko":1,"Ring of the Snake":0},{"Du-Vu Doll":20,"Centennial Puzzle":7,"Dream Catcher":17,"Golden Idol":7,"Ectoplasm":35,"Nloth\u0027s Gift":40,"Juzu Bracelet":50,"Akabeko":7,"Ring of the Snake":0}],"Ring of the Snake":[24]},"card_choices":[{"not_picked":["Escape Plan","Dodge and Roll","Backflip"],"picked":"SKIP","floor":1.0},{"not_picked":["Escape Plan","Dodge and Roll"],"picked":"Backflip","floor":1.0},{"not_picked":["Dagger Throw","Deflect"],"picked":"Slice","floor":5.0},{"not_picked":["Acrobatics","Cloak And Dagger"],"picked":"Finisher","floor":7},{"not_picked":["Footwork","Blur","Skewer"],"picked":"SKIP","floor":11},{"not_picked":["Prepared","Flying Knee"],"picked":"Infinite Blades","floor":12},{"not_picked":["Deflect","Setup"],"picked":"Wraith Form v2","floor":13},{"not_picked":["Noxious Fumes","Dodge and Roll","Outmaneuver"],"picked":"SKIP","floor":14},{"not_picked":["Bullet Time","Unload"],"picked":"Wraith Form v2","floor":16},{"not_picked":["Acrobatics","Quick Slash"],"picked":"Tactician+1","floor":18},{"not_picked":["Sucker Punch","Deadly Poison+1"],"picked":"Dagger Throw","floor":20},{"not_picked":["Setup","Well Laid Plans","Sucker Punch"],"picked":"SKIP","floor":23}],"player_experience":623595,"relics_obtained":[{"floor":7,"key":"Dream Catcher"},{"floor":11,"key":"Du-Vu Doll"},{"floor":23,"key":"Juzu Bracelet"}],"event_choices":[{"damage_healed":0.0,"max_hp_gain":0.0,"max_hp_loss":6.0,"gold_gain":0.0,"event_name":"Golden Idol","player_choice":"Lose Max HP","floor":2.0,"gold_loss":0.0,"damage_taken":0.0,"relics_obtained":["Golden Idol"]},{"damage_healed":0.0,"max_hp_gain":0.0,"max_hp_loss":0.0,"gold_gain":0.0,"event_name":"Scrap Ooze","player_choice":"Success","floor":4.0,"gold_loss":0.0,"damage_taken":18.0,"relics_obtained":["Centennial Puzzle"]},{"damage_healed":0,"gold_gain":0,"player_choice":"0 cards matched","damage_taken":0,"max_hp_gain":0,"max_hp_loss":0,"event_name":"Match and Keep!","floor":8,"gold_loss":0,"cards_obtained":[]},{"damage_healed":0,"gold_gain":0,"player_choice":"Left Gold","damage_taken":0,"max_hp_gain":0,"max_hp_loss":0,"event_name":"World of Goop","floor":10,"gold_loss":55},{"damage_healed":0,"gold_gain":0,"player_choice":"Traded Relic","damage_taken":0,"relics_obtained":["Nloth\u0027s Gift"],"max_hp_gain":0,"max_hp_loss":0,"event_name":"N\u0027loth","floor":19,"relics_lost":["Akabeko"],"gold_loss":0},{"damage_healed":0,"gold_gain":0,"player_choice":"Copied","damage_taken":0,"max_hp_gain":0,"max_hp_loss":0,"event_name":"Duplicator","floor":21,"gold_loss":0,"cards_obtained":["Wraith Form v2"]},{"damage_healed":0,"gold_gain":0,"player_choice":"Upgraded","damage_taken":0,"max_hp_gain":0,"max_hp_loss":0,"event_name":"Upgrade Shrine","floor":22,"gold_loss":0,"cards_upgraded":["Wraith Form v2"]}],"is_beta":false,"boss_relics":[{"not_picked":["Sozu","Velvet Choker"],"picked":"Ectoplasm"}],"items_purged_floors":[3],"is_endless":false,"potions_floor_spawned":[1,7,11,12,14,18],"killed_by":"Slavers","ascension_level":20}}