{"host":"xo0glkmxta74xh34","time":1612478008,"event":{"mods":["BaseMod","Downfall","Minty Spire (QoL Compilation)","Replay The Spire","StSLib"],"gold_per_floor":[12,287,84,101,139,186,86,66,66,96,116,127,157,196,196,299,299,316,316,368,368,385,385,415,427,495,522,536,461,461,475,475,475,475],"floor_reached":33,"language":"ENG","playtime":2220,"items_purged":["Regret","Strike_P"],"score":302,"play_id":"fab531c4-0863-4e34-ba27-fcf5aacf0135","local_time":"20210204163328","is_ascension_mode":false,"campfire_choices":[{"data":"Regret","floor":23,"key":"PURGE"},{"floor":30,"key":"REST"},{"floor":32,"key":"REST"}],"circlet_count":0,"master_deck":["Strike_P","Strike_P","Strike_P","Defend_P","Defend_P","Defend_P","Defend_P","Eruption","Vigilance","Ragnarok","TalkToTheHand","Mayhem","HandOfGreed","The Bomb","ForeignInfluence+1","TalkToTheHand","Omniscience+1","Hallucinations","Vault+1","TalkToTheHand","Protect+1"],"relics":["PureWater","ReplayTheSpireMod:ShopPack","Kunai","Replay:Accelerometer","Toxic Egg 2","Tiny Chest","Replay:Ancient Bell","Blue Doll","Matryoshka","Peace Pipe","Bag of Marbles","Anchor","Bag of Preparation","Mummified Hand","Pear","ReplayTheSpireMod:Lightbulb"],"acts_visited":["Exordium","TheCity"],"potions_floor_usage":[13,16,16,16,24,33,33],"damage_taken":[{"damage":0,"enemies":"Jaw Worm","floor":1,"turns":2},{"damage":0,"enemies":"Cultist","floor":4,"turns":2},{"damage":6,"enemies":"2 Louse","floor":5,"turns":5},{"damage":0,"enemies":"Gremlin Nob","floor":6,"turns":3},{"damage":7,"enemies":"Blue Slaver","floor":11,"turns":5},{"damage":10,"enemies":"Exordium Wildlife","floor":12,"turns":3},{"damage":4,"enemies":"3 Sentries","floor":13,"turns":6},{"damage":16,"enemies":"Large Slime","floor":14,"turns":3},{"damage":5,"enemies":"Hexaghost","floor":16,"turns":10},{"damage":0,"enemies":"Spheric Guardian","floor":18,"turns":2},{"damage":2,"enemies":"Chosen","floor":22,"turns":3},{"damage":56,"enemies":"Gremlin Leader","floor":24,"turns":7},{"damage":9,"enemies":"Snake Plant","floor":25,"turns":4},{"damage":0,"enemies":"Snecko","floor":28,"turns":2},{"damage":5,"enemies":"3 Cultists","floor":31,"turns":3},{"damage":77,"enemies":"Pondfish","floor":33,"turns":15}],"seed_played":"4980653427042693951","potions_obtained":[{"floor":4,"key":"Reflective Coating"},{"floor":5,"key":"Block Potion"},{"floor":6,"key":"Fire Potion"},{"floor":13,"key":"SpeedPotion"},{"floor":15,"key":"Dexterity Potion"},{"floor":15,"key":"EssenceOfSteel"},{"floor":16,"key":"ColorlessPotion"},{"floor":25,"key":"Regen Potion"},{"floor":31,"key":"BottledMiracle"}],"is_trial":false,"path_per_floor":["M","?","$","M","M","E","$","?","T","?","M","M","E","M","R","B",null,"M","?","T","?","M","R","E","M","T","T","M","?","R","M","R","B"],"character_chosen":"WATCHER","items_purchased":["ReplayTheSpireMod:ShopPack"],"campfire_rested":2,"item_purchase_floors":[3],"current_hp_per_floor":[72,72,72,72,66,66,66,66,66,66,59,49,45,29,29,24,72,72,72,72,72,70,70,14,5,15,15,15,15,39,34,58,0,0],"gold":475,"neow_bonus":"THREE_RARE_CARDS","is_daily":false,"chose_seed":false,"campfire_upgraded":0,"win_rate":0.0,"timestamp":1612478008,"path_taken":["M","?","$","M","?","E","$","?","T","?","M","M","E","M","R","BOSS","M","?","?","?","M","R","E","M","T","?","?","?","R","M","R","BOSS"],"items_purchased_type":["Relic"],"build_version":"2020-12-22","purchased_purges":2,"victory":false,"max_hp_per_floor":[72,72,72,72,72,72,72,72,72,72,72,72,72,72,72,72,72,72,72,72,72,72,72,72,72,82,82,82,82,82,82,82,82,82],"card_choices":[{"not_picked":["SpiritShield","Brilliance"],"picked":"Ragnarok","floor":0},{"not_picked":["ClearTheMind","Halt"],"picked":"TalkToTheHand","floor":1},{"not_picked":["Thinking Ahead","Master of Strategy"],"picked":"Mayhem","floor":3},{"not_picked":["Thinking Ahead","Deep Breath"],"picked":"HandOfGreed","floor":3},{"not_picked":["Violence","ReplayUltimateDefense"],"picked":"The Bomb","floor":3},{"not_picked":["Meditate","FlyingSleeves","ThirdEye"],"picked":"SKIP","floor":4},{"not_picked":["DeceiveReality","Collect","ForeignInfluence"],"picked":"SKIP","floor":5},{"not_picked":["ReachHeaven","Replay:ManipulateFuture","JustLucky"],"picked":"SKIP","floor":6},{"not_picked":["ThirdEye+1","PathToVictory+1","Replay:AllIn+1"],"picked":"SKIP","floor":11},{"not_picked":["Replay:ManipulateFuture+1","PathToVictory+1","Replay:AtTheReady+1"],"picked":"SKIP","floor":12},{"not_picked":["CutThroughFate","Adaptation"],"picked":"ForeignInfluence+1","floor":13},{"not_picked":["Halt+1","FollowUp"],"picked":"TalkToTheHand","floor":14},{"not_picked":["Judgement+1","Alpha+1"],"picked":"Omniscience+1","floor":16},{"not_picked":["Pain","CurseOfTheBell"],"picked":"Voices","floor":17},{"not_picked":["Pain","downfall:Aged"],"picked":"Regret","floor":17},{"not_picked":["Overencumbered","downfall:Malfunctioning"],"picked":"Hallucinations","floor":17},{"not_picked":["Replay:AtTheReady+1","BowlingBash","Replay:ManipulateFuture+1"],"picked":"SKIP","floor":18},{"not_picked":["FlurryOfBlows+1","FearNoEvil"],"picked":"TalkToTheHand","floor":22},{"not_picked":["EmptyMind+1","Pray+1","JustLucky+1"],"picked":"SKIP","floor":24},{"not_picked":["Replay:BluntJabs+1","CrushJoints","WaveOfTheHand+1"],"picked":"SKIP","floor":25},{"not_picked":["Conclude","BattleHymn","SashWhip"],"picked":"SKIP","floor":28},{"not_picked":["Replay:Hum+1","DeceiveReality+1"],"picked":"Protect+1","floor":31}],"player_experience":364594,"relics_obtained":[{"floor":6,"key":"Kunai"},{"floor":9,"key":"Replay:Accelerometer"},{"floor":13,"key":"Tiny Chest"},{"floor":20,"key":"Bag of Marbles"},{"floor":20,"key":"Anchor"},{"floor":24,"key":"Bag of Preparation"},{"floor":26,"key":"Mummified Hand"},{"floor":26,"key":"Pear"},{"floor":27,"key":"ReplayTheSpireMod:Lightbulb"}],"event_choices":[{"damage_healed":0,"gold_gain":275,"player_choice":"Desecrate","damage_taken":0,"max_hp_gain":0,"max_hp_loss":0,"event_name":"Golden Shrine","floor":2,"gold_loss":0,"cards_obtained":["Regret"]},{"damage_healed":0,"gold_gain":0,"player_choice":"Left Gold","damage_taken":0,"max_hp_gain":0,"max_hp_loss":0,"event_name":"World of Goop","floor":8,"gold_loss":20},{"damage_healed":0,"gold_gain":30,"player_choice":"Searched \u00273\u0027 times","damage_taken":0,"relics_obtained":["Toxic Egg 2"],"max_hp_gain":0,"max_hp_loss":0,"event_name":"Dead Adventurer","floor":10,"gold_loss":0},{"damage_healed":0,"gold_gain":0,"player_choice":"Read","damage_taken":0,"max_hp_gain":0,"max_hp_loss":0,"event_name":"The Library","floor":19,"gold_loss":0,"cards_obtained":["Vault"]},{"damage_healed":0,"gold_gain":0,"player_choice":"Ignored","damage_taken":0,"max_hp_gain":0,"max_hp_loss":0,"event_name":"Ghosts","floor":21,"gold_loss":0},{"cards_removed":["Voices"],"damage_healed":0,"gold_gain":0,"player_choice":"Gave Gold","damage_taken":0,"max_hp_gain":0,"max_hp_loss":0,"event_name":"Beggar","floor":29,"gold_loss":75}],"is_beta":false,"boss_relics":[{"not_picked":["Painkiller Herb","Velvet Choker"],"picked":"Replay:Ancient Bell"},{"not_picked":["Juzu Bracelet","Blood Vial"],"picked":"Blue Doll"},{"not_picked":["ReplayTheSpireMod:Ninjato","Quantum Egg"],"picked":"Matryoshka"},{"not_picked":["Girya","Mango"],"picked":"Peace Pipe"}],"items_purged_floors":[3,7],"is_endless":false,"potions_floor_spawned":[4,5,6,13,16,25,31],"killed_by":"Pondfish","ascension_level":0}}