{"host":"uv5ws9rdk87e8i5k","time":1612466892,"event":{"mods":["AchievementEnabler","BaseMod","Colored Map","Jorbs\u0027s Wanderer Trilogy","Minty Spire (QoL Compilation)","Permanent Neow","Quick Restart","StSLib","SuperFastMode","The Necromancer"],"gold_per_floor":[115,130,143,158,108,139,156,181,181,209,223,582,582,602,602,602,602],"floor_reached":16,"language":"ENG","playtime":271,"items_purged":[],"score":130,"play_id":"95bb3936-80f9-4976-b864-49d801ef7f79","local_time":"20210204132812","is_ascension_mode":true,"campfire_choices":[{"data":"Havoc","floor":13,"key":"SMITH"},{"data":"Havoc","floor":15,"key":"SMITH"}],"circlet_count":0,"master_deck":["Strike_R","Strike_R","Strike_R","Strike_R","Defend_R","Defend_R","Defend_R","Defend_R","Bash","Pommel Strike","Clash","Seeing Red","Pommel Strike","Anger","Uppercut","Havoc","Havoc+1","Havoc+1"],"relics":["Burning Blood","Tiny Chest","Ginger","Pear","Lantern","Old Coin"],"acts_visited":["Exordium"],"potions_floor_usage":[12,16],"damage_taken":[{"damage":0.0,"enemies":"2 Louse","floor":1.0,"turns":3.0},{"damage":1.0,"enemies":"Jaw Worm","floor":2.0,"turns":3.0},{"damage":0.0,"enemies":"Small Slimes","floor":3.0,"turns":3.0},{"damage":5.0,"enemies":"Looter","floor":4.0,"turns":3.0},{"damage":16.0,"enemies":"Lagavulin","floor":6.0,"turns":5.0},{"damage":0.0,"enemies":"2 Fungi Beasts","floor":7.0,"turns":2.0},{"damage":22.0,"enemies":"Gremlin Nob","floor":8.0,"turns":4.0},{"damage":21.0,"enemies":"Lagavulin","floor":10.0,"turns":6.0},{"damage":2,"enemies":"Blue Slaver","floor":11,"turns":2},{"damage":0,"enemies":"Gremlin Nob","floor":12,"turns":2},{"damage":18,"enemies":"Gremlin Gang","floor":14,"turns":3},{"damage":0,"enemies":"Hexaghost","floor":16,"turns":1}],"seed_played":"722104637177035167","potions_obtained":[{"floor":1.0,"key":"SteroidPotion"},{"floor":3.0,"key":"EntropicBrew"},{"floor":4.0,"key":"SmokeBomb"},{"floor":12,"key":"Block Potion"},{"floor":14,"key":"Ancient Potion"}],"is_trial":false,"path_per_floor":["M","M","M","M","?","E","M","E","T","E","M","?","R","M","R","B"],"character_chosen":"IRONCLAD","items_purchased":[],"campfire_rested":0,"item_purchase_floors":[],"current_hp_per_floor":[80,80,80,80,80,70,76,60,70,55,59,65,65,53,53,71,71],"gold":602,"neow_bonus":"THREE_CARDS","is_daily":false,"chose_seed":false,"campfire_upgraded":2,"win_rate":0.0,"timestamp":1612466892,"path_taken":["M","M","M","M","?","E","M","E","T","E","M","?","R","M","R","BOSS"],"items_purchased_type":[],"build_version":"2020-12-22","purchased_purges":0,"victory":false,"max_hp_per_floor":[80,80,80,80,80,80,80,80,90,90,90,90,90,90,90,90,90],"card_choices":[{"not_picked":["Shrug It Off","Seeing Red"],"picked":"Pommel Strike","floor":0.0},{"not_picked":["Rage","Cleave"],"picked":"Clash","floor":1.0},{"not_picked":["Combust","Shrug It Off"],"picked":"Seeing Red","floor":2.0},{"not_picked":["Anger","Uppercut"],"picked":"Pommel Strike","floor":3.0},{"not_picked":["Twin Strike","Power Through"],"picked":"Anger","floor":4.0},{"not_picked":["Bloodletting","Wild Strike","Heavy Blade"],"picked":"SKIP","floor":6.0},{"not_picked":["Evolve","Juggernaut","Twin Strike"],"picked":"SKIP","floor":7.0},{"not_picked":["Thunderclap","Anger"],"picked":"Uppercut","floor":8.0},{"not_picked":["Combust","Evolve","Carnage"],"picked":"SKIP","floor":10.0},{"not_picked":["Shrug It Off","Fire Breathing"],"picked":"Havoc","floor":11},{"not_picked":["Rampage","Corruption"],"picked":"Havoc","floor":12},{"not_picked":["Dark Embrace","True Grit"],"picked":"Havoc","floor":14}],"player_experience":228461,"relics_obtained":[{"floor":6.0,"key":"Tiny Chest"},{"floor":8.0,"key":"Ginger"},{"floor":9.0,"key":"Pear"},{"floor":10.0,"key":"Lantern"}],"event_choices":[{"cards_removed":["Strike_R"],"damage_healed":0.0,"max_hp_gain":0.0,"max_hp_loss":0.0,"gold_gain":0.0,"event_name":"The Cleric","player_choice":"Card Removal","floor":5.0,"gold_loss":50.0,"damage_taken":0.0},{"damage_healed":0,"gold_gain":0,"player_choice":"Searched \u00272\u0027 times","damage_taken":0,"relics_obtained":["Old Coin"],"max_hp_gain":0,"max_hp_loss":0,"event_name":"Dead Adventurer","floor":12,"gold_loss":0}],"is_beta":false,"boss_relics":[],"items_purged_floors":[],"is_endless":false,"potions_floor_spawned":[1,3,4,12,14],"killed_by":"Hexaghost","ascension_level":1}}