{"host":"3azvxbhvx7nk2p5g","time":1612450716,"event":{"mods":["BaseMod","KinomotoSakuraMod(Ä¾Ö®±¾Ó£)","Minty Spire (QoL Compilation)","StSLib","The Blackbeard","The Runesmith","The Senshi"],"gold_per_floor":[115,40,14,89,105,105,133,83,83,97,97,110,110,127,127,226,226,215,115,115,115,128,155,173,173,173],"floor_reached":25,"language":"ZHS","playtime":1292,"items_purged":["theSenshi:SailorKick","theSenshi:SailorKick"],"score":271,"play_id":"117444b4-d11b-40b7-aaa0-187792686435","local_time":"20210204225836","is_ascension_mode":false,"campfire_choices":[{"data":"theSenshi:RoseThrow","floor":6,"key":"SMITH"},{"data":"theSenshi:MoonlightKnight","floor":11,"key":"SMITH"},{"data":"theSenshi:JupitersPower","floor":13,"key":"SMITH"},{"data":"theSenshi:CrisisMakeUp","floor":15,"key":"SMITH"}],"circlet_count":0,"master_deck":["theSenshi:SailorBlock","theSenshi:SailorBlock","theSenshi:SailorBlock","theSenshi:RoseThrow+1","theSenshi:MoonPrismPowerMakeUp","theSenshi:MoonlightKnight+1","theSenshi:MoonsReflection","theSenshi:SailorVenusAssists","theSenshi:JupitersPower+1","theSenshi:MoonPunch","theSenshi:TallSilhouette","theSenshi:CrisisMakeUp+1","theSenshi:SilverMoonCrystalPowerKiss","theSenshi:MoonCosmicPowerMakeUp","theSenshi:TuxedoMaskAssists","theSenshi:SailorMercuryAssists+1","theSenshi:OdangoHead+1"],"relics":["theSenshi:TransformationBroochRelic","NeowsBlessing","Regal Pillow","Lantern","Philosopher\u0027s Stone","Happy Flower"],"acts_visited":["Exordium","TheCity"],"potions_floor_usage":[12,24],"damage_taken":[{"damage":0,"enemies":"Cultist","floor":1,"turns":1},{"damage":0,"enemies":"Small Slimes","floor":5,"turns":1},{"damage":0,"enemies":"Gremlin Nob","floor":7,"turns":1},{"damage":0,"enemies":"2 Louse","floor":10,"turns":4},{"damage":6,"enemies":"Exordium Wildlife","floor":12,"turns":5},{"damage":6,"enemies":"2 Fungi Beasts","floor":14,"turns":5},{"damage":45,"enemies":"The Guardian","floor":16,"turns":18},{"damage":18,"enemies":"2 Thieves","floor":18,"turns":4},{"damage":18,"enemies":"Shell Parasite","floor":22,"turns":6},{"damage":28,"enemies":"Book of Stabbing","floor":23,"turns":6},{"damage":15,"enemies":"Shelled Parasite and Fungi","floor":24,"turns":4},{"damage":6,"enemies":"Centurion and Healer","floor":25,"turns":1}],"seed_played":"3650144558094264807","potions_obtained":[{"floor":5,"key":"PowerPotion"},{"floor":12,"key":"Fruit Juice"},{"floor":18,"key":"Fire Potion"},{"floor":24,"key":"Fire Potion"}],"is_trial":false,"path_per_floor":["M","$","$","?","M","R","E","?","T","M","R","M","R","M","R","B",null,"M","$","?","?","M","E","M","M"],"character_chosen":"THE_SENSHI","items_purchased":["theSenshi:MoonsReflection"],"campfire_rested":0,"item_purchase_floors":[3],"current_hp_per_floor":[75,75,75,64,64,64,64,64,64,64,64,63,63,57,57,12,80,62,62,62,62,44,16,1,0,0],"gold":173,"neow_bonus":"THREE_ENEMY_KILL","is_daily":false,"chose_seed":false,"campfire_upgraded":4,"win_rate":0.0,"timestamp":1612450716,"path_taken":["M","?","$","?","M","R","E","?","T","M","R","M","R","M","R","BOSS","M","$","?","?","?","E","M","M"],"items_purchased_type":["Card"],"build_version":"2020-12-22","purchased_purges":2,"victory":false,"max_hp_per_floor":[75,75,75,75,75,75,75,75,75,75,75,80,80,80,80,80,80,80,80,80,80,80,80,80,80,80],"card_choices":[{"not_picked":["theSenshi:TuxedoSmokingBomber","theSenshi:TallSilhouette"],"picked":"theSenshi:MoonlightKnight","floor":1},{"not_picked":["theSenshi:SupersonicWaves","theSenshi:MoonPrincessHalation"],"picked":"theSenshi:SailorVenusAssists","floor":5},{"not_picked":["theSenshi:GatheringStrength","theSenshi:TallSilhouette"],"picked":"theSenshi:JupitersPower","floor":7},{"not_picked":["theSenshi:Sidestep","theSenshi:SailorMarsAssists"],"picked":"theSenshi:MoonPunch","floor":10},{"not_picked":["theSenshi:Sidestep","theSenshi:MoonKick"],"picked":"theSenshi:TallSilhouette","floor":12},{"not_picked":["theSenshi:TallSilhouette","theSenshi:EncouragingSpeech"],"picked":"theSenshi:CrisisMakeUp","floor":14},{"not_picked":["theSenshi:SailorPlutoAssists","theSenshi:GlimpseOfThePast"],"picked":"theSenshi:SilverMoonCrystalPowerKiss","floor":16},{"not_picked":["theSenshi:VenusGlamour+1","theSenshi:MoonCrystalPowerMakeUp"],"picked":"theSenshi:MoonCosmicPowerMakeUp","floor":18},{"not_picked":["theSenshi:VenusGlamour","theSenshi:SupersonicWaves","theSenshi:Sidestep"],"picked":"SKIP","floor":22},{"not_picked":["theSenshi:Sidestep","theSenshi:SailorStarMakerAssists+1"],"picked":"theSenshi:SailorMercuryAssists+1","floor":23},{"not_picked":["theSenshi:SailorVenusAssists+1","theSenshi:MoonPunch"],"picked":"theSenshi:OdangoHead+1","floor":24}],"player_experience":81308,"relics_obtained":[{"floor":7,"key":"Regal Pillow"},{"floor":9,"key":"Lantern"},{"floor":23,"key":"Happy Flower"}],"event_choices":[{"damage_healed":0,"gold_gain":75,"player_choice":"Gather Gold","damage_taken":11,"max_hp_gain":0,"max_hp_loss":0,"event_name":"World of Goop","floor":4,"gold_loss":0},{"cards_removed":["theSenshi:SailorKick"],"damage_healed":0,"gold_gain":0,"player_choice":"Card Removal","damage_taken":0,"max_hp_gain":0,"max_hp_loss":0,"event_name":"The Cleric","floor":8,"gold_loss":50},{"cards_removed":["theSenshi:SailorKick"],"damage_healed":0,"gold_gain":0,"player_choice":"Elegance","damage_taken":0,"max_hp_gain":0,"max_hp_loss":0,"event_name":"Back to Basics","floor":20,"gold_loss":0},{"damage_healed":0,"gold_gain":0,"cards_transformed":["theSenshi:SailorBlock"],"player_choice":"Transformed","damage_taken":0,"max_hp_gain":0,"max_hp_loss":0,"event_name":"Transmorgrifier","floor":21,"gold_loss":0,"cards_obtained":["theSenshi:TuxedoMaskAssists"]}],"is_beta":false,"boss_relics":[{"not_picked":["Coffee Dripper","Sozu"],"picked":"Philosopher\u0027s Stone"}],"items_purged_floors":[2,19],"is_endless":false,"potions_floor_spawned":[5,12,18,24],"killed_by":"Centurion and Healer","ascension_level":0}}