{"host":"19tvufa8xx4wr4o1","time":1612401935,"event":{"mods":["AchievementEnabler","BaseMod","Better Sensory Stone","Better Third Choice","Highlight Path","Minty Spire (QoL Compilation)","Relic Stats","StSLib"],"gold_per_floor":[110,110,110,125,135,135,152,178,178,188,208,208,208,227,227,303,303,322,237,260,280,280,280,112,112,139,172,172,97,123,140,140,213,213,232,232,243,243,259,259,278,310,310,326,15,34,34,46,46,46,46],"floor_reached":50,"language":"ENG","playtime":5665,"items_purged":["Defend_P","Pain"],"score":955,"play_id":"3344236e-8dc1-4f58-b64d-811f35f4c71f","local_time":"20210203192535","is_ascension_mode":true,"campfire_choices":[{"floor":6.0,"key":"REST"},{"floor":12.0,"key":"REST"},{"floor":15.0,"key":"REST"},{"floor":23.0,"key":"REST"},{"floor":25.0,"key":"REST"},{"floor":32.0,"key":"REST"},{"floor":40.0,"key":"REST"},{"floor":49,"key":"REST"}],"circlet_count":0,"master_deck":["AscendersBane","Strike_P+1","Strike_P+1","Defend_P+1","Defend_P","Eruption+1","Vigilance","EmptyFist","DeceiveReality","Indignation","Meditate","FlurryOfBlows","Omniscience","TalkToTheHand+1","MentalFortress","DevaForm","Conclude","TalkToTheHand","Scrawl","Protect+1","Protect","MentalFortress","Meditate+1","LikeWater+1","Omniscience","FearNoEvil+1","Worship+1"],"relics":["Fusion Hammer","Smiling Mask","Whetstone","SlaversCollar","Question Card","Nunchaku","Bag of Marbles","Mercury Hourglass","Matryoshka","Cursed Key","Vajra","Oddly Smooth Stone","Frozen Egg 2","DollysMirror"],"acts_visited":["Exordium","TheCity","TheBeyond"],"potions_floor_usage":[41,44,44,50,50],"damage_taken":[{"damage":0.0,"enemies":"2 Louse","floor":1.0,"turns":3.0},{"damage":0.0,"enemies":"Small Slimes","floor":4.0,"turns":3.0},{"damage":0.0,"enemies":"Cultist","floor":5.0,"turns":2.0},{"damage":0.0,"enemies":"3 Louse","floor":7.0,"turns":5.0},{"damage":52.0,"enemies":"Gremlin Nob","floor":8.0,"turns":4.0},{"damage":1.0,"enemies":"Red Slaver","floor":10.0,"turns":5.0},{"damage":0.0,"enemies":"Exordium Wildlife","floor":11.0,"turns":3.0},{"damage":1.0,"enemies":"Large Slime","floor":14.0,"turns":4.0},{"damage":16.0,"enemies":"Slime Boss","floor":16.0,"turns":4.0},{"damage":0.0,"enemies":"Chosen","floor":18.0,"turns":3.0},{"damage":8.0,"enemies":"Spheric Guardian","floor":21.0,"turns":5.0},{"damage":4.0,"enemies":"3 Cultists","floor":22.0,"turns":3.0},{"damage":5.0,"enemies":"Gremlin Leader","floor":27.0,"turns":5.0},{"damage":21.0,"enemies":"Book of Stabbing","floor":30.0,"turns":7.0},{"damage":0.0,"enemies":"Sentry and Sphere","floor":31.0,"turns":4.0},{"damage":30.0,"enemies":"Champ","floor":33.0,"turns":11.0},{"damage":22.0,"enemies":"3 Shapes","floor":35.0,"turns":4.0},{"damage":0.0,"enemies":"3 Darklings","floor":37.0,"turns":2.0},{"damage":4.0,"enemies":"4 Shapes","floor":39.0,"turns":7.0},{"damage":9,"enemies":"Transient","floor":41,"turns":6},{"damage":31,"enemies":"Reptomancer","floor":42,"turns":7},{"damage":5,"enemies":"Spire Growth","floor":44,"turns":5},{"damage":0,"enemies":"Sphere and 2 Shapes","floor":46,"turns":6},{"damage":5,"enemies":"Jaw Worm Horde","floor":48,"turns":3},{"damage":56,"enemies":"Time Eater","floor":50,"turns":5}],"seed_played":"-3937239624816723861","potions_obtained":[{"floor":1.0,"key":"GamblersBrew"},{"floor":4.0,"key":"SpeedPotion"},{"floor":8.0,"key":"AttackPotion"},{"floor":10.0,"key":"SmokeBomb"},{"floor":21.0,"key":"SteroidPotion"},{"floor":30.0,"key":"AttackPotion"},{"floor":31.0,"key":"Ambrosia"},{"floor":35.0,"key":"PowerPotion"},{"floor":42,"key":"Ambrosia"},{"floor":46,"key":"FairyPotion"},{"floor":48,"key":"SpeedPotion"}],"is_trial":false,"path_per_floor":["M","?","?","M","M","R","M","E","T","M","M","R","?","M","R","B",null,"M","?","T","M","M","R","$","R","T","E","?","?","E","M","R","B",null,"M","?","M","?","M","R","M","E","T","M","$","M","$","M","R","B"],"character_chosen":"WATCHER","items_purchased":["MentalFortress","DistilledChaos","LikeWater+1","DollysMirror","Strength Potion"],"campfire_rested":8,"item_purchase_floors":[24,24,45,45,45],"current_hp_per_floor":[61,41,41,41,41,61,61,9,9,8,8,28,28,27,47,31,59,59,59,59,51,47,67,67,68,68,63,46,46,25,25,45,15,55,33,33,33,33,29,49,40,9,9,4,4,4,4,20,40,0,0],"gold":46,"neow_bonus":"BOSS_RELIC","is_daily":false,"chose_seed":false,"campfire_upgraded":0,"win_rate":0.0,"timestamp":1612401935,"path_taken":["M","?","?","M","M","R","?","E","T","M","M","R","?","?","R","BOSS","M","?","?","M","?","R","$","R","T","E","?","?","E","M","R","BOSS","M","?","M","?","M","R","M","E","T","?","$","M","$","?","R","BOSS"],"items_purchased_type":["Card","Potion","Card","Relic","Potion"],"build_version":"2020-12-22","purchased_purges":2,"victory":false,"max_hp_per_floor":[68,68,68,68,68,68,68,68,68,68,68,68,68,68,68,68,68,68,68,68,68,68,68,68,68,68,68,68,68,68,68,68,68,68,68,68,68,68,68,68,68,68,68,68,68,68,68,68,68,68,68],"relic_stats":{"Nunchaku":[20],"counters":[25,115],"Whetstone":["Strike_P","Eruption"],"Smiling Mask":75,"Question Card":13,"Cursed Key":1,"obtain_stats":[{"Vajra":42,"Oddly Smooth Stone":43,"Whetstone":9,"Frozen Egg 2":43,"Smiling Mask":8,"Question Card":19,"Cursed Key":34,"Mercury Hourglass":27,"SlaversCollar":17,"Nunchaku":20,"Matryoshka":30,"DollysMirror":45,"Fusion Hammer":0,"Bag of Marbles":26,"PureWater":0},{"Vajra":21,"Oddly Smooth Stone":21,"Whetstone":5,"Frozen Egg 2":21,"Smiling Mask":5,"Question Card":10,"Cursed Key":16,"Mercury Hourglass":13,"SlaversCollar":9,"Nunchaku":10,"Matryoshka":14,"DollysMirror":22,"Fusion Hammer":0,"Bag of Marbles":12,"PureWater":0},{"Vajra":96,"Oddly Smooth Stone":96,"Whetstone":17,"Frozen Egg 2":96,"Smiling Mask":17,"Question Card":36,"Cursed Key":71,"Mercury Hourglass":49,"SlaversCollar":33,"Nunchaku":36,"Matryoshka":56,"DollysMirror":101,"Fusion Hammer":0,"Bag of Marbles":44,"PureWater":0}],"Mercury Hourglass":[205]},"card_choices":[{"not_picked":["WindmillStrike","CarveReality"],"picked":"EmptyFist","floor":1.0},{"not_picked":["FlyingSleeves","BattleHymn"],"picked":"Indignation","floor":4.0},{"not_picked":["Crescendo","Halt","EmptyBody"],"picked":"SKIP","floor":5.0},{"not_picked":["CutThroughFate","Perseverance"],"picked":"Meditate","floor":7.0},{"not_picked":["SashWhip","CarveReality"],"picked":"FlurryOfBlows","floor":8.0},{"not_picked":["JustLucky","Prostrate","Consecrate"],"picked":"SKIP","floor":10.0},{"not_picked":["FollowUp","Evaluate","BowlingBash"],"picked":"SKIP","floor":11.0},{"not_picked":["ClearTheMind","JustLucky","FollowUp"],"picked":"SKIP","floor":14.0},{"not_picked":["Alpha","DeusExMachina"],"picked":"Omniscience","floor":16.0},{"not_picked":["CrushJoints","WaveOfTheHand","SashWhip"],"picked":"SKIP","floor":18.0},{"not_picked":["Meditate","JustLucky","WheelKick"],"picked":"TalkToTheHand+1","floor":21.0},{"not_picked":["Weave","CutThroughFate","ClearTheMind","ThirdEye"],"picked":"SKIP","floor":27.0},{"not_picked":["JustLucky+1","Swivel","SashWhip"],"picked":"Conclude","floor":30.0},{"not_picked":["JustLucky","Wish","BattleHymn"],"picked":"TalkToTheHand","floor":31.0},{"not_picked":["Brilliance","Alpha","MasterReality"],"picked":"Scrawl","floor":33.0},{"not_picked":["Crescendo","FlurryOfBlows+1","WreathOfFlame"],"picked":"Protect+1","floor":35.0},{"not_picked":["Prostrate+1","JustLucky","DevaForm","Nirvana"],"picked":"SKIP","floor":37.0},{"not_picked":["CarveReality","Halt","Study+1"],"picked":"Protect","floor":39.0},{"not_picked":["PathToVictory","EmptyFist","ThirdEye+1"],"picked":"MentalFortress","floor":41},{"not_picked":["Sanctity+1","Pray","Protect+1","EmptyFist"],"picked":"SKIP","floor":42},{"not_picked":["CutThroughFate","ForeignInfluence+1","FlyingSleeves"],"picked":"Meditate+1","floor":44},{"not_picked":["Protect","Alpha","Perseverance+1"],"picked":"FearNoEvil+1","floor":46},{"not_picked":["FlyingSleeves+1","FollowUp+1","Evaluate"],"picked":"Worship+1","floor":48}],"player_experience":613651,"relics_obtained":[{"floor":8.0,"key":"Smiling Mask"},{"floor":9.0,"key":"Whetstone"},{"floor":20.0,"key":"Nunchaku"},{"floor":26.0,"key":"Bag of Marbles"},{"floor":27.0,"key":"Mercury Hourglass"},{"floor":30.0,"key":"Matryoshka"},{"floor":42,"key":"Vajra"},{"floor":43,"key":"Oddly Smooth Stone"},{"floor":43,"key":"Frozen Egg 2"}],"event_choices":[{"damage_healed":61.0,"max_hp_gain":0.0,"max_hp_loss":68.0,"gold_gain":0.0,"event_name":"betterThird:BetterShining","player_choice":"Upgrade","floor":2.0,"gold_loss":0.0,"damage_taken":20.0,"cards_upgraded":["Strike_P","Defend_P"]},{"damage_healed":0.0,"max_hp_gain":0.0,"max_hp_loss":0.0,"gold_gain":0.0,"cards_transformed":["Strike_P"],"event_name":"Transmorgrifier","player_choice":"Transformed","floor":3.0,"gold_loss":0.0,"damage_taken":0.0,"cards_obtained":["DeceiveReality"]},{"damage_healed":0.0,"max_hp_gain":0.0,"max_hp_loss":0.0,"gold_gain":0.0,"cards_transformed":["Strike_P"],"event_name":"Transmorgrifier","player_choice":"Transformed","floor":13.0,"gold_loss":0.0,"damage_taken":0.0,"cards_obtained":["FollowUp"]},{"damage_healed":0.0,"max_hp_gain":0.0,"max_hp_loss":0.0,"gold_gain":0.0,"event_name":"Addict","player_choice":"Obtained Relic","floor":19.0,"gold_loss":85.0,"damage_taken":0.0,"relics_obtained":["Question Card"]},{"damage_healed":0.0,"max_hp_gain":0.0,"max_hp_loss":17.0,"gold_gain":2.0,"event_name":"betterStone:BetterStone","player_choice":"2","floor":28.0,"gold_loss":0.0,"damage_taken":0.0},{"cards_removed":["Defend_P"],"damage_healed":0.0,"max_hp_gain":0.0,"max_hp_loss":0.0,"gold_gain":0.0,"event_name":"Beggar","player_choice":"Gave Gold","floor":29.0,"gold_loss":75.0,"damage_taken":0.0},{"damage_healed":0.0,"max_hp_gain":0.0,"max_hp_loss":0.0,"gold_gain":0.0,"event_name":"Mysterious Sphere","player_choice":"Ignored","floor":36.0,"gold_loss":0.0,"damage_taken":0.0},{"cards_removed":["FollowUp"],"damage_healed":0.0,"max_hp_gain":0.0,"max_hp_loss":0.0,"gold_gain":0.0,"event_name":"Falling","player_choice":"Removed Attack","floor":38.0,"gold_loss":0.0,"damage_taken":0.0}],"is_beta":false,"boss_relics":[{"not_picked":["Coffee Dripper","Busted Crown"],"picked":"SlaversCollar"},{"not_picked":["Sozu","SacredBark"],"picked":"Cursed Key"}],"items_purged_floors":[24,45],"is_endless":false,"potions_floor_spawned":[1,4,8,10,11,21,30,31,35,42,46,48],"killed_by":"Time Eater","ascension_level":17}}