{"host":"lp6boqf0kvb82b8p","time":1612453320,"event":{"mods":["100% Spire Juice","A Magickal Journey","AchievementEnabler","Act Like it!","Ascension Reborn","Aspiration","Bartender","BaseMod","Bestiary","Better Altar","Better Match","Better Note","Better Sensory Stone","Better Silent Start","Better Skull","Better Third Choice","Better Vampires","BetterRewards","Block Reminder","CapriCore","Challenge The Spire","Chen","Colored Powertips","Conspire","DeckTracker","Downfall","Duelist Mod","Elementarium","Gensokyo","GifTheSpireLib","Glutton Mod","Hallownest","Hermit","Hero for Fun","Highlight Path","HololiveMod","Hubris","Infinite Spire","KinomotoSakuraMod(????)","Koishi","LagranYue(???·?)","Lobotomy","LobotomyExtend","Luminous","Mad Scientist","Mari Mod (Legacy)","Mari\u0027s V1 Patch","Marisa????????","Marked Mod","Melee Mod","Minty Spire (QoL Compilation)","Nova Terra(??·??)","Prisma Mod","Railgun Mod","Rare Cards Sparkle","Relic Stats","Remilia_Scarlet Moed?????·?????3.3.5","Remilia??????","Replay The Spire","Reworked Bosses","RumiaBox-????????","StSLib","Stuff the Spire","The Administrix","The Alterego","The Blue Laboratory","The Bug Knight","The Construct","The Cursed","The Disciple","The Fake Hero","The Immortal","The Jungle","The Necromancer","The Poker Player","The Runesmith","The Sage","The Senshi","The Wild Card","TheBandit","TheHeartMod","TheHero","TheSwordswoman","Uncapped","Wandering Minibosses","WarShipGirlsR/????R mod","Yakumo Yukari mod","Youmu??????","Yuyuko","[IsaacMod]????","??????REMEMod"],"gold_per_floor":[116,116,116,128,128,160,172,172,195,195,58,58,84,100,100,195,195,205,234,234,234,252,269,269,301,375,403,403,403,403,403],"floor_reached":30,"language":"ENG","playtime":2234,"items_purged":[],"score":356,"play_id":"9d06b912-7905-42b3-ac42-4e02aafde7b1","local_time":"20210204074200","is_ascension_mode":true,"campfire_choices":[{"floor":8,"key":"REST"},{"data":"HollowMod:CycloneSlash","floor":10,"key":"SMITH"},{"floor":15,"key":"REST"},{"data":"hubris:InfiniteBlow","floor":24,"key":"SMITH"},{"data":"hubris:InfiniteBlow+1","floor":29,"key":"SMITH"}],"circlet_count":0,"master_deck":["HollowMod:NailStrikeStart","HollowMod:NailStrikeStart","HollowMod:NailStrikeStart","HollowMod:NailStrikeStart","HollowMod:QuickDashStart","HollowMod:QuickDashStart","HollowMod:QuickDashStart","HollowMod:QuickDashStart","HollowMod:FocusHealStart","HollowMod:PogoStrike","champ:Parry","HollowMod:VengefulSpirit","HollowMod:BlackTendrils","HollowMod:Grubsong","HollowMod:Grubsong","HollowMod:LifebloodCocoon","HollowMod:HuntersJournal","HollowMod:VengefulVoid","WangLiang_OokamiKakushi_purple","HollowMod:CycloneSlash+1","HollowMod:DescendingDark","HollowMod:DescendingDark+1","HollowMod:VengefulVoid","HollowMod:CrystalDash+1","HollowMod:DreamGate","Writhe","HollowMod:SoulStrike","HollowMod:GreatSlash","HollowMod:MidwifesHunger","HollowMod:SoulSplash+1","HollowMod:SharpenedNail+1","hubris:InfiniteBlow+2","infinitespire:Punishment","HollowMod:SoulSplash","HollowMod:WraithStrike+1","HollowMod:DescendingDark","HollowMod:GreatSlash","HollowMod:DashSlash+1","HollowMod:GreatSlash","HollowMod:CycloneSlash"],"relics":["HollowMod:VesselMask","HushsDoor","KeepersGift","REME_ComplimentaryCards","LagranYue:RandomDrawCardRelic","AddBug","SecretRecord","SecretRecord","SecretRecord","SecretRecord","AddBug","SecretRecord","SecretRecord","Baka2"],"acts_visited":["Hallownest:Greenpath","TheCity"],"potions_floor_usage":[],"damage_taken":[{"damage":2,"enemies":"2_ Uuma","floor":1,"turns":5},{"damage":10,"enemies":"Hallownest:monsterHuskGuard","floor":4,"turns":4},{"damage":2,"enemies":"Hallownest:eliteVengeflyKing","floor":6,"turns":10},{"damage":14,"enemies":"Hallownest:2_Baldur","floor":7,"turns":12},{"damage":26,"enemies":"Hallownest:eliteCrystalGuardian","floor":13,"turns":4},{"damage":24,"enemies":"Hallownest:1_Ooma_and_2_Uuma","floor":14,"turns":3},{"damage":32,"enemies":"Hallownest:BossFalseKnight","floor":16,"turns":4},{"damage":6,"enemies":"2 Thieves","floor":18,"turns":4},{"damage":2,"enemies":"HollowMod:Zote","floor":19,"turns":2},{"damage":26,"enemies":"HollowMod:HuskSentry","floor":22,"turns":3},{"damage":13,"enemies":"Centurion and Healer","floor":23,"turns":3},{"damage":0,"enemies":"theDuelist:KaibaA2","floor":25,"turns":1},{"damage":0,"enemies":"Sentry and Sphere","floor":27,"turns":2},{"damage":78,"enemies":"conspire:SneckoGhost","floor":30,"turns":4}],"seed_played":"-155735015489923349","potions_obtained":[{"floor":6,"key":"GamblersBrew"},{"floor":25,"key":"REME_GoldPotion"}],"is_trial":false,"path_per_floor":["M","?","?","M","?","E","M","R","T","R","$","?","E","M","R","B",null,"M","?","?","AVR","M","M","R","E","T","M","?","R","E"],"character_chosen":"THE_BUGKNIGHT","items_purchased":["HollowMod:VengefulSpirit","HollowMod:BlackTendrils","HollowMod:Grubsong","HollowMod:LifebloodCocoon","Bag of Marbles","HollowMod:HuntersJournal","HollowMod:CrystalDash+1","HollowMod:DreamGate"],"campfire_rested":2,"item_purchase_floors":[0,0,0,0,0,0,11,11],"current_hp_per_floor":[73,73,73,63,67,66,63,75,75,75,75,84,58,37,62,30,84,84,86,86,86,65,63,63,63,63,63,63,63,0,0],"gold":403,"neow_bonus":"","is_daily":false,"chose_seed":false,"campfire_upgraded":3,"win_rate":0.0,"timestamp":1612453320,"path_taken":["M","?","?","M","?","E","?","R","T","R","$","?","E","M","R","BOSS","M","?","?","AVR","M","M","R","E","T","M","?","R","E"],"items_purchased_type":["Card","Card","Card","Card","Relic","Card","Card","Card"],"build_version":"2020-12-22","purchased_purges":0,"victory":false,"max_hp_per_floor":[75,75,75,75,75,75,75,75,75,75,75,84,84,84,84,84,84,90,90,90,90,90,90,90,90,90,90,90,90,90,90],"relic_stats":{"counters":[49,210],"obtain_stats":[{"KeepersGift":0,"LagranYue:RandomDrawCardRelic":0,"BelialBook":0,"HollowMod:VesselMask":7,"AddBug":1,"SecretRecord":1,"AdministrixMod:ConductorRitualBaton":2,"Baka":1,"Hololive_TheOnlyOne":3,"Ancient Tea Set":0,"CogitoBucket":0,"StuffTheSpire:Gunfinga":0,"Baka2":3,"TheAbacus":0,"Moonworks:Homemark":0,"Hololive_TheStar":3,"TuHaoJin":2,"LetterFromLob":1,"Bag of Marbles":0,"HushsDoor":0,"Moonworks:BrokenBomb":0,"REME_ComplimentaryCards":0},{"KeepersGift":0,"LagranYue:RandomDrawCardRelic":0,"BelialBook":0,"HollowMod:VesselMask":39,"AddBug":1,"SecretRecord":1,"AdministrixMod:ConductorRitualBaton":20,"Baka":11,"Hololive_TheOnlyOne":12,"Ancient Tea Set":18,"CogitoBucket":0,"StuffTheSpire:Gunfinga":10,"Baka2":12,"TheAbacus":27,"Moonworks:Homemark":0,"Hololive_TheStar":12,"TuHaoJin":20,"LetterFromLob":1,"Bag of Marbles":35,"HushsDoor":0,"Moonworks:BrokenBomb":0,"REME_ComplimentaryCards":0},{"KeepersGift":0,"LagranYue:RandomDrawCardRelic":0,"BelialBook":0,"HollowMod:VesselMask":172,"AddBug":3,"SecretRecord":3,"AdministrixMod:ConductorRitualBaton":68,"Baka":37,"Hololive_TheOnlyOne":41,"Ancient Tea Set":61,"CogitoBucket":0,"StuffTheSpire:Gunfinga":35,"Baka2":41,"TheAbacus":110,"Moonworks:Homemark":0,"Hololive_TheStar":41,"TuHaoJin":68,"LetterFromLob":3,"Bag of Marbles":149,"HushsDoor":0,"Moonworks:BrokenBomb":0,"REME_ComplimentaryCards":0}]},"card_choices":[{"not_picked":["HollowMod:NewLittleFool","HollowMod:LifebloodCore"],"picked":"HollowMod:VengefulVoid","floor":1},{"not_picked":["HollowMod:SoulStrike","HollowMod:MonarchWings"],"picked":"HollowMod:CycloneSlash","floor":4},{"not_picked":["HollowMod:VengefulSpirit","HollowMod:BaldurShell"],"picked":"HollowMod:DescendingDark","floor":6},{"not_picked":["HollowMod:BlackTendrils","HollowMod:ShadowDash"],"picked":"HollowMod:VengefulVoid","floor":7},{"not_picked":["HollowMod:SiblingsSouls","HollowMod:VengefulVoid"],"picked":"HollowMod:SoulStrike","floor":13},{"not_picked":["HollowMod:SharpenedNail","HollowMod:LifebloodCocoon"],"picked":"HollowMod:GreatSlash","floor":14},{"not_picked":["HollowMod:Weaversong","HollowMod:ElderbugsWisdom"],"picked":"HollowMod:MidwifesHunger","floor":16},{"not_picked":["HollowMod:InfectionAssault","HollowMod:CloakDash"],"picked":"HollowMod:SoulSplash+1","floor":18},{"not_picked":["HollowMod:RecoilStrike+1","HollowMod:DoubleDash+1"],"picked":"HollowMod:SharpenedNail+1","floor":19},{"not_picked":["HollowMod:CloakDash","HollowMod:WraithStrike"],"picked":"HollowMod:SoulSplash","floor":22},{"not_picked":["HollowMod:theNailsmith","HollowMod:DashSlash"],"picked":"HollowMod:WraithStrike+1","floor":23},{"not_picked":["HollowMod:Grubsong","HollowMod:SoulSplash"],"picked":"HollowMod:DescendingDark","floor":25},{"not_picked":["HollowMod:MothsMistake","HollowMod:TaintedHusks"],"picked":"HollowMod:GreatSlash","floor":25},{"not_picked":["HollowMod:FastStrike+1","HollowMod:QuirrelsAssistance"],"picked":"HollowMod:DashSlash+1","floor":25},{"not_picked":["HollowMod:QuirrelsAssistance","HollowMod:SoulEater+1"],"picked":"HollowMod:GreatSlash","floor":25},{"not_picked":["HollowMod:CoiledNail","HollowMod:SoulStrike"],"picked":"HollowMod:CycloneSlash","floor":27}],"player_experience":33345,"relics_obtained":[{"floor":1,"key":"AddBug"},{"floor":1,"key":"Baka"},{"floor":1,"key":"LetterFromLob"},{"floor":4,"key":"SecretRecord"},{"floor":4,"key":"LetterFromLob"},{"floor":6,"key":"HollowMod:PaleOreRelic"},{"floor":6,"key":"LetterFromLob"},{"floor":7,"key":"wanderingMiniBosses:ThiefScarf"},{"floor":7,"key":"Bag of Marbles"},{"floor":7,"key":"LetterFromLob"},{"floor":9,"key":"BelialBook"},{"floor":13,"key":"SecretRecord"},{"floor":13,"key":"SteamSale"},{"floor":13,"key":"LetterFromLob"},{"floor":14,"key":"SecretRecord"},{"floor":14,"key":"LetterFromLob"},{"floor":16,"key":"LetterFromLob"},{"floor":18,"key":"LagranYue:RandomDrawCardRelic"},{"floor":18,"key":"LetterFromLob"},{"floor":19,"key":"HollowMod:GreatKnightMask"},{"floor":19,"key":"SecretRecord"},{"floor":22,"key":"LetterFromLob"},{"floor":23,"key":"SecretRecord"},{"floor":23,"key":"LetterFromLob"},{"floor":25,"key":"Baka2"},{"floor":25,"key":"LagranYue:MagicReflectiveArmorRelic"},{"floor":25,"key":"LetterFromLob"},{"floor":26,"key":"GodSword6"},{"floor":27,"key":"LetterFromLob"}],"event_choices":[{"damage_healed":0,"gold_gain":1,"player_choice":"4","damage_taken":0,"max_hp_gain":0,"max_hp_loss":0,"event_name":"betterStone:BetterStone","floor":2,"gold_loss":0,"cards_obtained":["WangLiang_OokamiKakushi_purple"]},{"damage_healed":4,"gold_gain":0,"player_choice":"LEAVE ","damage_taken":0,"relics_obtained":[],"max_hp_gain":0,"max_hp_loss":0,"event_name":"betterSkull:BetterSkull","floor":5,"gold_loss":0,"cards_upgraded":[]}],"is_beta":false,"boss_relics":[{"not_picked":["Sozu","Replay:Bronze Core"],"picked":"AddBug"},{"not_picked":[]}],"items_purged_floors":[],"is_endless":false,"potions_floor_spawned":[1,6,13,19,25],"killed_by":"conspire:SneckoGhost","ascension_level":0}}