{"host":"7sni158j623xchr2","time":1612428033,"event":{"mods":["BaseMod","Colored Map","Highlight Path","Minty Spire (QoL Compilation)","Permanent Neow","Potion Indicator Mod","Rare Cards Sparkle","Relic Sorter","Relic Stats","StSLib","everything is the same but u backflip on backflip"],"gold_per_floor":[15,31,31,58,78,113,113,148,148,179,179,198,214,15,15,15,15],"floor_reached":16,"language":"ENG","playtime":405,"items_purged":[],"score":144,"play_id":"ad441006-407c-424c-8ed6-525c48c7f565","local_time":"20210204024033","is_ascension_mode":true,"campfire_choices":[{"data":"Searing Blow","floor":7,"key":"SMITH"},{"data":"Searing Blow+1","floor":11,"key":"SMITH"},{"data":"Searing Blow+2","floor":15,"key":"SMITH"}],"circlet_count":0,"master_deck":["Strike_R","Strike_R","Strike_R","Strike_R","Strike_R","Defend_R","Defend_R","Defend_R","Defend_R","Bash","Disarm","Searing Blow+3","Shrug It Off","Dark Embrace","Flame Barrier","Shrug It Off"],"relics":["Burning Blood","FossilizedHelix","Golden Idol","Tiny Chest","Omamori","Akabeko","Matryoshka","Dead Branch","Potion Belt"],"acts_visited":["Exordium"],"potions_floor_usage":[6,8,16,16],"damage_taken":[{"damage":2,"enemies":"Jaw Worm","floor":1,"turns":3},{"damage":0,"enemies":"Cultist","floor":2,"turns":4},{"damage":1,"enemies":"Small Slimes","floor":5,"turns":4},{"damage":15,"enemies":"3 Sentries","floor":6,"turns":6},{"damage":35,"enemies":"Lagavulin","floor":8,"turns":8},{"damage":19,"enemies":"Gremlin Nob","floor":10,"turns":4},{"damage":4,"enemies":"3 Louse","floor":12,"turns":3},{"damage":1,"enemies":"Exordium Wildlife","floor":13,"turns":4},{"damage":37,"enemies":"Hexaghost","floor":16,"turns":12}],"seed_played":"-3291483599141053635","potions_obtained":[{"floor":5,"key":"PowerPotion"},{"floor":6,"key":"Dexterity Potion"},{"floor":8,"key":"PowerPotion"},{"floor":13,"key":"Fruit Juice"}],"is_trial":false,"path_per_floor":["M","M","?","T","M","E","R","E","T","E","R","M","M","$","R","B"],"character_chosen":"IRONCLAD","items_purchased":["Potion Belt","Shrug It Off"],"campfire_rested":0,"item_purchase_floors":[14,14],"current_hp_per_floor":[80,80,74,74,74,65,65,36,36,23,23,25,30,30,30,0,0],"gold":15,"neow_bonus":"ONE_RARE_RELIC","is_daily":false,"chose_seed":false,"campfire_upgraded":3,"win_rate":0.0,"timestamp":1612428033,"path_taken":["M","M","?","?","?","E","R","E","T","E","R","M","M","$","R","BOSS"],"items_purchased_type":["Relic","Card"],"build_version":"2020-12-22","purchased_purges":0,"victory":false,"max_hp_per_floor":[80,80,74,74,74,74,74,74,74,74,74,74,74,74,74,79,79],"relic_stats":{"counters":[9,48],"Golden Idol":31,"Dead Branch":[7],"Tiny Chest":0,"obtain_stats":[{"Potion Belt":14,"Matryoshka":9,"Golden Idol":3,"Dead Branch":10,"Tiny Chest":4,"Omamori":6,"Burning Blood":0,"FossilizedHelix":0,"Akabeko":8},{"Potion Belt":8,"Matryoshka":5,"Golden Idol":2,"Dead Branch":6,"Tiny Chest":2,"Omamori":4,"Burning Blood":0,"FossilizedHelix":0,"Akabeko":5},{"Potion Belt":36,"Matryoshka":25,"Golden Idol":7,"Dead Branch":29,"Tiny Chest":7,"Omamori":17,"Burning Blood":0,"FossilizedHelix":0,"Akabeko":25}],"Burning Blood":33},"card_choices":[{"not_picked":["Iron Wave","Havoc","Flex"],"picked":"SKIP","floor":1},{"not_picked":["Headbutt","Power Through"],"picked":"Disarm","floor":2},{"not_picked":["Burning Pact","Rampage"],"picked":"Searing Blow","floor":5},{"not_picked":["Rampage","Clothesline","Iron Wave"],"picked":"SKIP","floor":6},{"not_picked":["Armaments","Pommel Strike"],"picked":"Shrug It Off","floor":8},{"not_picked":["Cleave","Warcry","Uppercut"],"picked":"SKIP","floor":10},{"not_picked":["Carnage","Thunderclap"],"picked":"Dark Embrace","floor":12},{"not_picked":["Sword Boomerang","True Grit"],"picked":"Flame Barrier","floor":13}],"player_experience":1753603,"relics_obtained":[{"floor":4,"key":"Tiny Chest"},{"floor":6,"key":"Omamori"},{"floor":8,"key":"Akabeko"},{"floor":9,"key":"Matryoshka"},{"floor":10,"key":"Dead Branch"}],"event_choices":[{"damage_healed":0,"gold_gain":0,"player_choice":"Lose Max HP","damage_taken":0,"relics_obtained":["Golden Idol"],"max_hp_gain":0,"max_hp_loss":6,"event_name":"Golden Idol","floor":3,"gold_loss":0}],"is_beta":false,"boss_relics":[],"items_purged_floors":[],"is_endless":false,"potions_floor_spawned":[5,6,8,13],"killed_by":"Hexaghost","ascension_level":4}}