{"host":"iy2a593ihq2f18ts","time":1612407424,"event":{"mods":["2.2 Compatiblity","AchievementEnabler","BaseMod","Bestiary","Better Third Choice","Block Reminder","Card Forge","Curses Come First","Dark Map","Downfall","Energized Spire","Hermit","Marisa????????","Minty Spire (QoL Compilation)","Rare Cards Sparkle","Reliquary","Replay The Spire","StSLib","SuperFastMode","The Bug Knight","The Necromancer","The Runesmith","The Servant 0.9.4"],"gold_per_floor":[113,113,76,101,114,146,146,157,157,157,183,183,108,125,125,226,226,243,243,243,263,114,143,155,169,169,169,199,48,79,193,319,431,431,459,459,459,459,484,484,447,483,534,534,534,564,588,638,638,664],"floor_reached":51,"language":"ENG","playtime":1441,"items_purged":[],"score":863,"play_id":"b4b6f4f2-c6f5-4154-9ebd-bbf13e26b84a","local_time":"20210203185704","is_ascension_mode":false,"campfire_choices":[{"floor":7.0,"key":"REST"},{"floor":10.0,"key":"REST"},{"floor":40.0,"key":"REST"},{"floor":44,"key":"REST"},{"floor":49,"key":"REST"}],"circlet_count":0,"master_deck":["HollowMod:NailStrikeStart+1","HollowMod:NailStrikeStart+1","HollowMod:QuickDashStart+1","HollowMod:QuickDashStart+1","HollowMod:QuickDashStart+1","HollowMod:QuickDashStart+1","HollowMod:FocusHealStart+1","HollowMod:PogoStrike+1","HollowMod:HowlingWraiths+1","HollowMod:LifebloodCocoon+1","HollowMod:DashSlash+1","HollowMod:HeavyBlow+1","hermit:RoundhouseKick+1","Cleave+1","Anger+1","Intimidate+1","Pommel Strike+1","HollowMod:MantisMark+1","Mind Blast+1","HollowMod:CloakDash+1","HollowMod:CloakDash+1","WitchLeyline+1","Clash+1"],"relics":["HollowMod:VesselMask","Hammer of Thor","Seething Fire","Anvil of the Gods","NeowsBlessing","Nunchaku","HollowMod:PaleOreRelic","Iron Hammer","Juzu Bracelet","PrismaticShard","Fusion Hammer","MutagenicStrength","reliquary:HotPoker","HandDrill","reliquary:Firecrackers","Runesmith:Locket","Runesmith:Nanobots","StrikeDummy","Replay:Bandana","ReplayTheSpireMod:CursedCoin","Pondfish Scales","reliquary:PrincelyHelmet","Sozu","ReplayTheSpireMod:Lightbulb","Replay:Rubber Ducky"],"acts_visited":["Exordium","TheCity","TheBeyond"],"potions_floor_usage":[50,50],"damage_taken":[{"damage":0.0,"enemies":"Cultist","floor":1.0,"turns":1.0},{"damage":0.0,"enemies":"2 Louse","floor":5.0,"turns":1.0},{"damage":0.0,"enemies":"Lagavulin","floor":6.0,"turns":1.0},{"damage":3.0,"enemies":"Jaw Worm","floor":8.0,"turns":2.0},{"damage":0.0,"enemies":"Looter","floor":14.0,"turns":3.0},{"damage":29.0,"enemies":"The Guardian","floor":16.0,"turns":10.0},{"damage":4.0,"enemies":"HollowMod:HuskSentry","floor":18.0,"turns":4.0},{"damage":2.0,"enemies":"Shell Parasite","floor":21.0,"turns":3.0},{"damage":8.0,"enemies":"Book of Stabbing","floor":23.0,"turns":6.0},{"damage":0.0,"enemies":"Snake Plant","floor":24.0,"turns":3.0},{"damage":0.0,"enemies":"3 Cultists","floor":25.0,"turns":2.0},{"damage":0.0,"enemies":"Gremlin Leader","floor":28.0,"turns":4.0},{"damage":0.0,"enemies":"Cultist and Chosen","floor":30.0,"turns":2.0},{"damage":0.0,"enemies":"Colosseum Slavers","floor":32.0,"turns":1.0},{"damage":0.0,"enemies":"Colosseum Nobs","floor":32.0,"turns":3.0},{"damage":16.0,"enemies":"Champ","floor":33.0,"turns":8.0},{"damage":0.0,"enemies":"3 Darklings","floor":35.0,"turns":1.0},{"damage":0.0,"enemies":"Orb Walker","floor":39.0,"turns":1.0},{"damage":0.0,"enemies":"Maw","floor":42.0,"turns":6.0},{"damage":0,"enemies":"Spire Growth","floor":46,"turns":3},{"damage":0,"enemies":"Jaw Worm Horde","floor":47,"turns":2},{"damage":0,"enemies":"R_Hoarder","floor":48,"turns":5},{"damage":13,"enemies":"Donu and Deca","floor":50,"turns":5}],"seed_played":"7339000693395734498","potions_obtained":[{"floor":5.0,"key":"Strength Potion"},{"floor":18.0,"key":"SteroidPotion"},{"floor":24.0,"key":"hexamod:SoulburnPotion"},{"floor":25.0,"key":"LiquidBronze"},{"floor":33.0,"key":"Fire Potion"}],"is_trial":false,"path_per_floor":["M","?","?","T","M","E","R","M","T","R","T","?","?","M","R","B",null,"M","?","T","M","$","E","M","M","T","?","E","$","M","$","R","B",null,"M","?","?","?","M","R","$","M","T","R","?","M","M","E","R","B",null],"character_chosen":"THE_BUGKNIGHT","items_purchased":["HandDrill","Replay:Bandana","ReplayTheSpireMod:CursedCoin","HollowMod:MantisMark","HollowMod:CloakDash"],"campfire_rested":5,"item_purchase_floors":[22,29,31,31,41],"current_hp_per_floor":[75,75,75,75,75,75,75,72,72,75,75,75,80,80,77,54,77,73,73,73,71,71,73,77,77,77,77,77,77,77,77,77,67,77,77,77,77,77,77,77,77,77,77,77,77,77,77,77,77,67],"gold":664,"neow_bonus":"THREE_ENEMY_KILL","is_daily":false,"chose_seed":false,"campfire_upgraded":0,"win_rate":0.0,"timestamp":1612407424,"path_taken":["M","?","?","?","M","E","R","M","T","R","?","?","?","M","R","BOSS","M","?","?","M","$","E","M","M","T","?","E","$","M","?","R","BOSS","M","?","?","?","M","R","$","M","T","R","?","M","M","E","R","BOSS"],"items_purchased_type":["Relic","Relic","Relic","Card","Card"],"build_version":"2020-12-22","purchased_purges":0,"victory":true,"max_hp_per_floor":[75,75,75,75,75,75,75,75,75,75,75,75,80,80,77,77,77,77,77,77,77,77,77,77,77,77,77,77,77,77,77,77,77,77,77,77,77,77,77,77,77,77,77,77,77,77,77,77,77,77],"card_choices":[{"not_picked":["HollowMod:WraithStrike","HollowMod:GoodIntentions"],"picked":"HollowMod:HowlingWraiths","floor":1.0},{"not_picked":["HollowMod:BlackTendrils","HollowMod:ChannelNail"],"picked":"HollowMod:LifebloodCocoon","floor":5.0},{"not_picked":["HollowMod:CornifersMapStart","HollowMod:WraithStrike","HollowMod:ChannelNail"],"picked":"SKIP","floor":6.0},{"not_picked":["HollowMod:InfectionAssault","HollowMod:NewLittleFool"],"picked":"HollowMod:DashSlash","floor":8.0},{"not_picked":["HollowMod:VengefulSpirit","HollowMod:NewJinnsSoul"],"picked":"HollowMod:HeavyBlow","floor":14.0},{"not_picked":["Guardian:ExploitGems","Guardian:StasisField"],"picked":"hermit:RoundhouseKick","floor":16.0},{"not_picked":["Dodge and Roll","Guardian:BronzeArmor"],"picked":"Cleave","floor":18.0},{"not_picked":["Clothesline","Replace+1","Steam"],"picked":"SKIP","floor":21.0},{"not_picked":["ReturningBlade+1","Slimebound:DouseInSlime"],"picked":"Anger","floor":23.0},{"not_picked":["hexamod:SwordOfDarkness","Slimebound:Grow"],"picked":"Intimidate","floor":24.0},{"not_picked":["Force Field+1","Replay:Battleflow"],"picked":"Pommel Strike+1","floor":25.0},{"not_picked":["Defy Death","sneckomod:SoulExchange","Sneak Up"],"picked":"SKIP","floor":28.0},{"not_picked":["Tactician","LuminesStrike","Bones_to_Steel"],"picked":"SKIP","floor":30.0},{"not_picked":["champ:IronFortress","Runesmith:CraftSpiculum+1","champ:EnragedBash+1"],"picked":"SKIP","floor":35.0},{"not_picked":["Discovery","Survey Options"],"picked":"Mind Blast","floor":37.0},{"not_picked":["Deadly Poison+1","hermit:Feint","Runesmith:CraftProtectio"],"picked":"SKIP","floor":39.0},{"not_picked":["Alleviate","Guardian:Gem_Lightblue","bronze:Overload"],"picked":"SKIP","floor":42},{"not_picked":["Chaos+1","Forethought+1"],"picked":"WitchLeyline+1","floor":46},{"not_picked":["Runesmith:NanitesCloud","Guardian:SentryBeam","sneckomod:DiceBoulder"],"picked":"SKIP","floor":47},{"not_picked":["Pommel Strike","Slimebound:Repurpose+1"],"picked":"Clash","floor":48}],"player_experience":15920,"relics_obtained":[{"floor":4.0,"key":"Nunchaku"},{"floor":6.0,"key":"HollowMod:PaleOreRelic"},{"floor":9.0,"key":"Iron Hammer"},{"floor":11.0,"key":"Juzu Bracelet"},{"floor":20.0,"key":"reliquary:HotPoker"},{"floor":23.0,"key":"reliquary:Firecrackers"},{"floor":26.0,"key":"Runesmith:Locket"},{"floor":28.0,"key":"StrikeDummy"},{"floor":32.0,"key":"Pondfish Scales"},{"floor":32.0,"key":"reliquary:PrincelyHelmet"},{"floor":43,"key":"ReplayTheSpireMod:Lightbulb"},{"floor":48,"key":"Replay:Rubber Ducky"}],"event_choices":[{"damage_healed":0.0,"max_hp_gain":0.0,"max_hp_loss":0.0,"gold_gain":0.0,"event_name":"betterThird:BetterGoop","player_choice":"Left","floor":3.0,"gold_loss":37.0,"damage_taken":0.0},{"damage_healed":0.0,"max_hp_gain":0.0,"max_hp_loss":0.0,"gold_gain":0.0,"event_name":"Drug Dealer","player_choice":"Inject Mutagens","floor":19.0,"gold_loss":0.0,"damage_taken":0.0,"relics_obtained":["MutagenicStrength"]},{"damage_healed":0.0,"max_hp_gain":0.0,"max_hp_loss":0.0,"gold_gain":0.0,"event_name":"The Mausoleum","player_choice":"Opened","floor":27.0,"gold_loss":0.0,"damage_taken":0.0,"relics_obtained":["Runesmith:Nanobots"],"cards_obtained":["Writhe"]},{"damage_healed":0.0,"max_hp_gain":0.0,"max_hp_loss":0.0,"gold_gain":0.0,"event_name":"Colosseum","player_choice":"Fight","floor":32.0,"gold_loss":0.0,"damage_taken":0.0},{"damage_healed":0.0,"max_hp_gain":0.0,"max_hp_loss":0.0,"gold_gain":0.0,"event_name":"Colosseum","player_choice":"Fought Nobs","floor":32.0,"gold_loss":0.0,"damage_taken":0.0},{"damage_healed":0.0,"max_hp_gain":0.0,"max_hp_loss":0.0,"gold_gain":0.0,"event_name":"SensoryStone","player_choice":"Memory 1","floor":37.0,"gold_loss":0.0,"damage_taken":0.0},{"damage_healed":0.0,"max_hp_gain":0.0,"max_hp_loss":0.0,"gold_gain":0.0,"event_name":"Tomb of Lord Red Mask","player_choice":"Ignored","floor":38.0,"gold_loss":0.0,"damage_taken":0.0},{"damage_healed":19,"gold_gain":0,"player_choice":"Writhe","damage_taken":0,"max_hp_gain":0,"max_hp_loss":0,"event_name":"Winding Halls","floor":45,"gold_loss":0,"cards_obtained":["Writhe"]}],"is_beta":false,"boss_relics":[{"not_picked":["Ectoplasm","Empty Cage"],"picked":"Fusion Hammer"},{"not_picked":["reliquary:Ember","Runesmith:UraniumAnvil"],"picked":"Sozu"}],"items_purged_floors":[],"is_endless":false,"potions_floor_spawned":[5,18,24,25,32,33,42,47],"ascension_level":0}}