{"host":"neeznpvpgo0qgfkd","time":1612398895,"event":{"mods":["AchievementEnabler","BaseMod","BetterRewards","Colored Map","Colored Powertips","Exacting","Minty Spire (QoL Compilation)","Permanent Neow","Quick Restart","Shop Mod"],"gold_per_floor":[119,119,137,153,174,234,290,321,321,366,402,414,441,492,504,605,617,644,656,668,695,34,77,77,113,113,127,167,192,233,233,233,331,331,347,622,622,67,85,128,144,178,201,260,260,210,210,225,225,240,240,240,240,74,112,112,112],"floor_reached":56,"language":"ENG","playtime":3397,"items_purged":["Injury","Regret"],"score":2261,"play_id":"037c31a3-f559-48db-beaf-1709fcba8e40","local_time":"20210203193455","is_ascension_mode":true,"campfire_choices":[{"floor":15.0,"key":"REST"},{"data":"Infinite Blades","floor":24.0,"key":"SMITH"},{"floor":32.0,"key":"REST"},{"floor":45.0,"key":"REST"},{"floor":47.0,"key":"RECALL"},{"data":"Infinite Blades","floor":49.0,"key":"SMITH"},{"data":"Dagger Spray","floor":53,"key":"SMITH"}],"circlet_count":0,"master_deck":["AscendersBane","Strike_G+1","Strike_G","Strike_G","Strike_G","Strike_G","Defend_G","Defend_G+1","Defend_G","Defend_G","Defend_G+1","Survivor","Neutralize","Accuracy","Blade Dance","Panache+1","Slice","Tactician","Underhanded Strike","Infinite Blades+1","Sucker Punch","Flying Knee","Blade Dance","Dodge and Roll+1","A Thousand Cuts","Choke","Infinite Blades+1","Terror","Blade Dance+1","Finisher","Accuracy","Dagger Spray","Glass Knife","Outmaneuver+1","Sadistic Nature","Finesse+1","Slice","Slice","Flying Knee+1","Dagger Spray+1","Envenom"],"relics":["Ring of the Snake","Blood Vial","Gambling Chip","Golden Idol","Paper Crane","Centennial Puzzle","MawBank","Singing Bowl","Anchor","WristBlade","Tiny Chest","MutagenicStrength","ClockworkSouvenir","Vajra","Pantograph","Prayer Wheel","Shuriken","Toxic Egg 2","War Paint","Bag of Marbles","Smiling Mask","Busted Crown","Du-Vu Doll","MealTicket","Mummified Hand","Mercury Hourglass","Akabeko","Bird Faced Urn"],"acts_visited":["Exordium","TheCity","TheBeyond","TheEnding"],"potions_floor_usage":[55,56],"damage_taken":[{"damage":8.0,"enemies":"Small Slimes","floor":1.0,"turns":2.0},{"damage":0.0,"enemies":"Cultist","floor":3.0,"turns":3.0},{"damage":6.0,"enemies":"2 Louse","floor":4.0,"turns":3.0},{"damage":10.0,"enemies":"Exordium Thugs","floor":5.0,"turns":3.0},{"damage":0.0,"enemies":"3 Sentries","floor":6.0,"turns":5.0},{"damage":22.0,"enemies":"Lagavulin","floor":8.0,"turns":5.0},{"damage":8.0,"enemies":"Gremlin Nob","floor":10.0,"turns":3.0},{"damage":6.0,"enemies":"Lots of Slimes","floor":11.0,"turns":2.0},{"damage":18.0,"enemies":"Large Slime","floor":13.0,"turns":3.0},{"damage":3.0,"enemies":"3 Sentries","floor":14.0,"turns":3.0},{"damage":1.0,"enemies":"Slime Boss","floor":16.0,"turns":5.0},{"damage":6.0,"enemies":"3 Byrds","floor":18.0,"turns":3.0},{"damage":0.0,"enemies":"Spheric Guardian","floor":21.0,"turns":2.0},{"damage":8.0,"enemies":"Slavers","floor":23.0,"turns":3.0},{"damage":4.0,"enemies":"Book of Stabbing","floor":25.0,"turns":2.0},{"damage":6.0,"enemies":"Snake Plant","floor":27.0,"turns":2.0},{"damage":19.0,"enemies":"Gremlin Leader","floor":28.0,"turns":3.0},{"damage":0.0,"enemies":"Snecko","floor":29.0,"turns":2.0},{"damage":29.0,"enemies":"Slavers","floor":30.0,"turns":4.0},{"damage":10.0,"enemies":"Collector","floor":33.0,"turns":5.0},{"damage":3.0,"enemies":"3 Darklings","floor":35.0,"turns":2.0},{"damage":25.0,"enemies":"3 Shapes","floor":39.0,"turns":3.0},{"damage":37.0,"enemies":"Reptomancer","floor":40.0,"turns":4.0},{"damage":0.0,"enemies":"Spire Growth","floor":41.0,"turns":1.0},{"damage":0.0,"enemies":"Nemesis","floor":42.0,"turns":1.0},{"damage":8.0,"enemies":"Reptomancer","floor":44.0,"turns":3.0},{"damage":0.0,"enemies":"Transient","floor":48.0,"turns":6.0},{"damage":38.0,"enemies":"Awakened One","floor":50.0,"turns":5.0},{"damage":28,"enemies":"Donu and Deca","floor":51,"turns":4},{"damage":61,"enemies":"Shield and Spear","floor":55,"turns":5},{"damage":134,"enemies":"The Heart","floor":56,"turns":3}],"seed_played":"4575572435986546311","potions_obtained":[{"floor":1.0,"key":"EntropicBrew"},{"floor":3.0,"key":"LiquidMemories"},{"floor":8.0,"key":"CultistPotion"},{"floor":14.0,"key":"Regen Potion"},{"floor":16.0,"key":"DuplicationPotion"},{"floor":18.0,"key":"Weak Potion"},{"floor":21.0,"key":"PowerPotion"},{"floor":29.0,"key":"Dexterity Potion"},{"floor":40.0,"key":"Weak Potion"},{"floor":44.0,"key":"Dexterity Potion"},{"floor":48.0,"key":"Fruit Juice"},{"floor":55,"key":"CunningPotion"}],"is_trial":false,"path_per_floor":["M","?","M","M","M","E","?","E","T","E","M","?","M","E","R","B",null,"M","T","?","M","$","E","R","E","T","M","E","M","E","?","R","B",null,"M","?","T","$","M","E","M","E","T","E","R","?","R","M","R","B","B",null,"R","$","E","B"],"character_chosen":"THE_SILENT","items_purchased":["Accuracy","Blade Dance","Blood Vial","Panache","Slice","ClockworkSouvenir","Vajra","Pantograph","MealTicket","Outmaneuver+1","Sadistic Nature","Finesse+1","Envenom"],"campfire_rested":3,"item_purchase_floors":[0,0,0,0,0,22,22,22,38,38,38,38,54],"current_hp_per_floor":[53,53,55,51,43,45,45,25,25,19,24,24,10,9,29,42,62,58,58,58,60,60,54,54,54,54,52,37,39,12,12,34,51,68,71,71,71,71,50,17,21,25,25,21,47,47,47,54,54,43,42,80,80,93,34,0,0],"gold":112,"neow_bonus":"","is_daily":false,"chose_seed":false,"campfire_upgraded":3,"win_rate":0.0,"timestamp":1612398895,"path_taken":["M","?","M","M","M","E","?","E","T","E","M","?","M","E","R","BOSS","M","?","?","M","$","E","R","E","T","M","E","M","E","?","R","BOSS","M","?","?","$","M","E","?","E","T","E","R","?","R","M","R","BOSS","BOSS","R","$","E","BOSS"],"items_purchased_type":["Card","Card","Relic","Card","Card","Relic","Relic","Relic","Relic","Card","Card","Card","Card"],"build_version":"2020-12-22","purchased_purges":2,"victory":false,"max_hp_per_floor":[66,66,66,66,66,66,66,66,66,66,66,66,68,68,68,68,68,68,68,68,68,68,68,68,70,70,72,74,74,74,74,74,74,74,78,78,78,78,80,82,84,86,86,88,88,88,88,93,93,93,93,93,93,93,95,95,95],"card_choices":[{"not_picked":["Poisoned Stab","Eviscerate"],"picked":"Tactician","floor":1.0},{"not_picked":["Backflip","Endless Agony","Quick Slash"],"picked":"SKIP","floor":3.0},{"not_picked":["Outmaneuver","Quick Slash"],"picked":"Underhanded Strike","floor":4.0},{"not_picked":["Finisher","Terror"],"picked":"Infinite Blades","floor":5.0},{"not_picked":["Finisher","Concentrate","Reflex"],"picked":"SKIP","floor":6.0},{"not_picked":["Concentrate","Poisoned Stab"],"picked":"Sucker Punch","floor":8.0},{"not_picked":["Heel Hook","Crippling Poison"],"picked":"Flying Knee","floor":10.0},{"not_picked":["Outmaneuver","Well Laid Plans"],"picked":"Blade Dance","floor":11.0},{"not_picked":["PiercingWail","Slice","Bouncing Flask"],"picked":"Singing Bowl","floor":13.0},{"not_picked":["Wraith Form v2","Bane"],"picked":"Dodge and Roll","floor":14.0},{"not_picked":["Bullet Time","Malaise"],"picked":"A Thousand Cuts","floor":16.0},{"not_picked":["Backstab+1","Masterful Stab"],"picked":"Choke","floor":18.0},{"not_picked":["Dagger Spray","Prepared"],"picked":"Infinite Blades","floor":21.0},{"not_picked":["Underhanded Strike+1","Bouncing Flask"],"picked":"Terror","floor":23.0},{"not_picked":["Reflex","Backflip","Deflect"],"picked":"Singing Bowl","floor":25.0},{"not_picked":["Dash","Footwork"],"picked":"Blade Dance+1","floor":27.0},{"not_picked":["Expertise+1","Leg Sweep+1","Heel Hook"],"picked":"Singing Bowl","floor":27.0},{"not_picked":["PiercingWail+1","Concentrate+1","Malaise+1"],"picked":"Singing Bowl","floor":28.0},{"not_picked":["Quick Slash+1","Backflip+1"],"picked":"Finisher","floor":29.0},{"not_picked":["Reflex+1","Outmaneuver+1"],"picked":"Accuracy","floor":29.0},{"not_picked":["Reflex+1","Underhanded Strike"],"picked":"Dagger Spray","floor":30.0},{"not_picked":["Wraith Form v2","A Thousand Cuts"],"picked":"Glass Knife","floor":33.0},{"not_picked":["Backflip+1"],"picked":"Singing Bowl","floor":35.0},{"not_picked":["Dagger Throw"],"picked":"Singing Bowl","floor":35.0},{"not_picked":["Flying Knee"],"picked":"Singing Bowl","floor":39.0},{"not_picked":[],"picked":"Slice","floor":39.0},{"not_picked":["Crippling Poison+1"],"picked":"Singing Bowl","floor":40.0},{"not_picked":[],"picked":"Slice","floor":41.0},{"not_picked":["Prepared+1"],"picked":"Singing Bowl","floor":41.0},{"not_picked":["Prepared+1"],"picked":"Singing Bowl","floor":42.0},{"not_picked":["Dagger Throw"],"picked":"Singing Bowl","floor":44.0},{"not_picked":[],"picked":"Flying Knee+1","floor":48.0},{"not_picked":[],"picked":"Dagger Spray","floor":48.0},{"not_picked":["Endless Agony"],"picked":"Singing Bowl","floor":55}],"player_experience":1979154,"relics_obtained":[{"floor":6.0,"key":"Paper Crane"},{"floor":8.0,"key":"Centennial Puzzle"},{"floor":9.0,"key":"MawBank"},{"floor":10.0,"key":"Singing Bowl"},{"floor":14.0,"key":"Anchor"},{"floor":19.0,"key":"Tiny Chest"},{"floor":23.0,"key":"Prayer Wheel"},{"floor":25.0,"key":"Shuriken"},{"floor":26.0,"key":"Toxic Egg 2"},{"floor":28.0,"key":"War Paint"},{"floor":30.0,"key":"Bag of Marbles"},{"floor":37.0,"key":"Du-Vu Doll"},{"floor":40.0,"key":"Mummified Hand"},{"floor":42.0,"key":"Mercury Hourglass"},{"floor":44.0,"key":"Akabeko"},{"floor":55,"key":"Bird Faced Urn"}],"event_choices":[{"damage_healed":0.0,"max_hp_gain":0.0,"max_hp_loss":0.0,"gold_gain":0.0,"event_name":"Golden Idol","player_choice":"Take Wound","floor":2.0,"gold_loss":0.0,"damage_taken":0.0,"relics_obtained":["Golden Idol"],"cards_obtained":["Injury"]},{"damage_healed":0.0,"max_hp_gain":0.0,"max_hp_loss":0.0,"gold_gain":56.0,"event_name":"Golden Wing","player_choice":"Gained Gold","floor":7.0,"gold_loss":0.0,"damage_taken":0.0},{"damage_healed":0.0,"max_hp_gain":0.0,"max_hp_loss":0.0,"gold_gain":0.0,"event_name":"Upgrade Shrine","player_choice":"Upgraded","floor":12.0,"gold_loss":0.0,"damage_taken":0.0,"cards_upgraded":["Panache"]},{"damage_healed":0.0,"max_hp_gain":0.0,"max_hp_loss":0.0,"gold_gain":0.0,"event_name":"Drug Dealer","player_choice":"Inject Mutagens","floor":20.0,"gold_loss":0.0,"damage_taken":0.0,"relics_obtained":["MutagenicStrength"]},{"damage_healed":0.0,"max_hp_gain":0.0,"max_hp_loss":0.0,"gold_gain":0.0,"event_name":"WeMeetAgain","player_choice":"Gave Potion","floor":31.0,"gold_loss":0.0,"damage_taken":0.0,"relics_obtained":["Smiling Mask"]},{"damage_healed":0.0,"max_hp_gain":0.0,"max_hp_loss":0.0,"gold_gain":275.0,"event_name":"Golden Shrine","player_choice":"Desecrate","floor":36.0,"gold_loss":0.0,"damage_taken":0.0,"cards_obtained":["Regret"]},{"damage_healed":0.0,"max_hp_gain":0.0,"max_hp_loss":0.0,"gold_gain":0.0,"event_name":"Designer","player_choice":"Upgraded Two","floor":46.0,"gold_loss":50.0,"damage_taken":0.0,"cards_upgraded":["Defend_G","Strike_G"]}],"is_beta":false,"boss_relics":[{"not_picked":["Ring of the Serpent","Pandora\u0027s Box"],"picked":"WristBlade"},{"not_picked":["Runic Pyramid","Empty Cage"],"picked":"Busted Crown"}],"items_purged_floors":[22,38],"is_endless":false,"potions_floor_spawned":[1,3,4,8,14,16,18,21,29,40,44,48],"killed_by":"The Heart","ascension_level":20}}