{"host":"7f01flv6y0vhl3vt","time":1612475769,"event":{"mods":["Act Like it!","BaseMod","Downfall","Minty Spire (QoL Compilation)","StSLib"],"gold_per_floor":[99,161,35,52,52,52,52,72,72,72,72],"floor_reached":9,"language":"ENG","playtime":5725,"items_purged":["champ:Defend"],"score":49,"play_id":"a16cfe64-0b0c-4ae3-af38-5648a835a97c","local_time":"20210204165609","is_ascension_mode":false,"campfire_choices":[{"floor":1,"key":"RECALL"},{"floor":6,"key":"REST"}],"circlet_count":0,"master_deck":["champ:Strike","champ:Strike","champ:Strike","champ:Strike","champ:Defend","champ:Defend","champ:Defend","champ:Execute","champ:Taunt","champ:GladiatorStyle","champ:ShieldSlam","champ:IronFortress","champ:CrookedStrike","champ:Taunt","champ:ShieldSigil","champ:CalledShot"],"relics":["champ:ChampionCrown","Anchor","Girya"],"acts_visited":["Exordium"],"potions_floor_usage":[9,9],"damage_taken":[{"damage":87,"enemies":"3 Sentries","floor":2,"turns":11},{"damage":20,"enemies":"downfall:FleeingMerchant","floor":3,"turns":4},{"damage":26,"enemies":"Cultist","floor":4,"turns":4},{"damage":36,"enemies":"Small Slimes","floor":8,"turns":5},{"damage":49,"enemies":"Lagavulin","floor":9,"turns":6}],"seed_played":"-9000815737605428113","potions_obtained":[{"floor":2,"key":"Block Potion"},{"floor":8,"key":"Dexterity Potion"}],"is_trial":false,"path_per_floor":["R","?","$","M","?","R","T","M","E"],"character_chosen":"THE_CHAMP","items_purchased":["champ:IronFortress"],"campfire_rested":1,"item_purchase_floors":[3],"current_hp_per_floor":[90,38,38,32,32,59,59,48,0,0,0],"gold":72,"neow_bonus":"RANDOM_COMMON_RELIC","is_daily":false,"chose_seed":false,"campfire_upgraded":0,"win_rate":0.0,"timestamp":1612475769,"path_taken":["R","?","$","M","?","R","T","M","E"],"items_purchased_type":["Card"],"build_version":"2020-12-22","purchased_purges":1,"victory":false,"max_hp_per_floor":[90,90,90,90,90,90,90,90,90,90,90],"card_choices":[{"not_picked":["champ:CrownThrow","champ:FlashCut"],"picked":"champ:GladiatorStyle","floor":2},{"not_picked":["champ:CrownThrow","champ:ShieldSigil"],"picked":"champ:ShieldSlam","floor":3},{"not_picked":["champ:FanOfKnives","champ:Backstep"],"picked":"champ:CrookedStrike","floor":4},{"not_picked":["champ:BringItOn","champ:FanOfKnives"],"picked":"champ:CalledShot","floor":8}],"player_experience":1617923,"relics_obtained":[{"floor":2,"key":"Girya"}],"event_choices":[],"is_beta":false,"boss_relics":[],"items_purged_floors":[3],"is_endless":false,"potions_floor_spawned":[2,8],"killed_by":"Lagavulin","ascension_level":0}}