{"host":"kxz5izodaorfb9am","time":1612450592,"event":{"mods":["BaseMod","GifTheSpireLib","Minty Spire (QoL Compilation)","Shop Mod","StSLib"],"gold_per_floor":[109,109,34,34,45,45,80,80,80,80,100,118,118,146,146,244,244,260,13,31,48,63,98,98,125,179,190,190,200,228,238,238,334,334,347,124,124,151,169,196,196,221,271,289,301,321,340,340,340,340],"floor_reached":51,"language":"ENG","playtime":1776,"items_purged":["Strike_R","Strike_R"],"score":920,"play_id":"a72d1564-160e-4255-937f-38c739f61b91","local_time":"20210204155632","is_ascension_mode":true,"campfire_choices":[{"data":"Whirlwind","floor":6,"key":"SMITH"},{"data":"Defend_R","floor":8,"key":"SMITH"},{"data":"Disarm","floor":15,"key":"SMITH"},{"floor":24,"key":"REST"},{"floor":32,"key":"REST"},{"floor":41,"key":"REST"},{"floor":49,"key":"REST"}],"circlet_count":0,"master_deck":["Strike_R","Strike_R","Defend_R+1","Defend_R","Defend_R","Bash","Whirlwind+1","Disarm+1","Offering","Rage+1","Warcry","Metallicize","Shrug It Off","Double Tap","Demon Form","Flame Barrier+1","Whirlwind","Warcry+1","Shrug It Off+1","True Grit+1","Battle Trance+1","Flex+1","Reaper"],"relics":["Burning Blood","NeowsBlessing","Turnip","Mummified Hand","PreservedInsect","Fusion Hammer","Chemical X","Prayer Wheel","Boot","Bronze Scales","Bag of Marbles","Brimstone","Blood Vial","Art of War","Incense Burner","Red Skull"],"acts_visited":["Exordium","TheCity","TheBeyond"],"potions_floor_usage":[16,18,23,29,30,31,33,42,42,50],"damage_taken":[{"damage":0,"enemies":"2 Louse","floor":1,"turns":1},{"damage":0,"enemies":"Small Slimes","floor":5,"turns":1},{"damage":0,"enemies":"3 Sentries","floor":7,"turns":1},{"damage":0,"enemies":"Cultist","floor":11,"turns":3},{"damage":20,"enemies":"Looter","floor":12,"turns":3},{"damage":24,"enemies":"Gremlin Nob","floor":14,"turns":4},{"damage":19,"enemies":"Slime Boss","floor":16,"turns":8},{"damage":16,"enemies":"2 Thieves","floor":18,"turns":2},{"damage":16,"enemies":"Chosen","floor":20,"turns":3},{"damage":6,"enemies":"Centurion and Healer","floor":21,"turns":3},{"damage":16,"enemies":"Cultist and Chosen","floor":22,"turns":5},{"damage":0,"enemies":"Slavers","floor":23,"turns":1},{"damage":7,"enemies":"Book of Stabbing","floor":25,"turns":3},{"damage":6,"enemies":"3 Cultists","floor":27,"turns":1},{"damage":6,"enemies":"Shelled Parasite and Fungi","floor":29,"turns":2},{"damage":6,"enemies":"Gremlin Leader","floor":30,"turns":2},{"damage":0,"enemies":"Centurion and Healer","floor":31,"turns":1},{"damage":69,"enemies":"Champ","floor":33,"turns":9},{"damage":6,"enemies":"3 Darklings","floor":35,"turns":2},{"damage":6,"enemies":"Orb Walker","floor":39,"turns":1},{"damage":6,"enemies":"Reptomancer","floor":40,"turns":1},{"damage":9,"enemies":"Nemesis","floor":42,"turns":2},{"damage":0,"enemies":"3 Darklings","floor":44,"turns":1},{"damage":6,"enemies":"Sphere and 2 Shapes","floor":45,"turns":2},{"damage":0,"enemies":"Jaw Worm Horde","floor":46,"turns":1},{"damage":0,"enemies":"Spire Growth","floor":47,"turns":3},{"damage":55,"enemies":"Awakened One","floor":50,"turns":7}],"seed_played":"-8445059049119683088","potions_obtained":[{"floor":11,"key":"Strength Potion"},{"floor":16,"key":"Swift Potion"},{"floor":20,"key":"ColorlessPotion"},{"floor":21,"key":"SteroidPotion"},{"floor":27,"key":"SpeedPotion"},{"floor":28,"key":"BloodPotion"},{"floor":28,"key":"Ancient Potion"},{"floor":29,"key":"LiquidMemories"},{"floor":30,"key":"DuplicationPotion"},{"floor":39,"key":"PowerPotion"},{"floor":40,"key":"DuplicationPotion"}],"is_trial":false,"path_per_floor":["M","?","$","?","M","R","E","R","T","$","M","M","?","E","R","B",null,"M","$","M","M","M","E","R","E","T","M","?","M","E","M","R","B",null,"M","$","?","T","M","E","R","E","T","M","M","M","M","?","R","B",null],"character_chosen":"IRONCLAD","items_purchased":["Chemical X","Whirlwind","Brimstone"],"campfire_rested":4,"item_purchase_floors":[19,36,36],"current_hp_per_floor":[80,73,73,78,84,84,85,85,85,85,85,71,71,53,53,40,85,75,75,65,65,55,61,85,84,84,84,84,84,84,85,85,22,85,85,85,85,85,85,85,85,82,82,85,85,85,85,85,85,59],"gold":340,"neow_bonus":"THREE_ENEMY_KILL","is_daily":false,"chose_seed":false,"campfire_upgraded":3,"win_rate":0.0,"timestamp":1612450592,"path_taken":["M","?","$","?","M","R","E","R","T","$","M","M","?","E","R","BOSS","M","$","M","?","M","E","R","E","T","M","?","M","E","?","R","BOSS","M","$","?","?","M","E","R","E","T","M","?","M","M","?","R","BOSS"],"items_purchased_type":["Relic","Card","Relic"],"build_version":"2020-12-22","purchased_purges":2,"victory":true,"max_hp_per_floor":[80,80,80,85,85,85,85,85,85,85,85,85,85,85,85,85,85,85,85,85,85,85,85,85,85,85,85,85,85,85,85,85,85,85,85,85,85,85,85,85,85,85,85,85,85,85,85,85,85,85],"card_choices":[{"not_picked":["Iron Wave","Reckless Charge","Twin Strike"],"picked":"SKIP","floor":1},{"not_picked":["Clothesline","Headbutt"],"picked":"Whirlwind","floor":5},{"not_picked":["Dual Wield","Clash","Cleave"],"picked":"SKIP","floor":7},{"not_picked":["Headbutt","Clash","Thunderclap"],"picked":"SKIP","floor":11},{"not_picked":["Body Slam","Headbutt"],"picked":"Disarm","floor":12},{"not_picked":["Wild Strike","Anger","Body Slam"],"picked":"SKIP","floor":14},{"not_picked":["Corruption","Brutality"],"picked":"Offering","floor":16},{"not_picked":["Clash","Cleave","Perfected Strike"],"picked":"SKIP","floor":18},{"not_picked":["Perfected Strike","Iron Wave"],"picked":"Rage+1","floor":20},{"not_picked":["Flex","Feel No Pain+1","Heavy Blade"],"picked":"SKIP","floor":21},{"not_picked":["Pommel Strike","Rampage","Second Wind"],"picked":"SKIP","floor":22},{"not_picked":["Headbutt","Iron Wave","Flex"],"picked":"SKIP","floor":23},{"not_picked":["Entrench","Brutality","Burning Pact"],"picked":"SKIP","floor":25},{"not_picked":["Shockwave","Body Slam"],"picked":"Warcry","floor":27},{"not_picked":["Cleave","Pommel Strike","Second Wind"],"picked":"SKIP","floor":27},{"not_picked":["Rupture","Thunderclap"],"picked":"Metallicize","floor":29},{"not_picked":["Havoc","Sword Boomerang","Cleave+1"],"picked":"SKIP","floor":29},{"not_picked":["Cleave+1","Wild Strike"],"picked":"Shrug It Off","floor":30},{"not_picked":["Warcry","Shrug It Off"],"picked":"Double Tap","floor":31},{"not_picked":["Entrench","Rampage","Armaments"],"picked":"SKIP","floor":31},{"not_picked":["Berserk","Fiend Fire"],"picked":"Demon Form","floor":33},{"not_picked":["Anger","Cleave"],"picked":"Flame Barrier+1","floor":35},{"not_picked":["Sword Boomerang+1","Clothesline+1","Body Slam+1"],"picked":"SKIP","floor":35},{"not_picked":["Inflame+1","Thunderclap+1"],"picked":"Warcry+1","floor":39},{"not_picked":["Feel No Pain","Perfected Strike+1","Twin Strike"],"picked":"SKIP","floor":39},{"not_picked":["Brutality","Metallicize","Blood for Blood+1"],"picked":"SKIP","floor":40},{"not_picked":["Blood for Blood","Havoc"],"picked":"Shrug It Off+1","floor":42},{"not_picked":["Clash+1","Uppercut"],"picked":"True Grit+1","floor":44},{"not_picked":["Second Wind+1","Heavy Blade","Metallicize+1"],"picked":"SKIP","floor":44},{"not_picked":["Cleave+1","Rampage+1","Intimidate"],"picked":"SKIP","floor":45},{"not_picked":["Clash+1","Bloodletting+1","Headbutt"],"picked":"SKIP","floor":45},{"not_picked":["Ghostly Armor","Flex"],"picked":"Battle Trance+1","floor":46},{"not_picked":["Pommel Strike+1","Second Wind+1","True Grit"],"picked":"SKIP","floor":46},{"not_picked":["Rampage+1","Twin Strike+1"],"picked":"Flex+1","floor":47},{"not_picked":["Headbutt","Clash","Armaments"],"picked":"SKIP","floor":47}],"player_experience":263167,"relics_obtained":[{"floor":7,"key":"Turnip"},{"floor":9,"key":"Mummified Hand"},{"floor":14,"key":"PreservedInsect"},{"floor":23,"key":"Prayer Wheel"},{"floor":25,"key":"Boot"},{"floor":26,"key":"Bronze Scales"},{"floor":30,"key":"Bag of Marbles"},{"floor":38,"key":"Blood Vial"},{"floor":40,"key":"Art of War"},{"floor":42,"key":"Incense Burner"},{"floor":43,"key":"Red Skull"}],"event_choices":[{"cards_removed":["Strike_R"],"damage_healed":0,"gold_gain":0,"player_choice":"Card Removal","damage_taken":7,"max_hp_gain":0,"max_hp_loss":0,"event_name":"Golden Wing","floor":2,"gold_loss":0},{"damage_healed":0,"gold_gain":0,"player_choice":"Donut","damage_taken":0,"max_hp_gain":5,"max_hp_loss":0,"event_name":"Big Fish","floor":4,"gold_loss":0},{"cards_removed":["Defend_R"],"damage_healed":0,"gold_gain":0,"player_choice":"Purged","damage_taken":0,"max_hp_gain":0,"max_hp_loss":0,"event_name":"Purifier","floor":13,"gold_loss":0},{"damage_healed":0,"gold_gain":0,"player_choice":"Got Potions","damage_taken":0,"max_hp_gain":0,"max_hp_loss":0,"event_name":"Lab","floor":28,"gold_loss":0},{"damage_healed":0,"gold_gain":0,"player_choice":"Memory 1","damage_taken":0,"max_hp_gain":0,"max_hp_loss":0,"event_name":"SensoryStone","floor":37,"gold_loss":0},{"damage_healed":0,"gold_gain":0,"player_choice":"1 cards matched","damage_taken":0,"max_hp_gain":0,"max_hp_loss":0,"event_name":"Match and Keep!","floor":48,"gold_loss":0,"cards_obtained":["Reaper"]}],"is_beta":false,"boss_relics":[{"not_picked":["Runic Pyramid","Black Star"],"picked":"Fusion Hammer"},{"not_picked":[]}],"items_purged_floors":[3,19],"is_endless":false,"potions_floor_spawned":[11,16,20,21,27,29,30,39,40],"ascension_level":1}}