{"host":"bcpyscfajg8dk59p","time":1612456517,"event":{"mods":["Act Like it!","BaseMod","BetterRewards","Colored Map","Colored Powertips","Conspire","Downfall","Friendly Minions","Hubris","Infinite Spire","Ironclad Rager","Minty Spire (QoL Compilation)","Permanent Neow","Quarter Circle Forward PUNCH!","Replay The Spire","StSLib","SuperFastMode","The Jungle","Trackpad"],"gold_per_floor":[110,128,228,247,265,265,283,283,283,310,310,321,321,336,336,438,438,448,377,394,73,83,113,113,127,175,175,175,175,175],"floor_reached":29,"language":"ENG","playtime":1252,"items_purged":[],"score":272,"play_id":"c8a75e7f-11cc-482a-804f-57596be29662","local_time":"20210204083517","is_ascension_mode":false,"campfire_choices":[{"data":"Whirlwind","floor":6,"key":"SMITH"},{"data":"Uppercut","floor":8,"key":"SMITH"},{"data":"ReplayReversal","floor":13,"key":"SMITH"},{"data":"Bash","floor":15,"key":"SMITH"},{"data":"Metallicize","floor":24,"key":"SMITH"},{"data":"Flame Barrier","floor":27,"key":"SMITH"}],"circlet_count":0,"master_deck":["Strike_R","Strike_R","Defend_R","Defend_R","Defend_R","Defend_R","Bash+1","Uppercut+1","Pommel Strike","Ghostly Armor","Whirlwind+1","ReplayReversal+1","Dropkick","Feed","Inflame+1","conspire:Purge","Metallicize+1","Warcry","Flame Barrier+1","Run Through"],"relics":["Burning Blood","hubris:GlazedTorus","ReplayTheSpireMod:Shallot","Bottled Lightning","hubris:PeanutButter","WingedGreaves","infinitespire:Lucky Rock","conspire:BottledYoYo"],"acts_visited":["Exordium","TheCity"],"potions_floor_usage":[16,29],"damage_taken":[{"damage":1,"enemies":"Cultist","floor":1,"turns":3},{"damage":4,"enemies":"conspire:RoseBush","floor":2,"turns":2},{"damage":3,"enemies":"Jaw Worm","floor":4,"turns":3},{"damage":3,"enemies":"2 Fungi Beasts","floor":5,"turns":4},{"damage":3,"enemies":"Exordium Wildlife","floor":7,"turns":3},{"damage":21,"enemies":"Gremlin Nob","floor":10,"turns":4},{"damage":3,"enemies":"conspire:2 RoseBushes","floor":12,"turns":5},{"damage":0,"enemies":"Blue Slaver","floor":14,"turns":3},{"damage":26,"enemies":"Hexaghost","floor":16,"turns":12},{"damage":10,"enemies":"conspire:FuzzyDice","floor":18,"turns":7},{"damage":14,"enemies":"3 Byrds","floor":20,"turns":4},{"damage":23,"enemies":"Snecko","floor":22,"turns":7},{"damage":0,"enemies":"conspire:Head Lice","floor":23,"turns":7},{"damage":33,"enemies":"Sentry and Sphere","floor":25,"turns":7},{"damage":35,"enemies":"Chosen and Byrds","floor":29,"turns":7}],"seed_played":"-244505331001975773","potions_obtained":[{"floor":1,"key":"BlessingOfTheForge"},{"floor":12,"key":"SkillPotion"},{"floor":16,"key":"champ:CounterPotion"},{"floor":25,"key":"Energy Potion"}],"is_trial":false,"path_per_floor":["M","M","?","M","M","R","M","R","T","E","?","M","R","M","R_BF","B",null,"M","$","M","$","M","E","R","M","T","R","?","M"],"character_chosen":"IRONCLAD","items_purchased":["conspire:Purge","Metallicize","hubris:PeanutButter"],"campfire_rested":0,"item_purchase_floors":[19,21,21],"current_hp_per_floor":[61,63,63,66,69,69,72,72,72,57,57,60,60,66,66,46,80,76,76,68,68,51,57,57,30,30,30,30,0,0],"gold":175,"neow_bonus":"ONE_RARE_RELIC","is_daily":false,"chose_seed":false,"campfire_upgraded":6,"win_rate":0.0,"timestamp":1612456517,"path_taken":["M","M","?","M","?","R","M","R","T","E","?","M","R","M","R_BF","BOSS","M","$","M","$","M","E","R","M","T","R","?","M"],"items_purchased_type":["Card","Card","Relic"],"build_version":"2020-12-22","purchased_purges":0,"victory":false,"max_hp_per_floor":[80,80,80,80,80,80,80,80,80,80,80,80,80,80,80,80,80,80,80,80,80,80,80,80,80,80,80,80,80,80],"card_choices":[{"not_picked":["Bloodletting","Power Through"],"picked":"Uppercut","floor":1},{"not_picked":["Defy Death","Body Slam"],"picked":"Pommel Strike","floor":2},{"not_picked":["Sever Soul","ReplayTheSpireMod:Strike From Hell"],"picked":"Ghostly Armor","floor":4},{"not_picked":["Iron Wave","Dual Wield"],"picked":"Whirlwind","floor":5},{"not_picked":["Clothesline","Thunderclap","Twin Strike"],"picked":"SKIP","floor":7},{"not_picked":["conspire:ExplosiveBarrier","Cleave"],"picked":"ReplayReversal","floor":10},{"not_picked":["Flex","Seeing Red"],"picked":"Dropkick","floor":12},{"not_picked":["Clothesline","Warcry","Iron Wave"],"picked":"SKIP","floor":14},{"not_picked":["Fiend Fire","hubris:StunningStrike"],"picked":"Feed","floor":16},{"not_picked":["Flex","Thunderclap"],"picked":"Inflame+1","floor":18},{"not_picked":["Thunderclap","Corruption","ReplayTheSpireMod:LeadingStrike"],"picked":"SKIP","floor":20},{"not_picked":["Burning Pact+1","ReplayTheSpireMod:Corrosion Curse"],"picked":"Warcry","floor":22},{"not_picked":["ReplayTheSpireMod:Muscle Training","conspire:HitWhereItHurts"],"picked":"Flame Barrier","floor":23},{"not_picked":["Iron Wave","Havoc"],"picked":"Run Through","floor":25}],"player_experience":434141,"relics_obtained":[{"floor":9,"key":"ReplayTheSpireMod:Shallot"},{"floor":10,"key":"Bottled Lightning"},{"floor":23,"key":"WingedGreaves"},{"floor":26,"key":"infinitespire:Lucky Rock"}],"event_choices":[{"damage_healed":0,"gold_gain":100,"player_choice":"Pray","damage_taken":0,"max_hp_gain":0,"max_hp_loss":0,"event_name":"Golden Shrine","floor":3,"gold_loss":0},{"damage_healed":0,"gold_gain":0,"player_choice":"Gave Potion","damage_taken":0,"relics_obtained":["conspire:BottledYoYo"],"max_hp_gain":0,"max_hp_loss":0,"event_name":"WeMeetAgain","floor":28,"gold_loss":0}],"is_beta":false,"boss_relics":[{"not_picked":["Runic Pyramid","ChewingGum","conspire:RunicOctahedron"]}],"items_purged_floors":[],"is_endless":false,"potions_floor_spawned":[1,12,16,25],"killed_by":"Chosen and Byrds","ascension_level":0}}