{"host":"ogbiwxon24ufqu6w","time":1612401928,"event":{"mods":["AchievementEnabler","Aspiration","BaseMod","Beaked The Cultist","Colored Map","Colored Powertips","Conspire","Googly Eyes","Highlight Path","Infinite Spire","Mimic Mod","Minty Spire (QoL Compilation)","Quick Restart","Relic Sorter","Replay The Spire","Shop Mod","StSLib","The IronCluck"],"gold_per_floor":[115,133,133,49,49,49,49,61,93,93,104,43,43,43],"floor_reached":13,"language":"ENG","playtime":1584,"items_purged":[],"score":142,"play_id":"9537073f-dfda-4a01-b285-3d71a7f05421","local_time":"20210203202528","is_ascension_mode":true,"campfire_choices":[{"data":"Bash","floor":6,"key":"SMITH"},{"floor":10,"key":"REST"}],"circlet_count":0,"master_deck":["AscendersBane","Strike_R","Strike_R","Strike_R","Strike_R","Strike_R","Defend_R","Defend_R","Defend_R","Defend_R","Bash+1","Double Tap","True Grit+1","Cleave+1","Feel No Pain","Iron Wave","ReplayTheSpireMod:Strike From Hell","Impervious","Second Wind","Second Wind"],"relics":["Burning Blood"],"acts_visited":["Exordium"],"potions_floor_usage":[11],"damage_taken":[{"damage":8,"enemies":"conspire:RoseBush","floor":1,"turns":3},{"damage":25,"enemies":"Small Slimes","floor":2,"turns":5},{"damage":3,"enemies":"Cultist","floor":8,"turns":4},{"damage":8,"enemies":"Large Slime","floor":9,"turns":13},{"damage":0,"enemies":"Large Slime","floor":11,"turns":4},{"damage":80,"enemies":"Lagavulin","floor":13,"turns":9}],"seed_played":"-6046698756965050420","potions_obtained":[{"floor":2,"key":"Fire Potion"}],"is_trial":false,"path_per_floor":["M","M","?","$","$","R","?","M","MIM","R","M","$","E"],"character_chosen":"IRONCLAD","items_purchased":["Feel No Pain","Second Wind"],"campfire_rested":1,"item_purchase_floors":[4,12],"current_hp_per_floor":[66,47,47,47,47,47,47,50,48,70,75,75,0,0],"gold":43,"neow_bonus":"ONE_RANDOM_RARE_CARD","is_daily":false,"chose_seed":false,"campfire_upgraded":1,"win_rate":0.0,"timestamp":1612401928,"path_taken":["M","?","?","?","$","R","?","M","MIM","R","M","$","E"],"items_purchased_type":["Card","Card"],"build_version":"2020-12-22","purchased_purges":0,"victory":false,"max_hp_per_floor":[75,75,75,75,75,75,75,75,75,75,75,75,75,75],"card_choices":[{"not_picked":["Shockwave","Heavy Blade"],"picked":"True Grit","floor":1},{"not_picked":["Run Through","Sword Boomerang"],"picked":"Cleave","floor":2},{"not_picked":["Body Slam","Wild Strike"],"picked":"Iron Wave","floor":8},{"not_picked":["Wild Strike","Clash"],"picked":"ReplayTheSpireMod:Strike From Hell","floor":9},{"not_picked":["Perfected Strike","Burning Pact"],"picked":"Impervious","floor":11}],"player_experience":1281404,"relics_obtained":[],"event_choices":[{"damage_healed":0,"gold_gain":0,"player_choice":"Grow","damage_taken":0,"max_hp_gain":0,"max_hp_loss":0,"event_name":"Living Wall","floor":3,"gold_loss":0,"cards_upgraded":["True Grit"]}],"is_beta":false,"boss_relics":[],"items_purged_floors":[],"is_endless":false,"potions_floor_spawned":[2],"killed_by":"Lagavulin","ascension_level":19}}