{"host":"ox77rn1xcurm2t5a","time":1612459438,"event":{"mods":["2.2 Compatiblity","AchievementEnabler","Act Like it!","Aspiration","BaseMod","Best Route Mod","Better Match","Better Note","Better Sensory Stone","Block Reminder","Colored Map","Colored Powertips","Conjunction","Conspire","Custom Start","Energized Spire","GifTheSpireLib","Gold Saver","Gremlin Skip","Halation","Highlight Path","Hubris","Infinite Spire","Minty Spire (QoL Compilation)","Pale of the Ancients","Quick Restart","Replay The Spire","Reworked Bosses","ShortenTheSpire","Spire Exporter","StSLib","Stuff the Spire","Wandering Minibosses"],"gold_per_floor":[129,3451,3451,3466,3431,3456,3456,3484,3566,3566,2861,2888,2888,2367,2367,2446,2446,2470,2495,2495,2510,2557,2557,2603,2061,2061,2101,2138,2138,2173,2186,2186,2275,2275,2300,2330,2347,1853,1872,1908,1908,1946,1946,1946,1946,1695,1695,1710,1710,1714,1714,1714,1463,1501,1513],"floor_reached":56,"language":"ENG","playtime":1755,"items_purged":["Strike_B","Strike_B","Strike_B","Strike_B","Defend_B"],"score":2205,"play_id":"5ffdd856-636d-40fe-b333-163c01caa36b","local_time":"20210204192358","is_ascension_mode":true,"campfire_choices":[{"floor":7.0,"key":"RECALL"},{"data":"Defragment","floor":10.0,"key":"SMITH"},{"data":"Zap","floor":13.0,"key":"SMITH"},{"data":"White Noise","floor":15.0,"key":"SMITH"},{"data":"Dualcast","floor":23.0,"key":"SMITH"},{"data":"Defragment","floor":32.0,"key":"SMITH"},{"data":"Defragment","floor":41.0,"key":"SMITH"},{"data":"Echo Form","floor":41.0,"key":"SMITH"},{"data":"Storm","floor":44.0,"key":"SMITH"},{"data":"Static Discharge","floor":44.0,"key":"SMITH"},{"data":"Storm","floor":49.0,"key":"SMITH"},{"data":"FIFO Queue","floor":49.0,"key":"SMITH"},{"data":"Gash","floor":52.0,"key":"SMITH"},{"data":"Gash","floor":52.0,"key":"SMITH"}],"circlet_count":0,"master_deck":["AscendersBane","Defend_B","Defend_B","Defend_B","Zap+1","Dualcast+1","Ball Lightning","Storm+1","Defragment+1","FIFO Queue+1","Ball Lightning","White Noise+1","Storm+1","Ball Lightning","Ball Lightning","Gash+1","Gash+1","Storm+1","Static Discharge+1","Defragment+1","Echo Form+1","Hologram+1","Ball Lightning","StuffTheSpire:Synthwave+1","Defragment+1","Decay","Ball Lightning","Ball Lightning","Ball Lightning"],"relics":["Cracked Core","NeowsBlessing","Replay:Frozen Program","WingedGreaves","Replay:Ringing Soul","Garlic","Bag of Preparation","halation:WeightlessCrab","ClockworkSouvenir","StuffTheSpire:Barrel","Cauldron","Replay:Bandana","aspiration:PoetsPen_weak","halation:NonexistentMirror","hubris:ToyBattleship","aspiration:ChemicalBlood","conspire:TreasureMap","Nunchaku","infinitespire:BottledMercury","Anchor","Bag of Marbles","halation:KoshaPiece","halation:PenCase","Gremlin Food","halation:SwordOfLegend","Symbiotic Virus","halation:PromiseList","Shuriken"],"acts_visited":["Exordium","TheCity","TheBeyond","TheEnding"],"potions_floor_usage":[54,55],"damage_taken":[{"damage":0.0,"enemies":"Jaw Worm","floor":1.0,"turns":1.0},{"damage":0.0,"enemies":"2 Louse","floor":4.0,"turns":1.0},{"damage":0.0,"enemies":"3 Sentries","floor":6.0,"turns":1.0},{"damage":30.0,"enemies":"Lagavulin","floor":8.0,"turns":5.0},{"damage":18.0,"enemies":"3 Sentries","floor":12.0,"turns":4.0},{"damage":5.0,"enemies":"The Guardian","floor":16.0,"turns":7.0},{"damage":0.0,"enemies":"Spheric Guardian","floor":18.0,"turns":3.0},{"damage":3.0,"enemies":"Chosen","floor":19.0,"turns":3.0},{"damage":3.0,"enemies":"Snecko","floor":21.0,"turns":3.0},{"damage":3.0,"enemies":"Gremlin Leader","floor":24.0,"turns":4.0},{"damage":42.0,"enemies":"Slavers","floor":27.0,"turns":4.0},{"damage":19.0,"enemies":"Gremlin Leader","floor":28.0,"turns":4.0},{"damage":5.0,"enemies":"Book of Stabbing","floor":30.0,"turns":3.0},{"damage":5.0,"enemies":"Snake Plant","floor":31.0,"turns":2.0},{"damage":1.0,"enemies":"bossMod:newChamp","floor":33.0,"turns":5.0},{"damage":2.0,"enemies":"3 Shapes","floor":35.0,"turns":4.0},{"damage":0.0,"enemies":"Orb Walker","floor":36.0,"turns":2.0},{"damage":9.0,"enemies":"Jaw Worm Horde","floor":37.0,"turns":3.0},{"damage":23.0,"enemies":"Spire Growth","floor":39.0,"turns":4.0},{"damage":11.0,"enemies":"R_Hoarder","floor":40.0,"turns":6.0},{"damage":0.0,"enemies":"Reptomancer","floor":42.0,"turns":3.0},{"damage":8.0,"enemies":"Writhing Mass","floor":48.0,"turns":2.0},{"damage":24.0,"enemies":"bossMod:newAwakened","floor":50.0,"turns":7.0},{"damage":0,"enemies":"Shield and Spear","floor":54,"turns":2},{"damage":70,"enemies":"The Heart","floor":55,"turns":4}],"seed_played":"7902681534378892994","potions_obtained":[{"floor":14.0,"key":"Doom Potion"},{"floor":28.0,"key":"Regen Potion"},{"floor":28.0,"key":"Milkshake"},{"floor":31.0,"key":"LifebloodPotion"},{"floor":35.0,"key":"Block Potion"},{"floor":37.0,"key":"conspire:TimeTravelPotion"}],"is_trial":false,"path_per_floor":["M","$","?","M","?","E","R","E","T","R","$","E","R","$","R","B",null,"M","M","AVR","M","T","R","E","$","T","E","E","R","E","M","R","B",null,"M","M","M","$","M","E","R","E","T","R","?","$","?","M","R","B",null,"R","$","E","B",null],"character_chosen":"DEFECT","items_purchased":["Storm","Replay:Frozen Program","WingedGreaves","FairyPotion","FIFO Queue","Bag of Preparation","halation:WeightlessCrab","ClockworkSouvenir","Ball Lightning","Cauldron","Replay:Bandana","White Noise","conspire:TreasureMap","Nunchaku","Gash","Storm","Ball Lightning","halation:PenCase","Gremlin Food","Shuriken","Strength Potion","Dexterity Potion"],"campfire_rested":0,"item_purchase_floors":[2,2,2,2,11,11,11,11,14,14,14,14,25,25,25,25,38,38,38,46,53,53],"current_hp_per_floor":[64,64,64,64,71,71,71,44,44,44,47,29,29,32,32,27,67,67,67,67,67,67,67,64,67,67,28,14,14,12,7,7,9,76,74,77,68,71,74,66,65,65,65,68,68,68,71,63,63,39,95,98,98,101,31],"gold":1513,"neow_bonus":"THREE_ENEMY_KILL","is_daily":false,"chose_seed":false,"campfire_upgraded":13,"win_rate":0.0,"timestamp":1612459438,"path_taken":["M","$","?","M","?","E","R","E","T","R","$","E","R","?","R","BOSS","M","M","AVR","M","?","R","E","$","T","E","E","R","E","M","R","BOSS","M","M","M","$","M","E","R","E","T","R","?","$","?","?","R","BOSS","R","$","E","BOSS"],"items_purchased_type":["Card","Relic","Relic","Potion","Card","Relic","Relic","Relic","Card","Relic","Relic","Card","Relic","Relic","Card","Card","Card","Relic","Relic","Relic","Potion","Potion"],"build_version":"2020-12-22","purchased_purges":5,"victory":true,"max_hp_per_floor":[71,71,71,71,71,71,71,74,74,74,77,77,77,80,80,80,80,80,83,83,86,86,86,86,89,89,92,92,92,95,95,95,98,98,98,101,101,104,107,110,110,110,110,110,110,110,113,113,113,113,113,113,113,116,116],"card_choices":[{"not_picked":["Compile Driver","Sweeping Beam"],"picked":"Ball Lightning","floor":1.0},{"not_picked":["Recycle","StuffTheSpire:LoadUp","Coolheaded"],"picked":"SKIP","floor":4.0},{"not_picked":["Crystallizer","ReplayTheSpireMod:Reroute Power","Time Bomb"],"picked":"SKIP","floor":6.0},{"not_picked":["Buffer","conspire:Rain"],"picked":"Defragment","floor":8.0},{"not_picked":["StuffTheSpire:NuclearReactor","Hyperbeam","hubris:Ukulele"],"picked":"SKIP","floor":12.0},{"not_picked":["Darkness","aspiration:Polymerization","Sunder"],"picked":"SKIP","floor":18.0},{"not_picked":["Turbo","Barrage"],"picked":"Storm+1","floor":19.0},{"not_picked":["Turbo","Hologram"],"picked":"Ball Lightning","floor":21.0},{"not_picked":["Cold Snap","Blizzard","Seek"],"picked":"SKIP","floor":24.0},{"not_picked":["StuffTheSpire:Coldhearted","Barrage"],"picked":"Static Discharge","floor":27.0},{"not_picked":["Hello World","Beam Cell","ReplayGash"],"picked":"SKIP","floor":28.0},{"not_picked":["StuffTheSpire:CleanHardDrive","Panic Button"],"picked":"Defragment","floor":30.0},{"not_picked":["Panic Button","Force Field","hubris:Prefetch"],"picked":"SKIP","floor":31.0},{"not_picked":["Thunder Strike","Seek"],"picked":"Echo Form","floor":33.0},{"not_picked":["Sweeping Beam","Hologram","Doom and Gloom"],"picked":"SKIP","floor":35.0},{"not_picked":["ReplayTheSpireMod:Repulse+1","Redo"],"picked":"Hologram+1","floor":36.0},{"not_picked":["StuffTheSpire:LoadUp","Force Field","hubris:PowerSurge"],"picked":"SKIP","floor":37.0},{"not_picked":["Chaos","Beam Cell"],"picked":"StuffTheSpire:Synthwave+1","floor":39.0},{"not_picked":["Loop","ReplayTheSpireMod:GoodbyeWorld"],"picked":"Defragment","floor":40.0},{"not_picked":["StuffTheSpire:Rend","All For One","Reboot"],"picked":"SKIP","floor":42.0},{"not_picked":["Doom and Gloom+1","Panic Button","Rip and Tear"],"picked":"SKIP","floor":48.0},{"not_picked":["Hyperbeam","StuffTheSpire:GlassShard"],"picked":"Ball Lightning","floor":54}],"player_experience":3002259,"relics_obtained":[{"floor":6.0,"key":"Replay:Ringing Soul"},{"floor":8.0,"key":"Garlic"},{"floor":12.0,"key":"StuffTheSpire:Barrel"},{"floor":22.0,"key":"hubris:ToyBattleship"},{"floor":24.0,"key":"aspiration:ChemicalBlood"},{"floor":26.0,"key":"infinitespire:BottledMercury"},{"floor":27.0,"key":"Anchor"},{"floor":28.0,"key":"Bag of Marbles"},{"floor":30.0,"key":"halation:KoshaPiece"},{"floor":40.0,"key":"halation:SwordOfLegend"},{"floor":42.0,"key":"Symbiotic Virus"},{"floor":43.0,"key":"halation:PromiseList"}],"event_choices":[{"damage_healed":0.0,"max_hp_gain":0.0,"max_hp_loss":0.0,"gold_gain":0.0,"event_name":"Liars Game","player_choice":"Ignored","floor":3.0,"gold_loss":0.0,"damage_taken":0.0},{"damage_healed":17.0,"max_hp_gain":0.0,"max_hp_loss":0.0,"gold_gain":0.0,"event_name":"The Cleric","player_choice":"Healed","floor":5.0,"gold_loss":35.0,"damage_taken":0.0},{"cards_removed":["Storm"],"damage_healed":0.0,"max_hp_gain":0.0,"max_hp_loss":0.0,"gold_gain":0.0,"event_name":"Falling","player_choice":"Removed Power","floor":45.0,"gold_loss":0.0,"damage_taken":0.0},{"damage_healed":0.0,"max_hp_gain":0.0,"max_hp_loss":0.0,"gold_gain":0.0,"event_name":"Wheel of Change","player_choice":"Cursed","floor":47.0,"gold_loss":0.0,"damage_taken":0.0,"cards_obtained":["Decay"]}],"is_beta":false,"boss_relics":[{"not_picked":["energizedSpire:NeverEndingSparkler","energizedSpire:EnergizedDie"],"picked":"aspiration:PoetsPen_weak"},{"not_picked":["energizedSpire:UnstableMolecules","halation:MonkeysPaw","Calling Bell"]}],"items_purged_floors":[11,14,20,25,53],"is_endless":false,"potions_floor_spawned":[16,18,24,28,30,35,36,37,40],"ascension_level":14}}