{"host":"ia9e4s524g7bamk7","time":1612458556,"event":{"mods":["AchievementEnabler","BaseMod","Minty Spire (QoL Compilation)","Slay-I"],"gold_per_floor":[118,132,149,52,69,81,81,94,94,120,120,150,150,150,150,252,252,271,284,302,121,121,121,156,156,156,156,156],"floor_reached":27,"language":"ENG","playtime":2746,"items_purged":["Regret","Strike_R"],"score":304,"play_id":"835942e1-16e2-4bff-9317-3a4a04e5cf63","local_time":"20210204180916","is_ascension_mode":true,"campfire_choices":[{"data":"Ghostly Armor","floor":7.0,"key":"SMITH"},{"floor":11.0,"key":"REST"},{"floor":13.0,"key":"REST"},{"data":"Bash","floor":15.0,"key":"SMITH"},{"floor":23.0,"key":"REST"},{"floor":25.0,"key":"REST"}],"circlet_count":0,"master_deck":["Strike_R","Strike_R","Defend_R","Defend_R","Defend_R","Defend_R","Bash+1","Offering","Disarm","Shrug It Off","Cleave","Clash","Warcry","Ghostly Armor+1","Wild Strike","Feed","Iron Wave","Battle Trance","Iron Wave+1","Seeing Red","Writhe","Wild Strike+1","Clumsy"],"relics":["Burning Blood","CaptainsWheel","Matryoshka","Thread and Needle","Mango","Cursed Key","Bag of Marbles","Ornamental Fan","Frozen Egg 2","Bottled Lightning"],"acts_visited":["Exordium","TheCity"],"potions_floor_usage":[27,27],"damage_taken":[{"damage":19.0,"enemies":"Cultist","floor":1.0,"turns":5.0},{"damage":11.0,"enemies":"Jaw Worm","floor":2.0,"turns":5.0},{"damage":12.0,"enemies":"2 Louse","floor":3.0,"turns":4.0},{"damage":15.0,"enemies":"Looter","floor":5.0,"turns":4.0},{"damage":5.0,"enemies":"Blue Slaver","floor":6.0,"turns":7.0},{"damage":18.0,"enemies":"Large Slime","floor":8.0,"turns":7.0},{"damage":27.0,"enemies":"3 Sentries","floor":10.0,"turns":13.0},{"damage":32.0,"enemies":"Lagavulin","floor":12.0,"turns":11.0},{"damage":31.0,"enemies":"Slime Boss","floor":16.0,"turns":9.0},{"damage":14.0,"enemies":"2 Thieves","floor":18.0,"turns":5.0},{"damage":18.0,"enemies":"Shell Parasite","floor":19.0,"turns":5.0},{"damage":25.0,"enemies":"Sentry and Sphere","floor":20.0,"turns":9.0},{"damage":38.0,"enemies":"Book of Stabbing","floor":24.0,"turns":7.0},{"damage":92,"enemies":"Gremlin Leader","floor":27,"turns":10}],"seed_played":"5027936257118885548","potions_obtained":[{"floor":6.0,"key":"PowerPotion"},{"floor":8.0,"key":"ElixirPotion"},{"floor":16.0,"key":"EssenceOfSteel"},{"floor":18.0,"key":"SkillPotion"},{"floor":24.0,"key":"EssenceOfSteel"}],"is_trial":false,"path_per_floor":["M","M","M","$","M","M","R","M","T","E","R","E","R","?","R","B",null,"M","M","M","$","?","R","E","R","T","E"],"character_chosen":"IRONCLAD","items_purchased":["Clash","Seeing Red"],"campfire_rested":4,"item_purchase_floors":[4,21],"current_hp_per_floor":[67,62,56,56,47,48,48,36,36,15,39,13,37,51,51,26,94,89,77,61,61,61,91,62,92,92,0,0],"gold":156,"neow_bonus":"TRANSFORM_TWO_CARDS","is_daily":false,"chose_seed":false,"campfire_upgraded":2,"win_rate":0.0,"timestamp":1612458556,"path_taken":["M","M","M","$","M","M","R","?","T","E","R","E","R","?","R","BOSS","M","M","?","$","?","R","E","R","T","E"],"items_purchased_type":["Card","Card"],"build_version":"2020-12-22","purchased_purges":2,"victory":false,"max_hp_per_floor":[80,80,80,80,80,80,80,80,80,80,80,80,80,94,94,94,94,97,97,100,100,100,100,103,103,103,103,103],"card_choices":[{"not_picked":["Pommel Strike","Flex"],"picked":"Shrug It Off","floor":1.0},{"not_picked":["Rupture","Shockwave"],"picked":"Cleave","floor":2.0},{"not_picked":["Heavy Blade","Twin Strike"],"picked":"Flame Barrier","floor":3.0},{"not_picked":["Shockwave","Limit Break"],"picked":"Warcry","floor":5.0},{"not_picked":["Flex","Intimidate"],"picked":"Ghostly Armor","floor":6.0},{"not_picked":["Fire Breathing","Barricade"],"picked":"Wild Strike","floor":8.0},{"not_picked":["Havoc","True Grit","Flex"],"picked":"SKIP","floor":10.0},{"not_picked":["Clash","Feel No Pain","Sword Boomerang"],"picked":"SKIP","floor":12.0},{"not_picked":["Offering","Bludgeon"],"picked":"Feed","floor":16.0},{"not_picked":["Heavy Blade","Thunderclap"],"picked":"Iron Wave","floor":18.0},{"not_picked":["Thunderclap+1","Twin Strike+1"],"picked":"Battle Trance","floor":19.0},{"not_picked":["Flex","Body Slam"],"picked":"Iron Wave+1","floor":20.0},{"not_picked":["Combust","Offering"],"picked":"Wild Strike+1","floor":24.0}],"player_experience":237493,"relics_obtained":[{"floor":9.0,"key":"CaptainsWheel"},{"floor":10.0,"key":"Matryoshka"},{"floor":12.0,"key":"Thread and Needle"},{"floor":24.0,"key":"Ornamental Fan"},{"floor":26,"key":"Frozen Egg 2"},{"floor":26,"key":"Bottled Lightning"}],"event_choices":[{"cards_removed":["Flame Barrier"],"damage_healed":0.0,"max_hp_gain":0.0,"max_hp_loss":0.0,"gold_gain":0.0,"event_name":"WeMeetAgain","player_choice":"Gave Card","floor":14.0,"gold_loss":0.0,"damage_taken":0.0,"relics_obtained":["Mango"]},{"damage_healed":0.0,"max_hp_gain":0.0,"max_hp_loss":0.0,"gold_gain":0.0,"event_name":"The Mausoleum","player_choice":"Opened","floor":22.0,"gold_loss":0.0,"damage_taken":0.0,"relics_obtained":["Bag of Marbles"],"cards_obtained":["Writhe"]}],"is_beta":false,"boss_relics":[{"not_picked":["Astrolabe","Runic Pyramid"],"picked":"Cursed Key"}],"items_purged_floors":[4,21],"is_endless":false,"potions_floor_spawned":[6,8,16,18,24],"killed_by":"Gremlin Leader","ascension_level":3}}