{"host":"sc1hixkxd1yg22vf","time":1612479909,"event":{"mods":["AchievementEnabler","BaseMod","Bestiary","Colored Map","Hermit","Minty Spire (QoL Compilation)","Quick Restart","Rare Cards Sparkle","StSLib"],"gold_per_floor":[116,133,58,58,78,78,113,131,131,131,150,183,370,396,408,520,532,564,576,588,610,636,648,648],"floor_reached":23,"language":"ENG","playtime":1257,"items_purged":["hermit:Desperado+1"],"score":228,"play_id":"25a7be4d-8076-4758-b278-36e8debfa1a7","local_time":"20210204183509","is_ascension_mode":false,"campfire_choices":[{"data":"hermit:SprayPray","floor":6.0,"key":"SMITH"},{"data":"hermit:Malice","floor":10.0,"key":"SMITH"},{"data":"hermit:CursedWeapon","floor":15.0,"key":"SMITH"}],"circlet_count":0,"master_deck":["hermit:Strike_Hermit","hermit:Strike_Hermit","hermit:Strike_Hermit","hermit:Defend_Hermit","hermit:Defend_Hermit","hermit:Defend_Hermit","hermit:Snapshot","hermit:Adapt+1","hermit:Reprieve+1","hermit:Quickdraw","hermit:SprayPray+1","hermit:SprayPray","hermit:Midnight","hermit:Manifest","hermit:Malice+1","hermit:FinalCanter","Doubt","hermit:CursedWeapon+1","hermit:Misfire+1","hermit:BlackWind","hermit:BodyArmor","hermit:HeroicBravado"],"relics":["Astrolabe","Prayer Wheel","Ancient Tea Set","Darkstone Periapt","MawBank","Fusion Hammer"],"acts_visited":["Exordium","TheCity"],"potions_floor_usage":[21],"damage_taken":[{"damage":0.0,"enemies":"Cultist","floor":1.0,"turns":2.0},{"damage":0.0,"enemies":"Small Slimes","floor":2.0,"turns":2.0},{"damage":0.0,"enemies":"Jaw Worm","floor":5.0,"turns":3.0},{"damage":28.0,"enemies":"Lagavulin","floor":7.0,"turns":7.0},{"damage":5.0,"enemies":"Exordium Wildlife","floor":8.0,"turns":4.0},{"damage":0.0,"enemies":"2 Fungi Beasts","floor":11.0,"turns":2.0},{"damage":0.0,"enemies":"3 Sentries","floor":12.0,"turns":3.0},{"damage":4.0,"enemies":"Red Slaver","floor":14.0,"turns":2.0},{"damage":21.0,"enemies":"Slime Boss","floor":16.0,"turns":13.0},{"damage":3,"enemies":"Chosen","floor":18,"turns":4},{"damage":4,"enemies":"Shell Parasite","floor":21,"turns":4},{"damage":15,"enemies":"Snake Plant","floor":22,"turns":4},{"damage":80,"enemies":"Gremlin Leader","floor":23,"turns":10}],"seed_played":"-4640146620777351332","potions_obtained":[{"floor":2.0,"key":"SneckoOil"},{"floor":8.0,"key":"AttackPotion"},{"floor":11.0,"key":"GamblersBrew"},{"floor":14.0,"key":"Ancient Potion"},{"floor":18,"key":"PowerPotion"}],"is_trial":false,"path_per_floor":["M","M","$","T","M","R","E","M","T","R","M","E","?","M","R","B",null,"M","?","?","M","M","E"],"character_chosen":"HERMIT","items_purchased":[],"campfire_rested":0,"item_purchase_floors":[],"current_hp_per_floor":[75,75,75,75,75,75,55,54,54,54,54,54,60,56,56,35,81,78,78,78,78,63,0,0],"gold":648,"neow_bonus":"BOSS_RELIC","is_daily":false,"chose_seed":false,"campfire_upgraded":3,"win_rate":0.0,"timestamp":1612479909,"path_taken":["M","M","$","?","M","R","E","M","T","R","M","E","?","M","R","BOSS","M","?","?","M","?","E"],"items_purchased_type":[],"build_version":"2020-12-22","purchased_purges":1,"victory":false,"max_hp_per_floor":[75,75,75,75,75,75,75,75,75,75,75,75,81,81,81,81,81,81,81,81,81,81,81,81],"card_choices":[{"not_picked":["hermit:Ricochet","hermit:Dive","hermit:TrackingShot"],"picked":"SKIP","floor":1.0},{"not_picked":["hermit:TakeAim","hermit:Showdown"],"picked":"hermit:Quickdraw","floor":2.0},{"not_picked":["hermit:ItchyTrigger","hermit:Desperado"],"picked":"hermit:SprayPray","floor":5.0},{"not_picked":["hermit:Virtue","hermit:Horror"],"picked":"hermit:SprayPray","floor":5.0},{"not_picked":["hermit:Virtue","hermit:HoleUp"],"picked":"hermit:Midnight","floor":7.0},{"not_picked":["hermit:Dive","hermit:LoneWolf"],"picked":"hermit:Manifest","floor":8.0},{"not_picked":["hermit:TakeCover","hermit:Ricochet"],"picked":"hermit:Malice","floor":8.0},{"not_picked":["hermit:TakeAim","hermit:FlashPowder","hermit:WideOpen"],"picked":"SKIP","floor":11.0},{"not_picked":["hermit:Midnight","hermit:GoldenBullet","hermit:NoHoldsBarred"],"picked":"SKIP","floor":11.0},{"not_picked":["hermit:TakeAim","hermit:CalledShot"],"picked":"hermit:FinalCanter","floor":12.0},{"not_picked":["hermit:Quickdraw","hermit:Coalescence"],"picked":"hermit:CursedWeapon","floor":14.0},{"not_picked":["hermit:Scavenge","hermit:BodyArmor","hermit:Vantage"],"picked":"SKIP","floor":14.0},{"not_picked":["hermit:LoneWolf","hermit:Feint"],"picked":"hermit:Misfire+1","floor":18},{"not_picked":["hermit:Roulette+1","hermit:FullyLoaded"],"picked":"hermit:BlackWind","floor":18},{"not_picked":["hermit:LowProfile","hermit:Brawl"],"picked":"hermit:BodyArmor","floor":21},{"not_picked":["hermit:BodyArmor+1","hermit:WideOpen","hermit:Showdown+1"],"picked":"SKIP","floor":21},{"not_picked":["hermit:CursedWeapon","hermit:LoneWolf+1"],"picked":"hermit:HeroicBravado","floor":22},{"not_picked":["hermit:Vantage","hermit:WideOpen","hermit:ItchyTrigger"],"picked":"SKIP","floor":22}],"player_experience":70471,"relics_obtained":[{"floor":4.0,"key":"Prayer Wheel"},{"floor":7.0,"key":"Ancient Tea Set"},{"floor":9.0,"key":"Darkstone Periapt"},{"floor":12.0,"key":"MawBank"}],"event_choices":[{"damage_healed":0.0,"max_hp_gain":0.0,"max_hp_loss":0.0,"gold_gain":175.0,"event_name":"Liars Game","player_choice":"AGREE","floor":13.0,"gold_loss":0.0,"damage_taken":0.0,"cards_obtained":["Doubt"]},{"damage_healed":0,"gold_gain":0,"player_choice":"Ignored","damage_taken":0,"max_hp_gain":0,"max_hp_loss":0,"event_name":"Cursed Tome","floor":19,"gold_loss":0},{"damage_healed":0,"gold_gain":0,"player_choice":"Ignored","damage_taken":0,"max_hp_gain":0,"max_hp_loss":0,"event_name":"Vampires","floor":20,"gold_loss":0}],"is_beta":false,"boss_relics":[{"not_picked":["Snecko Eye","Runic Dome"],"picked":"Fusion Hammer"}],"items_purged_floors":[3],"is_endless":false,"potions_floor_spawned":[2,8,11,14,18],"killed_by":"Gremlin Leader","ascension_level":0}}