{"host":"oehe2dxjvdgux73m","time":1612445813,"event":{"mods":["AchievementEnabler","BaseMod","Colored Map","Colored Powertips","DeckTracker","Keyboard Shortcuts","Minty Spire (QoL Compilation)","Permanent Neow","Quick Restart","StSLib","SuperFastMode"],"gold_per_floor":[116,132,150,169,180,213,138,149,149,149,160,174,174,174,174,174,174],"floor_reached":16,"language":"KOR","playtime":384,"items_purged":[],"score":212,"play_id":"aa388578-a159-4876-96c6-0ecce978e117","local_time":"20210204223653","is_ascension_mode":true,"campfire_choices":[{"floor":10,"key":"REST"},{"data":"Neutralize","floor":13,"key":"SMITH"},{"floor":15,"key":"REST"}],"circlet_count":0,"master_deck":["AscendersBane","Strike_G","Strike_G","Strike_G","Defend_G","Defend_G","Defend_G","Defend_G","Defend_G","Survivor","Neutralize+1","Glass Knife","Crippling Poison","Dagger Spray","Poisoned Stab"],"relics":["Ring of the Snake","Pocketwatch","Paper Crane"],"acts_visited":["Exordium"],"potions_floor_usage":[6,6,11],"damage_taken":[{"damage":1,"enemies":"Cultist","floor":1,"turns":4},{"damage":4,"enemies":"2 Louse","floor":2,"turns":3},{"damage":3,"enemies":"Small Slimes","floor":3,"turns":3},{"damage":6,"enemies":"Blue Slaver","floor":4,"turns":5},{"damage":2,"enemies":"3 Louse","floor":5,"turns":4},{"damage":31,"enemies":"Gremlin Nob","floor":6,"turns":4},{"damage":1,"enemies":"2 Fungi Beasts","floor":8,"turns":3},{"damage":3,"enemies":"Large Slime","floor":11,"turns":6},{"damage":11,"enemies":"3 Louse","floor":12,"turns":2},{"damage":8,"enemies":"Slime Boss","floor":16,"turns":6}],"seed_played":"1826244549919983392","potions_obtained":[{"floor":1,"key":"AttackPotion"},{"floor":3,"key":"LiquidMemories"},{"floor":8,"key":"LiquidMemories"}],"is_trial":false,"path_per_floor":["M","M","M","M","M","E","?","M","T","R","M","M","R","?","R","B"],"character_chosen":"THE_SILENT","items_purchased":[],"campfire_rested":2,"item_purchase_floors":[],"current_hp_per_floor":[58,54,51,45,43,12,12,11,11,30,27,16,16,9,28,20,20],"gold":174,"neow_bonus":"ONE_RANDOM_RARE_CARD","is_daily":false,"chose_seed":false,"campfire_upgraded":1,"win_rate":0.0,"timestamp":1612445813,"path_taken":["M","?","M","?","M","E","?","M","T","R","M","M","R","?","R","BOSS"],"items_purchased_type":[],"build_version":"2020-12-22","purchased_purges":0,"victory":false,"max_hp_per_floor":[66,66,66,66,66,66,66,66,66,66,66,66,66,66,66,66,66],"card_choices":[{"not_picked":["Caltrops","Quick Slash","Deadly Poison"],"picked":"SKIP","floor":1},{"not_picked":["Poisoned Stab","Backflip"],"picked":"Crippling Poison","floor":2},{"not_picked":["Bane","Well Laid Plans"],"picked":"Dagger Spray","floor":3},{"not_picked":["Sucker Punch","Slice","Dodge and Roll"],"picked":"SKIP","floor":4},{"not_picked":["Infinite Blades","Skewer","Endless Agony"],"picked":"SKIP","floor":5},{"not_picked":["Acrobatics","Prepared","After Image"],"picked":"SKIP","floor":6},{"not_picked":["Flechettes","Slice","Outmaneuver"],"picked":"SKIP","floor":8},{"not_picked":["Quick Slash","Dagger Spray","Prepared"],"picked":"SKIP","floor":11},{"not_picked":["Riddle With Holes","Dagger Spray"],"picked":"Poisoned Stab","floor":12}],"player_experience":363589,"relics_obtained":[{"floor":6,"key":"Pocketwatch"},{"floor":9,"key":"Paper Crane"}],"event_choices":[{"cards_removed":["Strike_G"],"damage_healed":0,"gold_gain":0,"player_choice":"Card Removal","damage_taken":0,"max_hp_gain":0,"max_hp_loss":0,"event_name":"The Cleric","floor":7,"gold_loss":75},{"cards_removed":["Strike_G"],"damage_healed":0,"gold_gain":0,"player_choice":"Card Removal","damage_taken":7,"max_hp_gain":0,"max_hp_loss":0,"event_name":"Golden Wing","floor":14,"gold_loss":0}],"is_beta":false,"boss_relics":[],"items_purged_floors":[],"is_endless":false,"potions_floor_spawned":[1,3,4,8],"killed_by":"Slime Boss","ascension_level":20}}