{"host":"gopu3kmfaoww0llm","time":1612455185,"event":{"mods":["BaseMod","DeckTracker","Minty Spire (QoL Compilation)","Quick Restart","StSLib","SuperFastMode"],"gold_per_floor":[118,135,135,151,166,166,181,210,210,239,71,91,141,167,167,244,244,261,186,196,196,212,212,247,247,271,289,317,242,268,287,287,365,365,375,391,134,148,163,196,196,224,296,310,310,360,389,389,389,389,389,389,389,0,25,25],"floor_reached":57,"language":"KOR","playtime":1693,"items_purged":["Strike_G","Dagger Spray","Strike_G"],"score":3074,"play_id":"3124ab4d-4087-4ed3-84f1-1d2b24bbb6ad","local_time":"20210205011305","is_ascension_mode":true,"campfire_choices":[{"data":"Skewer","floor":6.0,"key":"SMITH"},{"data":"Noxious Fumes","floor":15.0,"key":"SMITH"},{"floor":23.0,"key":"REST"},{"floor":25.0,"key":"REST"},{"floor":32.0,"key":"REST"},{"floor":41,"key":"RECALL"},{"floor":45,"key":"REST"},{"floor":49,"key":"REST"},{"floor":53,"key":"REST"}],"circlet_count":0,"master_deck":["AscendersBane","Strike_G","Defend_G","Defend_G","Defend_G+1","Defend_G","Survivor+1","Neutralize","Noxious Fumes+1","Backstab","Dagger Throw","Skewer+1","Unload","Cloak And Dagger+1","Backflip+1","Burst+1","Tactician+1","Acrobatics+1","Catalyst+1","Leg Sweep+1","Crippling Poison+1","Night Terror+1","Bouncing Flask+1","Catalyst+1","Acrobatics+1","Caltrops+1"],"relics":["Velvet Choker","Anchor","Toxic Egg 2","Odd Mushroom","Lee\u0027s Waffle","Bottled Tornado","Black Star","Frozen Egg 2","Du-Vu Doll","Bag of Preparation","Pen Nib","Snake Skull","Meat on the Bone","Mummified Hand","Cursed Key","ClockworkSouvenir","PreservedInsect","Omamori","War Paint","Gremlin Horn","Incense Burner","Prayer Wheel","Calipers","Nunchaku","Blood Vial","HornCleat"],"acts_visited":["Exordium","TheCity","TheBeyond","TheEnding"],"potions_floor_usage":[42,55,56],"damage_taken":[{"damage":1.0,"enemies":"Cultist","floor":1.0,"turns":4.0},{"damage":0.0,"enemies":"Jaw Worm","floor":2.0,"turns":4.0},{"damage":0.0,"enemies":"2 Louse","floor":4.0,"turns":3.0},{"damage":9.0,"enemies":"Red Slaver","floor":5.0,"turns":4.0},{"damage":15.0,"enemies":"Exordium Thugs","floor":7.0,"turns":3.0},{"damage":0.0,"enemies":"Gremlin Nob","floor":8.0,"turns":3.0},{"damage":6.0,"enemies":"The Mushroom Lair","floor":10.0,"turns":3.0},{"damage":0.0,"enemies":"Blue Slaver","floor":12.0,"turns":1.0},{"damage":9.0,"enemies":"Lagavulin","floor":14.0,"turns":5.0},{"damage":45.0,"enemies":"Slime Boss","floor":16.0,"turns":11.0},{"damage":16.0,"enemies":"2 Thieves","floor":18.0,"turns":4.0},{"damage":13.0,"enemies":"Shell Parasite","floor":20.0,"turns":6.0},{"damage":6.0,"enemies":"Snake Plant","floor":22.0,"turns":4.0},{"damage":22.0,"enemies":"Gremlin Leader","floor":24.0,"turns":8.0},{"damage":9.0,"enemies":"Centurion and Healer","floor":27.0,"turns":5.0},{"damage":5.0,"enemies":"Slavers","floor":28.0,"turns":5.0},{"damage":0.0,"enemies":"Gremlin Leader","floor":30.0,"turns":5.0},{"damage":12.0,"enemies":"Cultist and Chosen","floor":31.0,"turns":4.0},{"damage":10.0,"enemies":"Automaton","floor":33.0,"turns":6.0},{"damage":20.0,"enemies":"3 Darklings","floor":35.0,"turns":4.0},{"damage":5.0,"enemies":"Orb Walker","floor":36.0,"turns":3.0},{"damage":7.0,"enemies":"Spire Growth","floor":38.0,"turns":4.0},{"damage":0.0,"enemies":"4 Shapes","floor":39.0,"turns":3.0},{"damage":16,"enemies":"Nemesis","floor":40,"turns":7},{"damage":16,"enemies":"Giant Head","floor":42,"turns":6},{"damage":0,"enemies":"Writhing Mass","floor":44,"turns":2},{"damage":1,"enemies":"2 Orb Walkers","floor":46,"turns":2},{"damage":6,"enemies":"Reptomancer","floor":47,"turns":3},{"damage":0,"enemies":"Time Eater","floor":50,"turns":4},{"damage":54,"enemies":"Donu and Deca","floor":51,"turns":8},{"damage":36,"enemies":"Shield and Spear","floor":55,"turns":6},{"damage":37,"enemies":"The Heart","floor":56,"turns":7}],"seed_played":"5255776971523200798","potions_obtained":[{"floor":1.0,"key":"DuplicationPotion"},{"floor":5.0,"key":"FearPotion"},{"floor":8.0,"key":"FearPotion"},{"floor":10.0,"key":"Energy Potion"},{"floor":20.0,"key":"SpeedPotion"},{"floor":27.0,"key":"AttackPotion"},{"floor":28.0,"key":"GhostInAJar"},{"floor":30.0,"key":"GamblersBrew"},{"floor":42,"key":"LiquidBronze"}],"is_trial":false,"path_per_floor":["M","M","?","M","M","R","M","E","T","?","$","M","?","E","R","B",null,"M","$","M","?","M","R","E","R","T","M","E","?","E","M","R","B",null,"M","M","$","M","M","E","R","E","T","M","R","?","E","?","R","B","B",null,"R","$","E","B",null],"character_chosen":"THE_SILENT","items_purchased":["Lee\u0027s Waffle","ClockworkSouvenir","SpeedPotion","Caltrops+1","Nunchaku"],"campfire_rested":6,"item_purchase_floors":[11,37,54,54,54],"current_hp_per_floor":[58,58,51,51,42,42,27,27,27,21,73,73,73,64,64,19,60,44,44,31,31,25,46,24,45,45,36,31,31,31,31,52,42,65,45,40,40,45,45,41,41,37,37,37,58,57,51,51,69,69,27,59,69,69,45,22],"gold":25,"neow_bonus":"BOSS_RELIC","is_daily":false,"chose_seed":false,"campfire_upgraded":2,"win_rate":0.0,"timestamp":1612455185,"path_taken":["M","M","?","M","M","R","M","E","T","?","$","M","?","E","R","BOSS","M","$","M","?","M","R","E","R","T","?","E","?","E","M","R","BOSS","M","M","$","M","M","E","R","E","T","M","R","?","E","?","R","BOSS","BOSS","R","$","E","BOSS"],"items_purchased_type":["Relic","Relic","Potion","Card","Relic"],"build_version":"2020-12-22","purchased_purges":3,"victory":true,"max_hp_per_floor":[66,66,66,66,66,66,66,66,66,66,73,73,73,73,73,73,73,73,73,73,73,73,73,73,73,73,73,73,73,73,73,73,73,73,73,73,73,73,73,73,73,73,73,73,73,73,73,69,69,69,69,69,69,69,69,69],"card_choices":[{"not_picked":["Flying Knee","Backflip"],"picked":"Noxious Fumes","floor":1.0},{"not_picked":["Noxious Fumes","Quick Slash"],"picked":"Backstab","floor":2.0},{"not_picked":["Bane","Expertise"],"picked":"Dagger Throw","floor":4.0},{"not_picked":["Dagger Throw","Dagger Spray"],"picked":"Skewer","floor":5.0},{"not_picked":["Dodge and Roll","Leg Sweep"],"picked":"Dagger Spray","floor":7.0},{"not_picked":["Backstab","Dagger Throw"],"picked":"Unload","floor":8.0},{"not_picked":["Dodge and Roll+1","Heel Hook"],"picked":"Cloak And Dagger+1","floor":10.0},{"not_picked":["PiercingWail+1","Dodge and Roll+1"],"picked":"Backflip+1","floor":12.0},{"not_picked":["Sucker Punch","PiercingWail+1"],"picked":"Burst+1","floor":14.0},{"not_picked":["Poisoned Stab","Dodge and Roll+1"],"picked":"Tactician+1","floor":18.0},{"not_picked":["All Out Attack","Cloak And Dagger+1"],"picked":"Acrobatics+1","floor":20.0},{"not_picked":["Setup+1","Outmaneuver+1","Flying Knee"],"picked":"SKIP","floor":22.0},{"not_picked":["Infinite Blades+1","Dash+1","Tactician+1"],"picked":"SKIP","floor":24.0},{"not_picked":["Riddle With Holes","Slice+1"],"picked":"Catalyst+1","floor":27.0},{"not_picked":["Acrobatics+1","After Image+1","Deflect+1"],"picked":"SKIP","floor":28.0},{"not_picked":["Bane+1","Slice"],"picked":"Leg Sweep+1","floor":30.0},{"not_picked":["Prepared+1","Choke"],"picked":"Crippling Poison+1","floor":31.0},{"not_picked":["Venomology+1","Tools of the Trade+1"],"picked":"Night Terror+1","floor":33.0},{"not_picked":["Finisher","Dodge and Roll+1","Outmaneuver+1"],"picked":"SKIP","floor":35.0},{"not_picked":["Predator","Underhanded Strike+1"],"picked":"Bouncing Flask+1","floor":36.0},{"not_picked":["Dodge and Roll+1","Blade Dance+1","Riddle With Holes"],"picked":"SKIP","floor":38.0},{"not_picked":["Slice","Finisher","Masterful Stab+1"],"picked":"SKIP","floor":39.0},{"not_picked":["Slice","Choke+1"],"picked":"Catalyst+1","floor":40},{"not_picked":["Blade Dance+1","Deadly Poison+1"],"picked":"Acrobatics+1","floor":42},{"not_picked":["Cloak And Dagger+1","All Out Attack+1","Outmaneuver+1"],"picked":"SKIP","floor":44},{"not_picked":["Dash+1","Outmaneuver+1","Skewer"],"picked":"SKIP","floor":47},{"not_picked":["Dodge and Roll+1","Dagger Throw+1","Predator+1"],"picked":"SKIP","floor":55}],"player_experience":2904360,"relics_obtained":[{"floor":8.0,"key":"Anchor"},{"floor":9.0,"key":"Toxic Egg 2"},{"floor":10.0,"key":"Odd Mushroom"},{"floor":14.0,"key":"Bottled Tornado"},{"floor":24.0,"key":"Frozen Egg 2"},{"floor":24.0,"key":"Du-Vu Doll"},{"floor":26.0,"key":"Bag of Preparation"},{"floor":28.0,"key":"Pen Nib"},{"floor":28.0,"key":"Snake Skull"},{"floor":30.0,"key":"Meat on the Bone"},{"floor":30.0,"key":"Mummified Hand"},{"floor":40,"key":"PreservedInsect"},{"floor":40,"key":"Omamori"},{"floor":42,"key":"War Paint"},{"floor":42,"key":"Gremlin Horn"},{"floor":46,"key":"Incense Burner"},{"floor":47,"key":"Prayer Wheel"},{"floor":47,"key":"Calipers"},{"floor":55,"key":"Blood Vial"},{"floor":55,"key":"HornCleat"}],"event_choices":[{"cards_removed":["Strike_G"],"damage_healed":0.0,"max_hp_gain":0.0,"max_hp_loss":0.0,"gold_gain":0.0,"event_name":"Golden Wing","player_choice":"Card Removal","floor":3.0,"gold_loss":0.0,"damage_taken":7.0},{"damage_healed":0.0,"max_hp_gain":0.0,"max_hp_loss":0.0,"gold_gain":0.0,"event_name":"Mushrooms","player_choice":"Fought Mushrooms","floor":10.0,"gold_loss":0.0,"damage_taken":0.0},{"damage_healed":0.0,"max_hp_gain":0.0,"max_hp_loss":0.0,"gold_gain":50.0,"event_name":"Golden Shrine","player_choice":"Pray","floor":13.0,"gold_loss":0.0,"damage_taken":0.0},{"cards_removed":["Defend_G"],"damage_healed":0.0,"max_hp_gain":0.0,"max_hp_loss":0.0,"gold_gain":0.0,"event_name":"Purifier","player_choice":"Purged","floor":21.0,"gold_loss":0.0,"damage_taken":0.0},{"cards_removed":["Strike_G"],"damage_healed":0.0,"max_hp_gain":0.0,"max_hp_loss":0.0,"gold_gain":0.0,"event_name":"Beggar","player_choice":"Gave Gold","floor":29.0,"gold_loss":75.0,"damage_taken":0.0},{"damage_healed":0,"gold_gain":0,"player_choice":"Fight","damage_taken":0,"max_hp_gain":0,"max_hp_loss":0,"event_name":"Mysterious Sphere","floor":46,"gold_loss":0},{"damage_healed":0,"gold_gain":0,"player_choice":"Max HP","damage_taken":0,"max_hp_gain":0,"max_hp_loss":4,"event_name":"Winding Halls","floor":48,"gold_loss":0}],"is_beta":false,"boss_relics":[{"not_picked":["Calling Bell","Busted Crown"],"picked":"Black Star"},{"not_picked":["Tiny House","Runic Dome"],"picked":"Cursed Key"}],"items_purged_floors":[19,37,54],"is_endless":false,"potions_floor_spawned":[1,5,8,10,12,20,27,28,30,31,35,39,42,47],"ascension_level":20}}