{"host":"p7j7o00jacnw7qzt","time":1612409997,"event":{"mods":["BaseMod","Colored Map","Colored Powertips","DeckTracker","Highlight Path","Minty Spire (QoL Compilation)","Relic Stats"],"gold_per_floor":[115,115,125,135,153,153,165,165,211,244,125,143,158,189,189,189,189],"floor_reached":16,"language":"ZHS","playtime":702,"items_purged":["Strike_G"],"score":228,"play_id":"00c00331-2edc-4cd1-a5ec-b7d8aad5de79","local_time":"20210203223957","is_ascension_mode":true,"campfire_choices":[{"data":"Skewer","floor":6.0,"key":"SMITH"},{"data":"Blade Dance","floor":8.0,"key":"SMITH"},{"data":"Accuracy","floor":15.0,"key":"SMITH"}],"circlet_count":0,"master_deck":["AscendersBane","Strike_G","Strike_G","Defend_G","Defend_G","Defend_G","Defend_G","Survivor","Neutralize","Skewer+1","Outmaneuver","Blade Dance+1","Well Laid Plans","Accuracy+1","Blade Dance"],"relics":["Ring of the Snake","Potion Belt","Blue Candle","Tiny Chest"],"acts_visited":["Exordium"],"potions_floor_usage":[],"damage_taken":[{"damage":0.0,"enemies":"Jaw Worm","floor":1.0,"turns":7.0},{"damage":3.0,"enemies":"Cultist","floor":3.0,"turns":4.0},{"damage":0.0,"enemies":"Small Slimes","floor":4.0,"turns":3.0},{"damage":0.0,"enemies":"Exordium Wildlife","floor":5.0,"turns":4.0},{"damage":2.0,"enemies":"3 Louse","floor":7.0,"turns":5.0},{"damage":8.0,"enemies":"Gremlin Nob","floor":10.0,"turns":3.0},{"damage":11.0,"enemies":"Gremlin Gang","floor":12.0,"turns":8.0},{"damage":2.0,"enemies":"2 Fungi Beasts","floor":13.0,"turns":3.0},{"damage":14.0,"enemies":"3 Sentries","floor":14.0,"turns":7.0},{"damage":6,"enemies":"Slime Boss","floor":16,"turns":5}],"seed_played":"7899337856343465936","potions_obtained":[{"floor":3.0,"key":"SteroidPotion"},{"floor":5.0,"key":"Dexterity Potion"},{"floor":13.0,"key":"Poison Potion"}],"is_trial":false,"path_per_floor":["M","?","M","M","M","R","M","R","T","E","$","M","M","E","R","B"],"character_chosen":"THE_SILENT","items_purchased":["Well Laid Plans"],"campfire_rested":0,"item_purchase_floors":[11],"current_hp_per_floor":[44,44,41,41,41,41,39,39,39,31,31,20,18,4,4,0,0],"gold":189,"neow_bonus":"REMOVE_TWO","is_daily":false,"chose_seed":false,"campfire_upgraded":3,"win_rate":0.0,"timestamp":1612409997,"path_taken":["M","?","M","?","M","R","M","R","T","E","$","M","M","E","R","BOSS"],"items_purchased_type":["Card"],"build_version":"2020-12-22","purchased_purges":1,"victory":false,"max_hp_per_floor":[66,66,66,66,66,66,66,66,66,66,66,66,66,66,66,66,66],"relic_stats":{"counters":[10,49],"Blue Candle":[0],"Tiny Chest":0,"obtain_stats":[{"Potion Belt":9,"Blue Candle":10,"Tiny Chest":14,"Ring of the Snake":0},{"Potion Belt":5,"Blue Candle":6,"Tiny Chest":9,"Ring of the Snake":0},{"Potion Belt":23,"Blue Candle":26,"Tiny Chest":44,"Ring of the Snake":0}],"Ring of the Snake":[20]},"card_choices":[{"not_picked":["Sucker Punch","Quick Slash","Poisoned Stab"],"picked":"SKIP","floor":1.0},{"not_picked":["Caltrops","Riddle With Holes"],"picked":"Skewer","floor":3.0},{"not_picked":["Flying Knee","Slice","Dodge and Roll"],"picked":"SKIP","floor":4.0},{"not_picked":["Deflect","Backflip"],"picked":"Outmaneuver","floor":5.0},{"not_picked":["Bane","Crippling Poison"],"picked":"Blade Dance","floor":7.0},{"not_picked":["Unload","Flechettes","Outmaneuver"],"picked":"SKIP","floor":10.0},{"not_picked":["Unload","Flechettes","Outmaneuver"],"picked":"SKIP","floor":10.0},{"not_picked":["Prepared","PiercingWail","Masterful Stab"],"picked":"SKIP","floor":12.0},{"not_picked":["Prepared","PiercingWail","Masterful Stab"],"picked":"SKIP","floor":12.0},{"not_picked":["Tactician","Underhanded Strike"],"picked":"Accuracy","floor":13.0},{"not_picked":["Finisher","Slice"],"picked":"Blade Dance","floor":14.0}],"player_experience":1072775,"relics_obtained":[{"floor":9.0,"key":"Potion Belt"},{"floor":10.0,"key":"Blue Candle"},{"floor":14.0,"key":"Tiny Chest"}],"event_choices":[{"cards_removed":["Strike_G"],"damage_healed":0.0,"max_hp_gain":0.0,"max_hp_loss":0.0,"gold_gain":0.0,"event_name":"Bonfire Elementals","player_choice":"Offered Basic","floor":2.0,"gold_loss":0.0,"damage_taken":0.0}],"is_beta":false,"boss_relics":[],"items_purged_floors":[11],"is_endless":false,"potions_floor_spawned":[3,5,13],"killed_by":"Slime Boss","ascension_level":20}}