{"host":"ceheqh86fk4eo7wc","time":1612466720,"event":{"mods":["Aspiration","BaseMod","BetterRewards","Conspire","Downfall","Hermit","Hubris","Infinite Spire","Marisa????????","Minty Spire (QoL Compilation)","READ ME - Snecko Mod","Replay The Spire","StSLib","The Administrix","The Animator","The Cursed","The Poker Player","The Servant 0.9.4","slay the spire mod where everything is the same but ironclad has a cowboy hat"],"gold_per_floor":[115,115,41,55,35,49,63,81,81,81,56,72,72,83,83,186,186,197,112,127,127,127,127,127,127,127,127,143,143,168,168,168,182,249,348,398,412,424,438,135,135,135,161,161,187,205,216,232,242,242,242,242],"floor_reached":53,"language":"ENG","playtime":1832,"items_purged":[],"score":626,"play_id":"7104e9c1-7356-49f5-8757-462272596bc7","local_time":"20210204112520","is_ascension_mode":false,"campfire_choices":[{"data":"Life Link","floor":10.0,"key":"SMITH"},{"data":"Backstab","floor":13.0,"key":"SMITH"},{"floor":15.0,"key":"REST"},{"floor":23.0,"key":"REST"},{"data":"Wild Strike","floor":25.0,"key":"SMITH"},{"data":"conspire:Purge","floor":27.0,"key":"SMITH"},{"data":"hubris:Fate","floor":29.0,"key":"SMITH"},{"floor":42,"key":"REST"},{"data":"hubris:Fate","floor":51,"key":"SMITH"}],"circlet_count":0,"master_deck":["Strike_R","Strike_R","Strike_R","Strike_R","Strike_R","Defend_R","Defend_R","Defend_R","Defend_R","Bash","Twin Strike","Life Link+1","Backstab+1","Iron Wave","Twin Strike","Offering","Replay:Undeath\u0027s Touch","True Grit","hubris:ReadiedAction","conspire:Purge+1","Flex","Wild Strike+1","hubris:Fate+1","Pommel Strike","Anger+1","Wild Strike","Impervious","Carnage","Anger+1","Uppercut+1","Wild Strike","Flex+1","Metallicize+1","Perfected Strike","hubris:ReadiedAction+1","Body Slam","hubris:Fate+1"],"relics":["Burning Blood","aspiration:Nostalgia","m_TsuchinokoRing","hubris:Icosahedron","King of Hearts","infinitespire:Burning Sword","Strawberry","hubris:Towel","Mercury Hourglass","aspiration:AnachronicSnailShell","hubris:BottledRain","Tiny House","Vajra","Bag of Marbles","TungstenRod"],"acts_visited":["Exordium","TheCity","TheBeyond"],"potions_floor_usage":[39,52,52,52],"damage_taken":[{"damage":10.0,"enemies":"Jaw Worm","floor":1.0,"turns":4.0},{"damage":7.0,"enemies":"2 Louse","floor":4.0,"turns":2.0},{"damage":6.0,"enemies":"Cultist","floor":6.0,"turns":3.0},{"damage":0.0,"enemies":"3 Louse","floor":7.0,"turns":1.0},{"damage":20.0,"enemies":"Looter","floor":8.0,"turns":2.0},{"damage":0.0,"enemies":"2 Fungi Beasts","floor":12.0,"turns":3.0},{"damage":22.0,"enemies":"Exordium Thugs","floor":14.0,"turns":5.0},{"damage":75.0,"enemies":"Slime Boss","floor":16.0,"turns":14.0},{"damage":13.0,"enemies":"3 Byrds","floor":18.0,"turns":4.0},{"damage":11.0,"enemies":"2 Thieves","floor":20.0,"turns":3.0},{"damage":0.0,"enemies":"3 Cultists","floor":28.0,"turns":1.0},{"damage":16.0,"enemies":"Slavers","floor":30.0,"turns":3.0},{"damage":6.0,"enemies":"Snecko","floor":33.0,"turns":2.0},{"damage":2.0,"enemies":"Automaton","floor":35.0,"turns":2.0},{"damage":7.0,"enemies":"Orb Walker","floor":37.0,"turns":2.0},{"damage":17,"enemies":"3 Darklings","floor":38,"turns":5},{"damage":22,"enemies":"Writhing Mass","floor":39,"turns":4},{"damage":12,"enemies":"R_Hoarder","floor":43,"turns":5},{"damage":9,"enemies":"4 Shapes","floor":46,"turns":2},{"damage":7,"enemies":"Spire Growth","floor":47,"turns":3},{"damage":1,"enemies":"Maw","floor":48,"turns":2},{"damage":6,"enemies":"4 Shapes","floor":49,"turns":3},{"damage":114,"enemies":"Time Eater","floor":52,"turns":10}],"seed_played":"5256289215301517945","potions_obtained":[{"floor":4.0,"key":"BlessingOfTheForge"},{"floor":5.0,"key":"Slimebound:ThreeZeroPotion"},{"floor":6.0,"key":"SpeedPotion"},{"floor":14.0,"key":"Reflective Coating"},{"floor":16.0,"key":"Explosive Potion"},{"floor":18.0,"key":"ColorlessPotion"},{"floor":35.0,"key":"Dexterity Potion"},{"floor":36.0,"key":"Weak Potion"},{"floor":37.0,"key":"SteroidPotion"},{"floor":44,"key":"conspire:TimeTravelPotion"},{"floor":44,"key":"BloodPotion"},{"floor":44,"key":"ColorlessPotion"}],"is_trial":false,"path_per_floor":["M","?","$","M","?","M","M","M","T","R","$","M","R","M","R","B",null,"M","?","M","?","?","R","AVR","R","T","R","M","R","E","PTL","PTL","M","R","B",null,"M","M","M","$","?","R","E","?","T","M","M","M","M","AVR","R","B",null],"character_chosen":"IRONCLAD","items_purchased":["Life Link","Replay:Undeath\u0027s Touch","Vajra","Bag of Marbles"],"campfire_rested":3,"item_purchase_floors":[3,11,40,40],"current_hp_per_floor":[76,76,76,75,75,75,80,66,66,66,66,72,72,56,80,11,80,73,80,75,58,58,85,85,85,85,85,91,91,81,81,81,81,81,85,97,96,85,69,69,69,97,91,91,91,88,87,92,92,92,92,20],"gold":242,"neow_bonus":"NOSTALGIA","is_daily":false,"chose_seed":false,"campfire_upgraded":6,"win_rate":0.0,"timestamp":1612466720,"path_taken":["M","?","$","M","?","M","M","M","T","R","$","M","R","?","R","BOSS","M","?","M","?","?","R","AVR","R","T","R","M","R","E","PTL","PTL","M","R","BOSS","M","M","M","$","?","R","E","?","T","M","?","M","M","AVR","R","BOSS"],"items_purchased_type":["Card","Card","Relic","Relic"],"build_version":"2020-12-22","purchased_purges":0,"victory":true,"max_hp_per_floor":[80,80,80,80,80,80,80,80,80,80,80,80,80,80,80,80,80,80,87,87,92,92,92,92,92,92,92,92,92,92,92,92,92,92,92,97,97,97,97,97,97,97,97,97,97,97,97,97,97,97,97,97],"card_choices":[{"not_picked":["Headbutt","Cloak And Dagger"],"picked":"Twin Strike","floor":1.0},{"not_picked":["ReplayTheSpireMod:LeadingStrike","Armaments"],"picked":"Backstab","floor":4.0},{"not_picked":["Eclipse","Fire Breathing"],"picked":"Iron Wave","floor":6.0},{"not_picked":["Spot Weakness","Run Through"],"picked":"Twin Strike","floor":7.0},{"not_picked":["Blood for Blood","ReplayTheSpireMod:LeadingStrike"],"picked":"Offering","floor":8.0},{"not_picked":["Prepared","Burning Pact"],"picked":"True Grit","floor":12.0},{"not_picked":["ReplayTheSpireMod:Muscle Training","Thunderclap"],"picked":"hubris:ReadiedAction","floor":14.0},{"not_picked":["Barricade","Adrenaline"],"picked":"conspire:Purge","floor":16.0},{"not_picked":["Sword Boomerang+1","ReplayTheSpireMod:Limb From Limb"],"picked":"Flex","floor":18.0},{"not_picked":["Rage","Warcry"],"picked":"Wild Strike","floor":20.0},{"not_picked":["Bloodletting","Pummel"],"picked":"Pommel Strike","floor":28.0},{"not_picked":["Blood for Blood","Twin Strike"],"picked":"Anger","floor":30.0},{"not_picked":["Headbutt","Heavy Blade"],"picked":"Wild Strike","floor":33.0},{"not_picked":["Barricade","conspire:HitWhereItHurts"],"picked":"Impervious","floor":35.0},{"not_picked":["True Grit+1","Metallicize"],"picked":"Carnage","floor":36.0},{"not_picked":["Armaments","True Grit+1"],"picked":"Anger+1","floor":37.0},{"not_picked":["ReplayTheSpireMod:Limb From Limb","Sever Soul","Body Slam"],"picked":"SKIP","floor":38},{"not_picked":["Cleave","Inflame"],"picked":"Uppercut+1","floor":39},{"not_picked":["Choke","Well Laid Plans"],"picked":"Flex+1","floor":43},{"not_picked":["Sentinel","Blade Dance+1"],"picked":"Metallicize+1","floor":46},{"not_picked":["Outmaneuver","Dagger Throw"],"picked":"Perfected Strike","floor":47},{"not_picked":["Warcry","Hemokinesis"],"picked":"hubris:ReadiedAction+1","floor":48},{"not_picked":["Run Through","Dagger Throw"],"picked":"Body Slam","floor":49}],"player_experience":64267,"relics_obtained":[{"floor":9.0,"key":"King of Hearts"},{"floor":26.0,"key":"aspiration:AnachronicSnailShell"},{"floor":30.0,"key":"hubris:BottledRain"},{"floor":43,"key":"TungstenRod"}],"event_choices":[{"damage_healed":0.0,"max_hp_gain":0.0,"max_hp_loss":0.0,"gold_gain":0.0,"event_name":"The Woman in Blue","player_choice":"Bought 1 Potion","floor":5.0,"gold_loss":0.0,"damage_taken":0.0},{"damage_healed":0.0,"max_hp_gain":0.0,"max_hp_loss":0.0,"gold_gain":0.0,"event_name":"Addict","player_choice":"Obtained Relic","floor":19.0,"gold_loss":85.0,"damage_taken":0.0,"relics_obtained":["Strawberry"]},{"damage_healed":0.0,"max_hp_gain":5.0,"max_hp_loss":0.0,"gold_gain":0.0,"event_name":"Forgotten Altar","player_choice":"Shed Blood","floor":21.0,"gold_loss":0.0,"damage_taken":22.0},{"damage_healed":0,"gold_gain":0,"player_choice":"Got Potions","damage_taken":0,"max_hp_gain":0,"max_hp_loss":0,"event_name":"Lab","floor":44,"gold_loss":0}],"is_beta":false,"boss_relics":[{"not_picked":["hubris:Stopwatch","Philosopher\u0027s Stone"],"picked":"infinitespire:Burning Sword"},{"not_picked":["Fusion Hammer","Runic Cube"],"picked":"Tiny House"}],"items_purged_floors":[],"is_endless":false,"potions_floor_spawned":[4,6,14,16,18,35,37,46,47,49],"ascension_level":0}}