{"host":"8f5cu9y0fpol72qs","time":1612432578,"event":{"mods":["AlwaysNeverKeys","BaseMod","Colored Map","Colored Powertips","Curses Come First","Highlight Path","Key Reminder","Minty Spire (QoL Compilation)","StSLib"],"gold_per_floor":[117,132,151,170,183,211,228,228,310,11,37,37,372,372,372,448,448,464,475,493,493,493,493,505,523,549,549,549,578,589,621,621,693,693,706,731,731,43,59,59,74,90,159,188,208,228,228,259,259,259,259,259,29,60,60,60],"floor_reached":55,"language":"ENG","playtime":5341,"items_purged":["Strike_G","Strike_G","Strike_G"],"score":1499,"play_id":"5096cc34-3491-4f09-baf8-b8f73e346f18","local_time":"20210204015618","is_ascension_mode":true,"campfire_choices":[{"floor":8.0,"key":"REST"},{"data":"Accuracy","floor":12.0,"key":"SMITH"},{"data":"Adrenaline","floor":15.0,"key":"SMITH"},{"floor":23.0,"key":"REST"},{"floor":27.0,"key":"REST"},{"floor":32.0,"key":"REST"},{"floor":40.0,"key":"RECALL"},{"floor":49.0,"key":"REST"},{"floor":52.0,"key":"REST"}],"circlet_count":0,"master_deck":["AscendersBane","Defend_G","Defend_G","Defend_G","Defend_G","Defend_G","Survivor","Neutralize","Dagger Throw","Cloak And Dagger","Blade Dance","Backflip","Dagger Spray+1","Blade Dance","Envenom","Accuracy+1","Blade Dance","Adrenaline+1","Tools of the Trade","Bouncing Flask","Acrobatics","Calculated Gamble","Bane+1","Deflect","PiercingWail+1","Riddle With Holes","Terror","Wraith Form v2+1","Backflip","Infinite Blades","Footwork","Well Laid Plans","Malaise","Reflex","Leg Sweep","Footwork+1","Accuracy","Blade Dance+1","Caltrops"],"relics":["HoveringKite","Vajra","The Courier","Lantern","Tiny Chest","Old Coin","Fusion Hammer","Letter Opener","Strawberry","Akabeko","White Beast Statue","Black Star","Ginger","Pantograph","CaptainsWheel","Pen Nib","Bottled Tornado","Bag of Marbles","Boot","Blood Vial","Whetstone"],"acts_visited":["Exordium","TheCity","TheBeyond","TheEnding"],"potions_floor_usage":[55,55],"damage_taken":[{"damage":2.0,"enemies":"2 Louse","floor":1.0,"turns":3.0},{"damage":0.0,"enemies":"Cultist","floor":2.0,"turns":4.0},{"damage":9.0,"enemies":"Small Slimes","floor":3.0,"turns":2.0},{"damage":4.0,"enemies":"Red Slaver","floor":4.0,"turns":5.0},{"damage":5.0,"enemies":"Exordium Wildlife","floor":5.0,"turns":6.0},{"damage":15.0,"enemies":"3 Sentries","floor":6.0,"turns":8.0},{"damage":0.0,"enemies":"Exordium Thugs","floor":7.0,"turns":5.0},{"damage":12.0,"enemies":"Gremlin Nob","floor":11.0,"turns":3.0},{"damage":7.0,"enemies":"Lagavulin","floor":13.0,"turns":5.0},{"damage":0.0,"enemies":"Slime Boss","floor":16.0,"turns":4.0},{"damage":16.0,"enemies":"Shell Parasite","floor":18.0,"turns":4.0},{"damage":0.0,"enemies":"Chosen","floor":19.0,"turns":2.0},{"damage":4.0,"enemies":"3 Cultists","floor":20.0,"turns":5.0},{"damage":5.0,"enemies":"Centurion and Healer","floor":24.0,"turns":2.0},{"damage":1.0,"enemies":"Sentry and Sphere","floor":25.0,"turns":3.0},{"damage":7.0,"enemies":"Book of Stabbing","floor":29.0,"turns":4.0},{"damage":4.0,"enemies":"Cultist and Chosen","floor":30.0,"turns":3.0},{"damage":20.0,"enemies":"Slavers","floor":31.0,"turns":2.0},{"damage":27.0,"enemies":"Collector","floor":33.0,"turns":5.0},{"damage":0.0,"enemies":"3 Shapes","floor":35.0,"turns":2.0},{"damage":0.0,"enemies":"Mind Bloom Boss Battle","floor":36.0,"turns":4.0},{"damage":0.0,"enemies":"3 Darklings","floor":39.0,"turns":2.0},{"damage":1.0,"enemies":"Transient","floor":41.0,"turns":5.0},{"damage":9.0,"enemies":"Spire Growth","floor":42.0,"turns":4.0},{"damage":2.0,"enemies":"Giant Head","floor":44.0,"turns":7.0},{"damage":4.0,"enemies":"Maw","floor":45.0,"turns":5.0},{"damage":2.0,"enemies":"4 Shapes","floor":46.0,"turns":7.0},{"damage":9.0,"enemies":"Nemesis","floor":48.0,"turns":5.0},{"damage":34.0,"enemies":"Awakened One","floor":50.0,"turns":10.0},{"damage":42.0,"enemies":"Shield and Spear","floor":54.0,"turns":6.0},{"damage":64,"enemies":"The Heart","floor":55,"turns":5}],"seed_played":"2638437453388830342","potions_obtained":[{"floor":1.0,"key":"Swift Potion"},{"floor":2.0,"key":"BlessingOfTheForge"},{"floor":6.0,"key":"Strength Potion"},{"floor":7.0,"key":"DuplicationPotion"},{"floor":16.0,"key":"ColorlessPotion"},{"floor":24.0,"key":"CultistPotion"},{"floor":25.0,"key":"Ancient Potion"},{"floor":28.0,"key":"Dexterity Potion"},{"floor":30.0,"key":"CunningPotion"},{"floor":33.0,"key":"ColorlessPotion"},{"floor":39.0,"key":"FearPotion"},{"floor":41.0,"key":"FairyPotion"},{"floor":42.0,"key":"SmokeBomb"},{"floor":44.0,"key":"Fruit Juice"},{"floor":45.0,"key":"SteroidPotion"},{"floor":46.0,"key":"GamblersBrew"},{"floor":54.0,"key":"CultistPotion"}],"is_trial":false,"path_per_floor":["M","M","M","M","M","E","M","R","T","$","E","R","E","?","R","B",null,"M","M","M","?","T","R","M","M","T","R","?","E","M","E","R","B",null,"M","?","T","$","M","R","M","M","T","E","M","M","?","E","R","B",null,"R","$","E","B"],"character_chosen":"THE_SILENT","items_purchased":["Lantern","Accuracy","Blade Dance","Infinite Blades","CaptainsWheel","Footwork","Well Laid Plans","Malaise","Reflex","Caltrops","DuplicationPotion"],"campfire_rested":6,"item_purchase_floors":[10,10,10,38,38,38,38,38,38,53,53],"current_hp_per_floor":[57,57,48,44,39,24,24,43,43,43,31,31,24,24,24,24,56,40,40,36,36,36,55,50,49,56,73,73,66,62,42,63,36,64,64,64,64,64,64,64,63,54,54,57,53,51,51,42,65,44,70,78,78,36,0,0],"gold":60,"neow_bonus":"BOSS_RELIC","is_daily":false,"chose_seed":false,"campfire_upgraded":2,"win_rate":0.0,"timestamp":1612432578,"path_taken":["M","M","M","M","M","E","M","R","T","$","E","R","E","?","R","BOSS","M","M","?","?","?","R","M","?","T","R","?","E","M","E","R","BOSS","M","?","?","$","M","R","?","M","T","E","M","M","?","E","R","BOSS","R","$","E","BOSS"],"items_purchased_type":["Relic","Card","Card","Card","Relic","Card","Card","Card","Card","Card","Potion"],"build_version":"2020-12-22","purchased_purges":3,"victory":false,"max_hp_per_floor":[66,66,66,66,66,66,66,66,66,66,66,66,66,66,66,66,66,66,66,66,66,66,66,66,66,73,73,73,73,73,73,73,73,73,73,73,73,73,73,73,73,73,73,78,78,78,78,78,78,78,78,78,78,78,78,78],"card_choices":[{"not_picked":["Choke","Flying Knee"],"picked":"Dagger Throw","floor":1.0},{"not_picked":["Dodge and Roll","Setup"],"picked":"Cloak And Dagger","floor":2.0},{"not_picked":["Dodge and Roll","Expertise"],"picked":"Blade Dance","floor":3.0},{"not_picked":["Caltrops","Quick Slash"],"picked":"Backflip","floor":4.0},{"not_picked":["Bane","Acrobatics"],"picked":"Dagger Spray","floor":5.0},{"not_picked":["Backflip","Flying Knee"],"picked":"Blade Dance","floor":6.0},{"not_picked":["Underhanded Strike","Expertise"],"picked":"Envenom","floor":7.0},{"not_picked":["Dagger Throw","Bane","Poisoned Stab"],"picked":"SKIP","floor":11.0},{"not_picked":["Deflect","Night Terror"],"picked":"Adrenaline","floor":13.0},{"not_picked":["Malaise","Phantasmal Killer"],"picked":"Tools of the Trade","floor":16.0},{"not_picked":["Underhanded Strike","Poisoned Stab"],"picked":"Bouncing Flask","floor":18.0},{"not_picked":["Dodge and Roll","Slice"],"picked":"Acrobatics","floor":19.0},{"not_picked":["Backstab","Noxious Fumes"],"picked":"Calculated Gamble","floor":20.0},{"not_picked":["Poisoned Stab","Deflect"],"picked":"PiercingWail+1","floor":24.0},{"not_picked":["All Out Attack","Quick Slash"],"picked":"Riddle With Holes","floor":25.0},{"not_picked":["Quick Slash+1","Underhanded Strike"],"picked":"Terror","floor":29.0},{"not_picked":["Sucker Punch","Unload","Bane"],"picked":"SKIP","floor":30.0},{"not_picked":["Sucker Punch","Unload","Bane"],"picked":"SKIP","floor":30.0},{"not_picked":["PiercingWail","Dagger Throw","Distraction"],"picked":"SKIP","floor":31.0},{"not_picked":["Grand Finale","Unload"],"picked":"Wraith Form v2","floor":33.0},{"not_picked":["Tactician","Sucker Punch+1","Quick Slash+1"],"picked":"SKIP","floor":35.0},{"not_picked":["Underhanded Strike","Flechettes+1"],"picked":"Backflip","floor":36.0},{"not_picked":["Infinite Blades","Skewer+1"],"picked":"Leg Sweep","floor":39.0},{"not_picked":["Concentrate","Poisoned Stab"],"picked":"Footwork+1","floor":41.0},{"not_picked":["Eviscerate","Terror"],"picked":"Accuracy","floor":42.0},{"not_picked":["Deadly Poison","Cloak And Dagger","Slice"],"picked":"SKIP","floor":44.0},{"not_picked":["Dagger Spray","Finisher+1"],"picked":"Blade Dance+1","floor":45.0},{"not_picked":["Deflect+1","Dagger Throw","Flying Knee"],"picked":"SKIP","floor":46.0},{"not_picked":["Blade Dance","Outmaneuver+1","Poisoned Stab+1"],"picked":"SKIP","floor":48.0},{"not_picked":["Catalyst","Sucker Punch","Riddle With Holes"],"picked":"SKIP","floor":54.0}],"player_experience":1010172,"relics_obtained":[{"floor":6.0,"key":"Vajra"},{"floor":9.0,"key":"The Courier"},{"floor":11.0,"key":"Tiny Chest"},{"floor":13.0,"key":"Old Coin"},{"floor":22.0,"key":"Letter Opener"},{"floor":26.0,"key":"Strawberry"},{"floor":29.0,"key":"Akabeko"},{"floor":31.0,"key":"White Beast Statue"},{"floor":36.0,"key":"Ginger"},{"floor":37.0,"key":"Pantograph"},{"floor":44.0,"key":"Pen Nib"},{"floor":44.0,"key":"Bottled Tornado"},{"floor":48.0,"key":"Bag of Marbles"},{"floor":48.0,"key":"Boot"},{"floor":54.0,"key":"Blood Vial"},{"floor":54.0,"key":"Whetstone"}],"event_choices":[{"damage_healed":0.0,"max_hp_gain":0.0,"max_hp_loss":0.0,"gold_gain":0.0,"event_name":"Match and Keep!","player_choice":"0 cards matched","floor":14.0,"gold_loss":0.0,"damage_taken":0.0,"cards_obtained":[]},{"damage_healed":0.0,"max_hp_gain":0.0,"max_hp_loss":0.0,"gold_gain":0.0,"cards_transformed":["Strike_G","Strike_G"],"event_name":"Drug Dealer","player_choice":"Became Test Subject","floor":21.0,"gold_loss":0.0,"damage_taken":0.0,"cards_obtained":["Bane","Deflect"]},{"damage_healed":0.0,"max_hp_gain":0.0,"max_hp_loss":0.0,"gold_gain":0.0,"event_name":"Lab","player_choice":"Got Potions","floor":28.0,"gold_loss":0.0,"damage_taken":0.0},{"damage_healed":0.0,"max_hp_gain":0.0,"max_hp_loss":0.0,"gold_gain":0.0,"event_name":"MindBloom","player_choice":"Fight","floor":36.0,"gold_loss":0.0,"damage_taken":0.0},{"damage_healed":0.0,"max_hp_gain":0.0,"max_hp_loss":0.0,"gold_gain":0.0,"event_name":"Upgrade Shrine","player_choice":"Upgraded","floor":47.0,"gold_loss":0.0,"damage_taken":0.0,"cards_upgraded":["Wraith Form v2"]}],"is_beta":false,"boss_relics":[{"not_picked":["Cursed Key","SacredBark"],"picked":"Fusion Hammer"},{"not_picked":["SlaversCollar","Tiny House"],"picked":"Black Star"}],"items_purged_floors":[10,38,53],"is_endless":false,"potions_floor_spawned":[1,2,6,7,16,24,25,30,31,33,35,36,39,41,42,44,45,46,48,54],"killed_by":"The Heart","ascension_level":16}}