{"host":"njo8qgvy2a57fcny","time":1612422182,"event":{"mods":["Aspiration","BaseMod","BetterRewards","CCEM2","Colored Map","Colored Powertips","Conspire","Custom Start","Downfall","Energized Spire","GifTheSpireLib","Halation","Hermit","Hubris","Infinite Spire","Jedi Mod","Jorbs\u0027s Wanderer Trilogy","Mimic Mod","Minty Spire (QoL Compilation)","Quick Restart","Random Character Button","Random Character Mod","Rare Cards Sparkle","Relic Sorter","Reliquary","Replay The Spire","Shop Mod","StSLib","Stuff the Spire","The Animator","The Jungle","The Runesmith","The Servant 0.9.4","Unceasing Turn Reminder","thorton"],"gold_per_floor":[99,113,113,113,126,126,174,202,10,160,194,204,204,204,204,204],"floor_reached":14,"language":"ENG","playtime":741,"items_purged":[],"score":92,"play_id":"bfb24536-ffdc-45ed-a47d-7349c85c9d58","local_time":"20210204180302","is_ascension_mode":true,"campfire_choices":[{"floor":13,"key":"DIG"}],"circlet_count":0,"master_deck":["champ:Strike","champ:Strike","champ:Strike","champ:Defend","champ:Defend","champ:Defend","champ:Defend","champ:Execute","champ:Taunt+1","CurseOfTheBell","champ:Improvising","champ:Haymaker","champ:AdrenalArmor","champ:StanceDance","champ:EnGarde","champ:Endure","champ:Endure","champ:Backstep","champ:StanceDance"],"relics":["Calling Bell","hubris:Icosahedron","ReplayTheSpireMod:Lightbulb","halation:QuantumPhysicsTextbook","infinitespire:Bottled Soul","Shovel","hubris:OldNail","hubris:TenFootPole","aspiration:Lifesprig"],"acts_visited":["Exordium"],"potions_floor_usage":[11,14,14],"damage_taken":[{"damage":10,"enemies":"Small Slimes","floor":2,"turns":5},{"damage":8,"enemies":"Jaw Worm","floor":5,"turns":2},{"damage":10,"enemies":"2 Louse","floor":8,"turns":2},{"damage":20,"enemies":"downfall:FleeingMerchant","floor":9,"turns":4},{"damage":76,"enemies":"Gremlin Nob","floor":11,"turns":6},{"damage":30,"enemies":"Red Slaver","floor":12,"turns":5},{"damage":38,"enemies":"Lagavulin","floor":14,"turns":3}],"seed_played":"5454549991978403100","potions_obtained":[{"floor":11,"key":"BlessingOfTheForge"},{"floor":12,"key":"BlessingOfTheForge"}],"is_trial":false,"path_per_floor":["R_BF","M","?","T","M","?","T","M","$","?","E","M","R","E"],"character_chosen":"THE_CHAMP","items_purchased":["champ:Endure","hubris:OldNail"],"campfire_rested":0,"item_purchase_floors":[9,9],"current_hp_per_floor":[90,90,90,90,82,82,82,82,77,77,31,31,31,0,0,0],"gold":204,"neow_bonus":"BOSS_RELIC","is_daily":false,"chose_seed":false,"campfire_upgraded":0,"win_rate":0.0,"timestamp":1612422182,"path_taken":["R_BF","M","?","?","M","?","T","M","$","?","E","M","R","E"],"items_purchased_type":["Card","Relic"],"build_version":"2020-12-22","purchased_purges":0,"victory":false,"max_hp_per_floor":[90,90,90,90,90,90,90,90,90,90,90,90,90,90,90,90],"card_choices":[{"not_picked":["champ:PreemptiveStrike","champ:Shatter"],"picked":"champ:Haymaker","floor":2},{"not_picked":["champ:EndlessRage","champ:BringItOn"],"picked":"champ:AdrenalArmor","floor":5},{"not_picked":["champ:FlashCut","champ:CrookedStrike"],"picked":"champ:StanceDance","floor":8},{"not_picked":["champ:BladeFlurry","champ:Shatter"],"picked":"champ:EnGarde","floor":9},{"not_picked":["champ:SkillfulDodge","champ:Circumvent"],"picked":"champ:Backstep","floor":11},{"not_picked":["champ:PreemptiveStrike","champ:BladeFlurry"],"picked":"champ:StanceDance","floor":12}],"player_experience":759589,"relics_obtained":[{"floor":0,"key":"ReplayTheSpireMod:Lightbulb"},{"floor":0,"key":"halation:QuantumPhysicsTextbook"},{"floor":0,"key":"infinitespire:Bottled Soul"},{"floor":4,"key":"Shovel"},{"floor":7,"key":"CeramicFish"},{"floor":11,"key":"hubris:TenFootPole"},{"floor":13,"key":"aspiration:Lifesprig"}],"event_choices":[],"is_beta":false,"boss_relics":[],"items_purged_floors":[],"is_endless":false,"potions_floor_spawned":[11,12],"killed_by":"Lagavulin","ascension_level":1}}