{"host":"ELF","time":1612475144,"event":{"mods":["BaseMod","Bestiary","Minty Spire (QoL Compilation)","Relic Stats","Slay the Relics Exporter"],"gold_per_floor":[114,189,35,51,62,93,93,193,270,40,51,62,62,74,74,178,178,193,193,206,206,224,224,224],"floor_reached":23,"language":"ENG","playtime":544,"items_purged":["Strike_R"],"score":193,"play_id":"da67b765-9ae6-4a14-ab18-94884dba6dc6","local_time":"20210204154544","is_ascension_mode":false,"campfire_choices":[{"data":"Reprogram","floor":7,"key":"SMITH"},{"floor":13,"key":"REST"},{"data":"Fusion","floor":15,"key":"SMITH"}],"circlet_count":0,"master_deck":["Strike_R","Strike_R","Defend_R","Defend_R","Defend_R","Defend_R","Bash","Pommel Strike","Reprogram+1","Gash","Streamline","Fusion+1","Hyperbeam","PathToVictory+1","Slice"],"relics":["Burning Blood","NeowsBlessing","PrismaticShard","Lantern","Eternal Feather","Red Skull","Empty Cage","Blood Vial"],"acts_visited":["Exordium","TheCity"],"potions_floor_usage":[16,20],"damage_taken":[{"damage":0,"enemies":"Small Slimes","floor":1,"turns":1},{"damage":0,"enemies":"2 Louse","floor":4,"turns":1},{"damage":0,"enemies":"Cultist","floor":5,"turns":1},{"damage":51,"enemies":"Gremlin Nob","floor":6,"turns":5},{"damage":0,"enemies":"Large Slime","floor":11,"turns":3},{"damage":13,"enemies":"Gremlin Gang","floor":12,"turns":4},{"damage":9,"enemies":"2 Fungi Beasts","floor":14,"turns":2},{"damage":18,"enemies":"Slime Boss","floor":16,"turns":9},{"damage":25,"enemies":"2 Thieves","floor":18,"turns":4},{"damage":37,"enemies":"3 Byrds","floor":20,"turns":5},{"damage":6,"enemies":"Centurion and Healer","floor":22,"turns":5},{"damage":55,"enemies":"Book of Stabbing","floor":23,"turns":5}],"seed_played":"-9032335246319200743","potions_obtained":[{"floor":1,"key":"Explosive Potion"},{"floor":5,"key":"Energy Potion"},{"floor":11,"key":"Swift Potion"},{"floor":16,"key":"BloodPotion"}],"is_trial":false,"path_per_floor":["M","?","$","M","M","E","R","?","T","$","M","M","R","M","R","B",null,"M","?","M","?","M","E"],"character_chosen":"IRONCLAD","items_purchased":["PrismaticShard","Red Skull"],"campfire_rested":1,"item_purchase_floors":[3,10],"current_hp_per_floor":[80,69,69,75,80,35,35,35,35,35,41,34,64,61,67,55,80,61,61,48,48,50,0,0],"gold":224,"neow_bonus":"THREE_ENEMY_KILL","is_daily":false,"chose_seed":false,"campfire_upgraded":2,"win_rate":0.0,"timestamp":1612475144,"path_taken":["M","?","$","M","M","E","R","?","T","$","M","?","R","M","R","BOSS","M","?","?","?","M","E"],"items_purchased_type":["Relic","Relic"],"build_version":"2020-12-18","purchased_purges":1,"victory":false,"max_hp_per_floor":[80,80,80,80,80,80,80,80,80,80,80,80,80,80,80,80,80,80,80,80,80,80,80,80],"relic_stats":{"Blood Vial":6,"counters":[12,45],"Eternal Feather":12,"obtain_stats":[{"Blood Vial":19,"Lantern":6,"NeowsBlessing":0,"Eternal Feather":9,"PrismaticShard":3,"Empty Cage":17,"Burning Blood":0,"Red Skull":10},{"Blood Vial":9,"Lantern":4,"NeowsBlessing":0,"Eternal Feather":4,"PrismaticShard":1,"Empty Cage":8,"Burning Blood":0,"Red Skull":4},{"Blood Vial":30,"Lantern":8,"NeowsBlessing":0,"Eternal Feather":8,"PrismaticShard":1,"Empty Cage":26,"Burning Blood":0,"Red Skull":8}],"Burning Blood":59},"card_choices":[{"not_picked":["Uppercut","Perfected Strike"],"picked":"Pommel Strike","floor":1},{"not_picked":["Go for the Eyes","Distraction"],"picked":"Reprogram","floor":4},{"not_picked":["Barrage","True Grit"],"picked":"Gash","floor":5},{"not_picked":["Grand Finale","Entrench","FlurryOfBlows"],"picked":"SKIP","floor":6},{"not_picked":["Slice","Ghostly Armor"],"picked":"Streamline","floor":11},{"not_picked":["Bane","Redo","ClearTheMind"],"picked":"SKIP","floor":12},{"not_picked":["Clothesline","Adaptation"],"picked":"Fusion","floor":14},{"not_picked":["Die Die Die","Panache"],"picked":"Hyperbeam","floor":16},{"not_picked":["Deflect+1","Clash"],"picked":"PathToVictory+1","floor":18},{"not_picked":["EmptyMind","Backstab"],"picked":"Slice","floor":20},{"not_picked":["Wild Strike","Rage","Doom and Gloom"],"picked":"SKIP","floor":22}],"player_experience":3394900,"relics_obtained":[{"floor":6,"key":"Lantern"},{"floor":9,"key":"Eternal Feather"}],"event_choices":[{"damage_healed":0,"gold_gain":75,"player_choice":"Gather Gold","damage_taken":11,"max_hp_gain":0,"max_hp_loss":0,"event_name":"World of Goop","floor":2,"gold_loss":0},{"damage_healed":0,"gold_gain":100,"player_choice":"Pray","damage_taken":0,"max_hp_gain":0,"max_hp_loss":0,"event_name":"Golden Shrine","floor":8,"gold_loss":0},{"damage_healed":0,"gold_gain":0,"player_choice":"Gave Potion","damage_taken":0,"relics_obtained":["Blood Vial"],"max_hp_gain":0,"max_hp_loss":0,"event_name":"WeMeetAgain","floor":19,"gold_loss":0},{"damage_healed":0,"gold_gain":0,"player_choice":"Ignored","damage_taken":0,"max_hp_gain":0,"max_hp_loss":0,"event_name":"Vampires","floor":21,"gold_loss":0}],"is_beta":true,"boss_relics":[{"not_picked":["Fusion Hammer","Runic Pyramid"],"picked":"Empty Cage"}],"items_purged_floors":[10],"is_endless":false,"potions_floor_spawned":[1,5,11,16,18],"killed_by":"Book of Stabbing","ascension_level":0}}