{"host":"zf1gvustpgbojd4t","time":1612416771,"event":{"mods":["Act Like it!","BaseMod","Downfall","Hallownest","Map Debug Mod","Minty Spire (QoL Compilation)","MostiFishMod","Replay The Spire","StSLib"],"gold_per_floor":[99,99,99,99,99,99,99,99,24,24,58,75,91,16,35,133,133,83,97,5,18,3,3,3],"floor_reached":22,"language":"ZHS","playtime":624,"items_purged":["Slimebound:Strike_Slimebound"],"score":205,"play_id":"7746ef97-39cd-40f6-8417-ac2200d48039","local_time":"20210204133251","is_ascension_mode":false,"campfire_choices":[{"floor":1,"key":"RECALL"},{"data":"Slimebound:CorrosiveSpit","floor":6,"key":"SMITH"},{"data":"Slimebound:Tackle","floor":8,"key":"SMITH"},{"data":"Slimebound:Split","floor":10,"key":"SMITH"},{"data":"Slimebound:WasteNot","floor":18,"key":"SMITH"}],"circlet_count":0,"master_deck":["Slimebound:Strike_Slimebound","Slimebound:Strike_Slimebound","Slimebound:Tackle","Slimebound:Defend_Slimebound","Slimebound:Defend_Slimebound","Slimebound:Defend_Slimebound","Slimebound:Split+1","Slimebound:CorrosiveSpit+1","Slimebound:Tackle+1","Slimebound:LivingWall","Slimebound:BestDefense","Slimebound:WasteNot+1","Slimebound:ComboTackle","Slimebound:OneTwoCombo","Slimebound:Schlurp","Slimebound:LevelUp","Slimebound:ProtectTheBoss","Slimebound:ProtectTheBoss+1"],"relics":["Slimebound:AbsorbEndCombatUpgraded","DaveBox","ArrowTower","downfall:HeartsMalice","Mirror","Slimebound:GreedOozeRelic"],"acts_visited":["Exordium","TheCity"],"potions_floor_usage":[16],"damage_taken":[{"damage":0,"enemies":"Small Slimes","floor":2,"turns":1},{"damage":0,"enemies":"downfall:FleeingMerchant","floor":9,"turns":1},{"damage":0,"enemies":"Gremlin Nob","floor":11,"turns":1},{"damage":0,"enemies":"2 Louse","floor":12,"turns":3},{"damage":1,"enemies":"Cultist","floor":13,"turns":4},{"damage":10,"enemies":"Blue Slaver","floor":15,"turns":3},{"damage":33,"enemies":"DF_ARCHETYPE_STREAMLINE","floor":16,"turns":7},{"damage":12,"enemies":"3 Byrds","floor":19,"turns":4},{"damage":5,"enemies":"downfall:FleeingMerchant","floor":20,"turns":4},{"damage":24,"enemies":"Chosen","floor":21,"turns":5},{"damage":20,"enemies":"downfall:FleeingMerchant","floor":22,"turns":4}],"seed_played":"1611625274501289446","potions_obtained":[{"floor":11,"key":"DistilledChaos"},{"floor":21,"key":"Explosive Potion"}],"is_trial":false,"path_per_floor":["R","M","?","?","?","R","T","R","$","R","E","M","M","?","M","B",null,"R","M","$","M","$"],"character_chosen":"SLIMEBOUND","items_purchased":["Slimebound:ProtectTheBoss"],"campfire_rested":0,"item_purchase_floors":[20],"current_hp_per_floor":[65,65,65,65,65,65,65,65,65,65,65,65,65,65,55,30,65,65,56,60,42,31,31,31],"gold":3,"neow_bonus":"THREE_ENEMY_KILL","is_daily":false,"chose_seed":false,"campfire_upgraded":4,"win_rate":0.0,"timestamp":1612416771,"path_taken":["R","M","?","?","?","R","T","R","$","R","E","?","M","?","M","BOSS","R","M","$","M","$"],"items_purchased_type":["Card"],"build_version":"2020-12-22","purchased_purges":1,"victory":false,"max_hp_per_floor":[65,65,65,65,65,65,65,65,65,65,65,65,65,65,65,65,65,65,65,65,65,65,65,65],"card_choices":[{"not_picked":["Slimebound:SplitBruiser","Slimebound:HauntingLick","Slimebound:SamplingLick"],"picked":"SKIP","floor":2},{"not_picked":["Slimebound:SplitMire","Slimebound:SlimeBarrage","Slimebound:GoopSpray"],"picked":"SKIP","floor":9},{"not_picked":["Slimebound:GoopTackle","Slimebound:RainOfGoop"],"picked":"Slimebound:LivingWall","floor":11},{"not_picked":["Slimebound:ComboTackle","Slimebound:HauntingLick"],"picked":"Slimebound:BestDefense","floor":12},{"not_picked":["Slimebound:LeadByExample","Slimebound:SlimeBarrage"],"picked":"Slimebound:WasteNot","floor":13},{"not_picked":["Slimebound:SpikyOuterGoop","Slimebound:SlimeBarrage"],"picked":"Slimebound:ComboTackle","floor":15},{"not_picked":["Slimebound:WasteNot","Slimebound:SelfFormingGoo"],"picked":"Slimebound:OneTwoCombo","floor":16},{"not_picked":["Slimebound:GoopTackle","Slimebound:ItLooksTasty+1"],"picked":"Slimebound:Schlurp","floor":19},{"not_picked":["Slimebound:SplitMire","Slimebound:LeechEnergy"],"picked":"Slimebound:LevelUp","floor":20},{"not_picked":["Slimebound:AcidTongue+1","Slimebound:ForwardTackle"],"picked":"Slimebound:ProtectTheBoss+1","floor":21}],"player_experience":87498,"relics_obtained":[{"floor":11,"key":"Mirror"}],"event_choices":[{"cards_removed":["Slimebound:Defend_Slimebound"],"damage_healed":0,"gold_gain":0,"player_choice":"Card Removal","damage_taken":0,"max_hp_gain":0,"max_hp_loss":0,"event_name":"The Cleric","floor":3,"gold_loss":0}],"is_beta":false,"boss_relics":[{"not_picked":["SlaversCollar","Tiny House"],"picked":"Slimebound:AbsorbEndCombatUpgraded"}],"items_purged_floors":[9],"is_endless":false,"potions_floor_spawned":[11,21],"killed_by":"downfall:FleeingMerchant","ascension_level":0}}