{"host":"n4fty02wqqi95laq","time":1612426812,"event":{"mods":["BaseMod","Highlight Path","Minty Spire (QoL Compilation)","Quick Restart","Rare Cards Sparkle","StSLib"],"gold_per_floor":[111,161,179,1,1,1,33,33,56,86,97,97,22,37,37,114,114,124,124,138,155,80,80,96,96,121,133,180,206,247,259,271,354,366,388,400,425,452,464,503,526,569,581,618,650,681,151,183,183,183,183,183,183,2,27,27],"floor_reached":57,"language":"ZHS","playtime":4258,"items_purged":["Decay","Predator","Corpse Explosion"],"score":3315,"play_id":"20aa525f-624f-4b67-b2a4-3f84acf675dd","local_time":"20210204162012","is_ascension_mode":true,"campfire_choices":[{"data":"Apotheosis","floor":6.0,"key":"SMITH"},{"data":"Neutralize","floor":8.0,"key":"SMITH"},{"data":"Acrobatics","floor":12.0,"key":"SMITH"},{"data":"Footwork","floor":15.0,"key":"SMITH"},{"data":"Adrenaline","floor":23.0,"key":"SMITH"},{"data":"Prepared","floor":25.0,"key":"SMITH"},{"floor":27.0,"key":"REST"},{"floor":32.0,"key":"RECALL"},{"floor":49.0,"key":"REST"},{"data":"Wraith Form v2","floor":53.0,"key":"SMITH"}],"circlet_count":0,"master_deck":["AscendersBane","Survivor","Neutralize+1","Apotheosis+1","Footwork+1","Acrobatics+1","Deadly Poison","After Image","Night Terror","Deflect","Flechettes","Wraith Form v2+1","Blur","Adrenaline+1","Acrobatics","Backflip","Prepared+1","Tactician","Calculated Gamble","Purity","Discovery","Concentrate+1","Reflex+1","Expertise"],"relics":["Ring of the Snake","NeowsBlessing","Singing Bowl","Lantern","Centennial Puzzle","Pandora\u0027s Box","MawBank","Anchor","Ginger","Empty Cage","MealTicket","Sundial","Blood Vial","Bottled Lightning","Toolbox","Snake Skull","Oddly Smooth Stone"],"acts_visited":["Exordium","TheCity","TheBeyond","TheEnding"],"potions_floor_usage":[56],"damage_taken":[{"damage":0.0,"enemies":"2 Louse","floor":1.0,"turns":1.0},{"damage":0.0,"enemies":"Cultist","floor":3.0,"turns":1.0},{"damage":0.0,"enemies":"Lagavulin","floor":7.0,"turns":1.0},{"damage":6.0,"enemies":"3 Sentries","floor":10.0,"turns":7.0},{"damage":0.0,"enemies":"Small Slimes","floor":11.0,"turns":3.0},{"damage":8.0,"enemies":"3 Louse","floor":14.0,"turns":3.0},{"damage":1.0,"enemies":"The Guardian","floor":16.0,"turns":10.0},{"damage":19.0,"enemies":"Shell Parasite","floor":18.0,"turns":3.0},{"damage":0.0,"enemies":"Spheric Guardian","floor":20.0,"turns":4.0},{"damage":1.0,"enemies":"Snake Plant","floor":21.0,"turns":4.0},{"damage":3.0,"enemies":"Cultist and Chosen","floor":24.0,"turns":6.0},{"damage":18.0,"enemies":"Book of Stabbing","floor":28.0,"turns":8.0},{"damage":0.0,"enemies":"Snecko","floor":29.0,"turns":6.0},{"damage":0.0,"enemies":"Gremlin Leader","floor":30.0,"turns":6.0},{"damage":3.0,"enemies":"Automaton","floor":33.0,"turns":10.0},{"damage":7.0,"enemies":"Orb Walker","floor":35.0,"turns":4.0},{"damage":0.0,"enemies":"3 Darklings","floor":37.0,"turns":4.0},{"damage":10.0,"enemies":"Maw","floor":38.0,"turns":8.0},{"damage":1.0,"enemies":"Nemesis","floor":40.0,"turns":7.0},{"damage":1.0,"enemies":"Sphere and 2 Shapes","floor":41.0,"turns":2.0},{"damage":0.0,"enemies":"Giant Head","floor":42.0,"turns":5.0},{"damage":0.0,"enemies":"Reptomancer","floor":44.0,"turns":4.0},{"damage":0.0,"enemies":"Transient","floor":45.0,"turns":6.0},{"damage":0.0,"enemies":"4 Shapes","floor":46.0,"turns":3.0},{"damage":0.0,"enemies":"Giant Head","floor":48.0,"turns":2.0},{"damage":0.0,"enemies":"Time Eater","floor":50.0,"turns":5.0},{"damage":0.0,"enemies":"Awakened One","floor":51.0,"turns":6.0},{"damage":0.0,"enemies":"Shield and Spear","floor":55.0,"turns":2.0},{"damage":5,"enemies":"The Heart","floor":56,"turns":6}],"seed_played":"-5652380461920164189","potions_obtained":[{"floor":7.0,"key":"Fire Potion"},{"floor":16.0,"key":"Energy Potion"},{"floor":18.0,"key":"FearPotion"},{"floor":21.0,"key":"Swift Potion"},{"floor":37.0,"key":"FearPotion"},{"floor":38.0,"key":"GamblersBrew"},{"floor":46.0,"key":"Regen Potion"}],"is_trial":false,"path_per_floor":["M","?","M","$","?","R","E","R","T","E","M","R","?","M","R","B",null,"M","?","M","M","$","R","M","R","T","R","E","M","E","?","R","B",null,"M","?","M","M","?","E","M","E","T","E","M","M","$","E","R","B","B",null,"R","$","E","B",null],"character_chosen":"THE_SILENT","items_purchased":["Apotheosis","Bottled Lightning","Toolbox","Strength Potion"],"campfire_rested":2,"item_purchase_floors":[4,47,47,54],"current_hp_per_floor":[59,59,59,59,64,64,64,64,64,58,58,58,58,50,50,49,66,47,47,49,48,48,48,45,45,45,66,48,48,50,50,50,47,68,63,55,57,47,47,48,49,49,49,51,55,57,72,76,91,91,91,91,91,91,93,88],"gold":27,"neow_bonus":"THREE_ENEMY_KILL","is_daily":false,"chose_seed":false,"campfire_upgraded":7,"win_rate":0.0,"timestamp":1612426812,"path_taken":["M","?","M","?","?","R","E","R","T","E","M","R","?","M","R","BOSS","M","?","?","M","$","R","M","R","T","R","E","?","E","?","R","BOSS","M","?","M","M","?","E","M","E","T","E","M","?","$","E","R","BOSS","BOSS","R","$","E","BOSS"],"items_purchased_type":["Card","Relic","Relic","Potion"],"build_version":"2020-12-22","purchased_purges":3,"victory":true,"max_hp_per_floor":[66,66,66,66,71,71,71,71,71,71,71,71,71,71,71,71,71,71,71,73,73,73,73,73,73,73,73,73,73,75,75,75,75,75,77,79,81,81,81,83,85,85,85,87,89,89,89,91,91,91,91,91,91,91,93,93],"card_choices":[{"not_picked":["Slice","Prepared","Dodge and Roll"],"picked":"SKIP","floor":1.0},{"not_picked":["Flying Knee","Blur"],"picked":"Poisoned Stab","floor":3.0},{"not_picked":["Unload","Sucker Punch"],"picked":"Predator","floor":7.0},{"not_picked":["Expertise","Poisoned Stab"],"picked":"Footwork","floor":10.0},{"not_picked":["Underhanded Strike","Expertise"],"picked":"Acrobatics","floor":11.0},{"not_picked":["Flying Knee","Bouncing Flask"],"picked":"Deadly Poison","floor":14.0},{"not_picked":["Wraith Form v2","A Thousand Cuts"],"picked":"After Image","floor":16.0},{"not_picked":["Underhanded Strike","Dash"],"picked":"Acrobatics","floor":18.0},{"not_picked":["Poisoned Stab+1","Backstab+1","Bane"],"picked":"Singing Bowl","floor":20.0},{"not_picked":["Backstab","Blur+1"],"picked":"Backflip","floor":21.0},{"not_picked":["Footwork","Deflect"],"picked":"Prepared","floor":24.0},{"not_picked":["Cloak And Dagger","Deadly Poison"],"picked":"Tactician","floor":28.0},{"not_picked":["Bane","Quick Slash"],"picked":"Calculated Gamble","floor":29.0},{"not_picked":["Riddle With Holes","Backflip","Deflect"],"picked":"Singing Bowl","floor":30.0},{"not_picked":["Night Terror","Storm of Steel"],"picked":"Corpse Explosion","floor":33.0},{"not_picked":["Dagger Throw","Prepared","Flechettes+1"],"picked":"Singing Bowl","floor":35.0},{"not_picked":["Swift Strike","Bandage Up"],"picked":"Purity","floor":36.0},{"not_picked":["Jack Of All Trades","Blind"],"picked":"Discovery","floor":36.0},{"not_picked":["Trip","PanicButton","Mayhem"],"picked":"Singing Bowl","floor":36.0},{"not_picked":["Bouncing Flask","Underhanded Strike+1","Endless Agony"],"picked":"Singing Bowl","floor":37.0},{"not_picked":["Dash","Masterful Stab"],"picked":"Concentrate+1","floor":38.0},{"not_picked":["Backflip","Flying Knee+1","PiercingWail"],"picked":"Singing Bowl","floor":40.0},{"not_picked":["Distraction","Sucker Punch","Slice"],"picked":"Singing Bowl","floor":41.0},{"not_picked":["Bouncing Flask","Deflect"],"picked":"Reflex+1","floor":42.0},{"not_picked":["Backflip+1","Backstab","Storm of Steel"],"picked":"Singing Bowl","floor":44.0},{"not_picked":["Quick Slash","Riddle With Holes","Blade Dance"],"picked":"Singing Bowl","floor":45.0},{"not_picked":["Endless Agony","Poisoned Stab"],"picked":"Expertise","floor":46.0},{"not_picked":["Setup+1","Flechettes","Endless Agony+1"],"picked":"Singing Bowl","floor":48.0},{"not_picked":["Glass Knife","Sucker Punch","Blade Dance"],"picked":"Singing Bowl","floor":55.0}],"player_experience":697183,"relics_obtained":[{"floor":7.0,"key":"Singing Bowl"},{"floor":9.0,"key":"Lantern"},{"floor":10.0,"key":"Centennial Puzzle"},{"floor":26.0,"key":"MawBank"},{"floor":28.0,"key":"Anchor"},{"floor":30.0,"key":"Ginger"},{"floor":40.0,"key":"MealTicket"},{"floor":42.0,"key":"Sundial"},{"floor":44.0,"key":"Blood Vial"},{"floor":48.0,"key":"Snake Skull"},{"floor":55.0,"key":"Oddly Smooth Stone"}],"event_choices":[{"damage_healed":0.0,"max_hp_gain":0.0,"max_hp_loss":0.0,"gold_gain":50.0,"event_name":"Golden Shrine","player_choice":"Pray","floor":2.0,"gold_loss":0.0,"damage_taken":0.0},{"damage_healed":0.0,"max_hp_gain":5.0,"max_hp_loss":0.0,"gold_gain":0.0,"event_name":"Big Fish","player_choice":"Donut","floor":5.0,"gold_loss":0.0,"damage_taken":0.0},{"cards_removed":["Strike_G"],"damage_healed":0.0,"max_hp_gain":0.0,"max_hp_loss":0.0,"gold_gain":0.0,"event_name":"The Cleric","player_choice":"Card Removal","floor":13.0,"gold_loss":75.0,"damage_taken":0.0},{"damage_healed":0.0,"max_hp_gain":0.0,"max_hp_loss":0.0,"gold_gain":0.0,"event_name":"Wheel of Change","player_choice":"Cursed","floor":19.0,"gold_loss":0.0,"damage_taken":0.0,"cards_obtained":["Decay"]},{"cards_removed":["Predator"],"damage_healed":0.0,"max_hp_gain":0.0,"max_hp_loss":0.0,"gold_gain":0.0,"event_name":"Back to Basics","player_choice":"Elegance","floor":31.0,"gold_loss":0.0,"damage_taken":0.0},{"damage_healed":0.0,"max_hp_gain":0.0,"max_hp_loss":0.0,"gold_gain":0.0,"event_name":"SensoryStone","player_choice":"Memory 3","floor":36.0,"gold_loss":0.0,"damage_taken":10.0},{"cards_removed":["Poisoned Stab"],"damage_healed":0.0,"max_hp_gain":0.0,"max_hp_loss":0.0,"gold_gain":0.0,"event_name":"Purifier","player_choice":"Purged","floor":39.0,"gold_loss":0.0,"damage_taken":0.0}],"is_beta":false,"boss_relics":[{"not_picked":["Ring of the Serpent","SlaversCollar"],"picked":"Pandora\u0027s Box"},{"not_picked":["SacredBark","Black Star"],"picked":"Empty Cage"}],"items_purged_floors":[22,47,54],"is_endless":false,"potions_floor_spawned":[7,16,18,21,24,37,38,42,44,46,48],"ascension_level":20}}