{"host":"idjwbq71yrpkph1r","time":1612397761,"event":{"mods":["AchievementEnabler","Alarm Clock","BaseMod","Block Reminder","Colored Map","Colored Powertips","Minty Spire (QoL Compilation)","Morshu Shopkeeper","Rare Cards Sparkle","StSLib","everything is the same but u backflip on backflip"],"gold_per_floor":[118,131,131,131,131,131,13,40,40,73,88,108,122,122,122,218,218,237,237,94,106,106,140,140,166,166,166,200,200,217,217,217,217,217],"floor_reached":33,"language":"ENG","playtime":1055,"items_purged":["Strike_R"],"score":342,"play_id":"580edd04-4497-472f-ba09-733d507c190e","local_time":"20210204011601","is_ascension_mode":true,"campfire_choices":[{"floor":6,"key":"REST"},{"floor":15,"key":"REST"},{"data":"Fire Breathing","floor":24,"key":"SMITH"},{"data":"Fire Breathing","floor":27,"key":"SMITH"},{"floor":32,"key":"REST"}],"circlet_count":0,"master_deck":["Strike_R+1","Strike_R","Defend_R","Defend_R","Defend_R","Defend_R","Pommel Strike+1","Fire Breathing+1","Pommel Strike","Fire Breathing+1","Iron Wave","Wild Strike","Headbutt","Infernal Blade","Wild Strike","Fiend Fire","Power Through","Bash","Purity"],"relics":["Burning Blood","Pen Nib","WingedGreaves","Mercury Hourglass","Potion Belt","Busted Crown","Vajra","Singing Bowl","Sundial","TungstenRod","Strawberry"],"acts_visited":["Exordium","TheCity"],"potions_floor_usage":[10,28,29,30,33,33],"damage_taken":[{"damage":20,"enemies":"Small Slimes","floor":1,"turns":4},{"damage":6,"enemies":"Jaw Worm","floor":2,"turns":4},{"damage":21,"enemies":"3 Sentries","floor":8,"turns":4},{"damage":31,"enemies":"Lagavulin","floor":10,"turns":5},{"damage":0,"enemies":"2 Louse","floor":11,"turns":1},{"damage":11,"enemies":"Blue Slaver","floor":12,"turns":3},{"damage":4,"enemies":"Red Slaver","floor":13,"turns":3},{"damage":33,"enemies":"Hexaghost","floor":16,"turns":7},{"damage":18,"enemies":"Shell Parasite","floor":18,"turns":4},{"damage":7,"enemies":"2 Thieves","floor":21,"turns":3},{"damage":7,"enemies":"Gremlin Leader","floor":23,"turns":4},{"damage":18,"enemies":"Book of Stabbing","floor":25,"turns":4},{"damage":26,"enemies":"Slavers","floor":28,"turns":3},{"damage":11,"enemies":"Colosseum Slavers","floor":29,"turns":3},{"damage":27,"enemies":"Shelled Parasite and Fungi","floor":30,"turns":4},{"damage":60,"enemies":"Collector","floor":33,"turns":5}],"seed_played":"7510670600586822732","potions_obtained":[{"floor":1,"key":"Regen Potion"},{"floor":11,"key":"Dexterity Potion"},{"floor":13,"key":"PowerPotion"},{"floor":18,"key":"ColorlessPotion"},{"floor":28,"key":"SteroidPotion"},{"floor":30,"key":"Regen Potion"}],"is_trial":false,"path_per_floor":["M","M","?","?","?","R","$","E","T","E","M","M","M","?","R","B",null,"M","?","$","M","?","E","R","E","T","R","E","?","M","?","R","B"],"character_chosen":"IRONCLAD","items_purchased":["Fire Breathing","Iron Wave","Power Through"],"campfire_rested":3,"item_purchase_floors":[7,7,20],"current_hp_per_floor":[58,58,44,26,26,47,47,32,32,19,25,20,22,22,43,16,72,60,60,60,59,59,60,60,50,50,50,39,34,15,15,41,0,0],"gold":217,"neow_bonus":"TRANSFORM_TWO_CARDS","is_daily":false,"chose_seed":false,"campfire_upgraded":2,"win_rate":0.0,"timestamp":1612397761,"path_taken":["M","M","?","?","?","R","?","E","T","E","M","M","?","?","R","BOSS","M","?","$","M","?","E","R","E","T","R","E","?","M","?","R","BOSS"],"items_purchased_type":["Card","Card","Card"],"build_version":"2020-12-22","purchased_purges":1,"victory":false,"max_hp_per_floor":[72,72,72,72,72,72,72,72,72,72,72,72,72,72,72,72,72,72,72,72,72,72,74,74,76,76,76,85,85,87,87,87,87,87],"card_choices":[{"not_picked":["Shrug It Off","Twin Strike","True Grit"],"picked":"SKIP","floor":1},{"not_picked":["Armaments","Clothesline"],"picked":"Pommel Strike","floor":2},{"not_picked":["Whirlwind","Carnage"],"picked":"Wild Strike","floor":8},{"not_picked":["Intimidate","Heavy Blade","Shrug It Off"],"picked":"SKIP","floor":10},{"not_picked":["Entrench","Juggernaut","Headbutt"],"picked":"SKIP","floor":11},{"not_picked":["Entrench","Juggernaut"],"picked":"Headbutt","floor":11},{"not_picked":["Reckless Charge","Shrug It Off"],"picked":"Infernal Blade","floor":12},{"not_picked":["Infernal Blade","Seeing Red"],"picked":"Wild Strike","floor":13},{"not_picked":["Demon Form","Bludgeon"],"picked":"Fiend Fire","floor":16},{"not_picked":["Clothesline+1"],"picked":"SKIP","floor":18},{"not_picked":["Sword Boomerang"],"picked":"SKIP","floor":21},{"not_picked":["Armaments"],"picked":"Singing Bowl","floor":23},{"not_picked":["Barricade"],"picked":"Singing Bowl","floor":25},{"not_picked":["Sword Boomerang"],"picked":"Singing Bowl","floor":28},{"not_picked":["Sever Soul"],"picked":"Singing Bowl","floor":30}],"player_experience":327903,"relics_obtained":[{"floor":8,"key":"WingedGreaves"},{"floor":9,"key":"Mercury Hourglass"},{"floor":10,"key":"Potion Belt"},{"floor":23,"key":"Singing Bowl"},{"floor":25,"key":"Sundial"},{"floor":26,"key":"TungstenRod"},{"floor":28,"key":"Strawberry"}],"event_choices":[{"damage_healed":0,"gold_gain":0,"player_choice":"Entered Light","damage_taken":14,"max_hp_gain":0,"max_hp_loss":0,"event_name":"Shining Light","floor":3,"gold_loss":0,"cards_upgraded":["Strike_R","Pommel Strike"]},{"damage_healed":0,"gold_gain":0,"player_choice":"Success","damage_taken":18,"relics_obtained":["Pen Nib"],"max_hp_gain":0,"max_hp_loss":0,"event_name":"Scrap Ooze","floor":4,"gold_loss":0},{"damage_healed":0,"gold_gain":0,"player_choice":"Ignored","damage_taken":0,"max_hp_gain":0,"max_hp_loss":0,"event_name":"Liars Game","floor":5,"gold_loss":0},{"damage_healed":0,"gold_gain":0,"player_choice":"Bought 0 Potions","damage_taken":0,"max_hp_gain":0,"max_hp_loss":0,"event_name":"The Woman in Blue","floor":14,"gold_loss":0},{"cards_removed":["Strike_R"],"damage_healed":0,"gold_gain":0,"player_choice":"Elegance","damage_taken":0,"max_hp_gain":0,"max_hp_loss":0,"event_name":"Back to Basics","floor":19,"gold_loss":0},{"damage_healed":0,"gold_gain":0,"player_choice":"Opened","damage_taken":0,"relics_obtained":["Vajra"],"max_hp_gain":0,"max_hp_loss":0,"event_name":"The Mausoleum","floor":22,"gold_loss":0},{"damage_healed":0,"gold_gain":0,"player_choice":"Fight","damage_taken":0,"max_hp_gain":0,"max_hp_loss":0,"event_name":"Colosseum","floor":29,"gold_loss":0},{"damage_healed":0,"gold_gain":0,"player_choice":"Fled From Nobs","damage_taken":0,"max_hp_gain":0,"max_hp_loss":0,"event_name":"Colosseum","floor":29,"gold_loss":0},{"damage_healed":0,"gold_gain":0,"player_choice":"2 cards matched","damage_taken":0,"max_hp_gain":0,"max_hp_loss":0,"event_name":"Match and Keep!","floor":31,"gold_loss":0,"cards_obtained":["Bash","Purity"]}],"is_beta":false,"boss_relics":[{"not_picked":["Velvet Choker","Runic Cube"],"picked":"Busted Crown"}],"items_purged_floors":[20],"is_endless":false,"potions_floor_spawned":[1,11,13,18,28,30],"killed_by":"Collector","ascension_level":2}}