{"host":"4ih4fq53sefgqhvb","time":1612434320,"event":{"mods":["AchievementEnabler","Aspiration","Bard","BaseMod","BetterRewards","Colored Map","Colored Powertips","Conspire","Downfall","Googly Eyes","Hermit","Highlight Path","Hubris","Infinite Spire","Jedi Mod","Jorbs\u0027s Wanderer Trilogy","Marisa????????","Mimic Mod","Minty Spire (QoL Compilation)","Quick Restart","Relic Stats","Replay The Spire","Shop Mod","StSLib","The Animator","The Cursed","The Disciple","The Jungle","The Runesmith","The Servant 0.9.4"],"gold_per_floor":[349,361,361,361,130,167,193,223,240,265,1,1,12,86,103,205,205,5,16,31,31,31,16,47,47,63,76,187,187,187,287,187,205,222,324,324,324,338,338,338,338,354,373,373,409,409,509,529,547,9,9,23,42,42,42,67,9,9,9,9],"floor_reached":61,"language":"ENG","playtime":5408,"items_purged":["downfall:Malfunctioning","Normality","Looming Evil","Amnesia","hubris:Lust"],"score":1299,"play_id":"916dc482-27f2-44e9-8912-adb9e2e0c205","local_time":"20210204022520","is_ascension_mode":false,"campfire_choices":[{"floor":1,"key":"RECALL"},{"floor":12,"key":"REST"},{"data":"champ:Taunt","floor":18,"key":"SMITH"},{"floor":32,"key":"REST"},{"data":"champ:PerfectedStrike","floor":37,"key":"SMITH"},{"floor":51,"key":"REST"},{"floor":58,"key":"REST"}],"circlet_count":0,"master_deck":["champ:Strike","champ:Strike","champ:Strike","champ:Strike","champ:Defend","champ:Defend","champ:Defend","champ:Defend","champ:Execute","champ:Taunt+1","champ:RageSigil","champ:PreciseThrust","champ:SwordSigil","champ:ArenaPreparation","champ:Haymaker","champ:BladeFlurry","champ:StanceDance","champ:MurderStrike","champ:GladiatorStyle","Replay:SS_hec_1","champ:BladeFlurry","champ:ShieldWall","champ:TripleStrike","champ:Haymaker","champ:PerfectedStrike+1","champ:Haymaker","champ:StanceDance","champ:RapidStrikes","champ:GladiatorStyle+1","champ:Devastate","champ:ShieldWall+1","champ:Circumvent","champ:ShieldSigil","champ:VampiricStrike","hubris:Wrath","champ:Parry","champ:FancyFootwork","Replay:Fractal Strike","infinitespire:Punishment","champ:EnGarde","champ:ShieldThrow","champ:SwordSigil","champ:RapidStrikes+1","champ:UltimateStance","champ:UltimateStance","champ:Duel","champ:BladeFlurry","champ:EnGarde","expansioncontent:Chronoboost+1","champ:TripleStrike","champ:Endure","champ:FlashCut+1","champ:StanceDance"],"relics":["champ:ChampionCrown","hubris:TenFootPole","hexamod:CandleOfCauterizing","MerchantsRug","Mummified Hand","aspiration:RunicSpoon","downfall:HeartBlessingBlue","downfall:HeartBlessingRed","hubris:Towel","infinitespire:CheckeredPen","champ:FightingForDummies","Bronze Scales","downfall:GremlinWheel","downfall:HeartBlessingGreen","Akabeko","conspire:BottledYoYo","Dead Branch","jedi:heavyjacket","conspire:RoyalGoblet","conspire:Dentures","Counterbalance","downfall:ExtraCursedKey","Bottled Tornado"],"acts_visited":["Exordium","TheCity","TheBeyond","TheEnding"],"potions_floor_usage":[10,15,16,20,28,33,33,35,56,59,59],"damage_taken":[{"damage":11,"enemies":"2 Louse","floor":2,"turns":3},{"damage":20,"enemies":"downfall:FleeingMerchant","floor":5,"turns":4},{"damage":38,"enemies":"Jaw Worm","floor":6,"turns":6},{"damage":44,"enemies":"Jaw Worm","floor":8,"turns":5},{"damage":3,"enemies":"Jaw Worm","floor":9,"turns":3},{"damage":64,"enemies":"Lagavulin","floor":10,"turns":8},{"damage":0,"enemies":"downfall:FleeingMerchant","floor":11,"turns":4},{"damage":10,"enemies":"Small Slimes","floor":13,"turns":2},{"damage":14,"enemies":"Exordium Wildlife","floor":15,"turns":3},{"damage":11,"enemies":"WA_ARCHETYPE_RETAIN","floor":16,"turns":7},{"damage":10,"enemies":"Spheric Guardian","floor":19,"turns":5},{"damage":35,"enemies":"Cultist and Chosen","floor":20,"turns":5},{"damage":50,"enemies":"downfall:FleeingMerchant","floor":23,"turns":4},{"damage":14,"enemies":"Centurion and Healer","floor":24,"turns":4},{"damage":20,"enemies":"Centurion and Healer","floor":26,"turns":5},{"damage":20,"enemies":"Snake Plant","floor":27,"turns":4},{"damage":24,"enemies":"downfall:FleeingMerchant","floor":28,"turns":3},{"damage":57,"enemies":"downfall:FleeingMerchant","floor":31,"turns":4},{"damage":30,"enemies":"Cultist and Chosen","floor":33,"turns":4},{"damage":12,"enemies":"3 Cultists","floor":34,"turns":5},{"damage":30,"enemies":"IC_MUSHROOM_ARCHETYPE","floor":35,"turns":7},{"damage":34,"enemies":"3 Darklings","floor":38,"turns":4},{"damage":4,"enemies":"3 Shapes","floor":42,"turns":3},{"damage":0,"enemies":"Sphere and 2 Shapes","floor":43,"turns":5},{"damage":24,"enemies":"3 Darklings","floor":45,"turns":4},{"damage":0,"enemies":"3 Darklings","floor":48,"turns":3},{"damage":3,"enemies":"4 Shapes","floor":49,"turns":4},{"damage":60,"enemies":"Jaw Worm Horde","floor":52,"turns":4},{"damage":13,"enemies":"3 Darklings","floor":53,"turns":4},{"damage":17,"enemies":"SI_POISON_ARCHETYPE","floor":54,"turns":7},{"damage":111,"enemies":"downfall:CharBossMerchant","floor":56,"turns":9},{"damage":24,"enemies":"downfall:NeowBoss","floor":59,"turns":14},{"damage":1,"enemies":"downfall:NeowBossFinal","floor":60,"turns":10}],"seed_played":"8470569302170178979","potions_obtained":[{"floor":9,"key":"SpeedPotion"},{"floor":13,"key":"hexamod:SoulburnPotion"},{"floor":15,"key":"Swift Potion"},{"floor":16,"key":"Elixir"},{"floor":19,"key":"AttackPotion"},{"floor":26,"key":"Death Potion"},{"floor":31,"key":"Flashbang"},{"floor":34,"key":"Strength Potion"},{"floor":49,"key":"FearPotion"},{"floor":56,"key":"DuplicationPotion"}],"is_trial":false,"path_per_floor":["R","M","?","?","$","MIM","T","MIM","M","E","$","R","M","T","M","B",null,"R","M","M","?","?","$","MIM","?","M","M","$","PTL","PTL","?","R","M","M","B",null,"R_BF","M","?","PTL","PTL","M","M","AVR","MIM","?","?","M","M","$","R","M","M","B",null,"E","$","R","B","B",null],"character_chosen":"THE_CHAMP","items_purchased":["champ:SwordSigil","hubris:TenFootPole","MerchantsRug","champ:GladiatorStyle","Replay:SS_hec_1","Bronze Scales","champ:ShieldWall+1","champ:UltimateStance","champ:Duel","champ:BladeFlurry","champ:EnGarde","expansioncontent:Chronoboost","infinitespire:BlackPotion","champ:StanceDance"],"campfire_rested":4,"item_purchase_floors":[5,5,11,11,11,28,28,50,50,50,50,50,57,57],"current_hp_per_floor":[63,62,59,64,64,51,58,54,51,2,2,32,32,32,28,17,102,112,102,112,112,112,102,108,108,108,88,64,64,64,37,70,60,48,18,112,112,88,88,88,88,84,84,84,80,80,85,85,82,82,117,112,109,117,117,6,6,41,57,56],"gold":9,"neow_bonus":"TWO_FIFTY_GOLD","is_daily":false,"chose_seed":false,"campfire_upgraded":2,"win_rate":0.0,"timestamp":1612434320,"path_taken":["R","M","?","?","$","?","T","?","M","E","$","R","M","?","M","BOSS","R","M","M","?","?","?","MIM","?","?","M","$","PTL","PTL","?","R","?","M","BOSS","R_BF","M","?","PTL","PTL","?","M","AVR","MIM","?","?","M","M","$","R","M","M","BOSS","E","$","R","BOSS","BOSS"],"items_purchased_type":["Card","Relic","Relic","Card","Card","Relic","Card","Card","Card","Card","Card","Card","Potion","Card"],"build_version":"2020-12-22","purchased_purges":5,"victory":true,"max_hp_per_floor":[90,90,90,95,95,95,102,102,102,102,102,102,102,102,102,102,102,112,112,112,112,112,112,112,112,112,112,112,112,112,112,112,112,112,112,112,112,112,112,112,112,112,112,112,112,112,117,117,117,117,117,117,117,117,117,117,117,117,117,117],"relic_stats":{"counters":[33,166],"Mummified Hand":[95],"aspiration:RunicSpoon":[158],"Bronze Scales":[186],"Dead Branch":[52],"obtain_stats":[{"conspire:RoyalGoblet":44,"champ:ChampionCrown":0,"downfall:HeartBlessingGreen":32,"Replay:Mystery Machine":51,"Bottled Tornado":56,"conspire:InfiniteJournal":45,"downfall:GremlinWheel":31,"Mummified Hand":14,"downfall:HeartBlessingBlue":18,"Strawberry":7,"jedi:cryingmask":8,"downfall:ExtraCursedKey":47,"champ:FightingForDummies":25,"conspire:Dentures":44,"MerchantsRug":11,"jedi:command_uncommon":39,"hexamod:CandleOfCauterizing":10,"downfall:HeartBlessingRed":18,"aspiration:RunicSpoon":17,"Dead Branch":36,"Counterbalance":45,"Replay:Ancient Bell":36,"infinitespire:CheckeredPen":24,"hubris:Towel":22,"Frozen Egg 2":24,"Akabeko":36,"jedi:heavyjacket":39,"Bronze Scales":28,"hubris:TenFootPole":5,"conspire:BottledYoYo":36,"infinitespire:PuzzleCube":3},{"conspire:RoyalGoblet":24,"champ:ChampionCrown":0,"downfall:HeartBlessingGreen":18,"Replay:Mystery Machine":27,"Bottled Tornado":31,"conspire:InfiniteJournal":25,"downfall:GremlinWheel":18,"Mummified Hand":8,"downfall:HeartBlessingBlue":10,"Strawberry":3,"jedi:cryingmask":4,"downfall:ExtraCursedKey":25,"champ:FightingForDummies":14,"conspire:Dentures":24,"MerchantsRug":7,"jedi:command_uncommon":22,"hexamod:CandleOfCauterizing":6,"downfall:HeartBlessingRed":10,"aspiration:RunicSpoon":10,"Dead Branch":21,"Counterbalance":25,"Replay:Ancient Bell":21,"infinitespire:CheckeredPen":14,"hubris:Towel":12,"Frozen Egg 2":14,"Akabeko":21,"jedi:heavyjacket":22,"Bronze Scales":17,"hubris:TenFootPole":2,"conspire:BottledYoYo":21,"infinitespire:PuzzleCube":1},{"conspire:RoyalGoblet":107,"champ:ChampionCrown":0,"downfall:HeartBlessingGreen":79,"Replay:Mystery Machine":118,"Bottled Tornado":142,"conspire:InfiniteJournal":111,"downfall:GremlinWheel":79,"Mummified Hand":35,"downfall:HeartBlessingBlue":45,"Strawberry":13,"jedi:cryingmask":18,"downfall:ExtraCursedKey":111,"champ:FightingForDummies":63,"conspire:Dentures":107,"MerchantsRug":33,"jedi:command_uncommon":99,"hexamod:CandleOfCauterizing":29,"downfall:HeartBlessingRed":45,"aspiration:RunicSpoon":45,"Dead Branch":95,"Counterbalance":111,"Replay:Ancient Bell":95,"infinitespire:CheckeredPen":63,"hubris:Towel":55,"Frozen Egg 2":63,"Akabeko":95,"jedi:heavyjacket":99,"Bronze Scales":75,"hubris:TenFootPole":7,"conspire:BottledYoYo":95,"infinitespire:PuzzleCube":3}]},"card_choices":[{"not_picked":["champ:BerserkersShout","champ:DefensiveShout"],"picked":"champ:RageSigil","floor":2},{"not_picked":["champ:BladeFlurry","champ:PreemptiveStrike"],"picked":"champ:PreciseThrust","floor":5},{"not_picked":["champ:PerfectedStrike","champ:TornadoPunch"],"picked":"champ:ArenaPreparation","floor":6},{"not_picked":["champ:TornadoPunch","champ:HeavySlash"],"picked":"champ:Haymaker","floor":8},{"not_picked":["champ:TornadoPunch","champ:ArenaPreparation"],"picked":"champ:BladeFlurry","floor":9},{"not_picked":["champ:Parry","champ:DefensiveShout"],"picked":"champ:StanceDance","floor":10},{"not_picked":["champ:Backstep","champ:ViciousMockery"],"picked":"champ:MurderStrike","floor":11},{"not_picked":["champ:DefensiveShout","champ:BringItOn"],"picked":"champ:BladeFlurry","floor":13},{"not_picked":["champ:DefensiveShout","champ:Encircle"],"picked":"champ:ShieldWall","floor":15},{"not_picked":["champ:EnchantSword","champ:MurderStrike"],"picked":"champ:TripleStrike","floor":16},{"not_picked":["champ:PreemptiveStrike","champ:HeartStrike"],"picked":"champ:Haymaker","floor":19},{"not_picked":["champ:DefensiveShout","champ:AdrenalArmor"],"picked":"champ:PerfectedStrike","floor":20},{"not_picked":["champ:BringItOn","champ:FlashCut"],"picked":"champ:Haymaker","floor":23},{"not_picked":["champ:TornadoPunch","champ:RisingSlash+1"],"picked":"champ:StanceDance","floor":24},{"not_picked":["champ:GutPunch","champ:SkillfulDodge+1"],"picked":"champ:RapidStrikes","floor":26},{"not_picked":["champ:Haymaker","champ:TornadoPunch"],"picked":"champ:GladiatorStyle+1","floor":27},{"not_picked":["champ:DeathBlow+1","champ:ShieldSlam+1"],"picked":"champ:Devastate","floor":28},{"not_picked":["champ:RageSigil","champ:FaceSlap"],"picked":"champ:Circumvent","floor":33},{"not_picked":["champ:FalseCounter+1","champ:BerserkerStyle+1"],"picked":"champ:ShieldSigil","floor":34},{"not_picked":["champ:EnchantSword","champ:LastStand+1"],"picked":"champ:VampiricStrike","floor":35},{"not_picked":["conspire:Blindness","Looming Evil"],"picked":"downfall:Malfunctioning","floor":36},{"not_picked":["downfall:Haunted","downfall:Bewildered"],"picked":"Amnesia","floor":36},{"not_picked":["Spreading Infection","Replay:Hysterical Blindness"],"picked":"hubris:Wrath","floor":36},{"not_picked":["champ:BladeFlurry","champ:SetATrap"],"picked":"champ:Parry","floor":38},{"not_picked":["champ:AdrenalArmor","champ:ArenaPreparation"],"picked":"champ:FancyFootwork","floor":42},{"not_picked":["champ:DefensiveShout","champ:FaceSlap"],"picked":"champ:Circumvent","floor":43},{"not_picked":["champ:TornadoPunch+1","champ:ArenaPreparation"],"picked":"champ:EnGarde","floor":45},{"not_picked":["champ:BerserkerStyle+1","champ:ShieldSigil+1"],"picked":"champ:SwordSigil","floor":48},{"not_picked":["champ:PerfectedStrike+1","champ:SetATrap"],"picked":"champ:RapidStrikes+1","floor":49},{"not_picked":["champ:Encircle","champ:FaceSlap+1"],"picked":"champ:TripleStrike","floor":52},{"not_picked":["champ:PerfectedStrike","champ:TornadoPunch"],"picked":"champ:Endure","floor":53},{"not_picked":["champ:CrownThrow","champ:PreciseThrust+1"],"picked":"champ:FlashCut+1","floor":56}],"player_experience":979615,"relics_obtained":[{"floor":7,"key":"Strawberry"},{"floor":8,"key":"jedi:cryingmask"},{"floor":10,"key":"hexamod:CandleOfCauterizing"},{"floor":14,"key":"Mummified Hand"},{"floor":24,"key":"infinitespire:CheckeredPen"},{"floor":24,"key":"Frozen Egg 2"},{"floor":31,"key":"downfall:GremlinWheel"},{"floor":45,"key":"Counterbalance"},{"floor":45,"key":"conspire:InfiniteJournal"},{"floor":51,"key":"Replay:Mystery Machine"},{"floor":56,"key":"Bottled Tornado"}],"event_choices":[{"damage_healed":0,"gold_gain":0,"player_choice":"Success","damage_taken":3,"relics_obtained":["infinitespire:PuzzleCube"],"max_hp_gain":0,"max_hp_loss":0,"event_name":"Scrap Ooze","floor":3,"gold_loss":0},{"damage_healed":0,"gold_gain":0,"player_choice":"Donut","damage_taken":0,"max_hp_gain":5,"max_hp_loss":0,"event_name":"Big Fish","floor":4,"gold_loss":0},{"cards_removed":["champ:Circumvent"],"damage_healed":0,"gold_gain":0,"player_choice":"Removed Skill","damage_taken":0,"max_hp_gain":0,"max_hp_loss":0,"event_name":"Falling","floor":46,"gold_loss":0},{"damage_healed":0,"gold_gain":0,"player_choice":"Relic","damage_taken":0,"max_hp_gain":0,"max_hp_loss":0,"event_name":"Wheel of Change","floor":51,"gold_loss":0}],"is_beta":false,"boss_relics":[{"not_picked":["Ring of Chaos","Kintsugi"],"picked":"aspiration:RunicSpoon"},{"not_picked":["hubris:CrackedHourglass","hubris:BlackHole"],"picked":"Replay:Ancient Bell"},{"not_picked":["War Paint","infinitespire:Satchel"],"picked":"Akabeko"},{"not_picked":["infinitespire:Midas Blood","Mirror"],"picked":"conspire:BottledYoYo"},{"not_picked":["infinitespire:CursedDice","infinitespire:Joker Card"],"picked":"Dead Branch"}],"items_purged_floors":[44,50,50,57,57],"is_endless":false,"potions_floor_spawned":[9,13,15,16,19,26,31,34,49,56],"ascension_level":0}}