{"host":"zsnmfqgcm92hlreo","time":1612479546,"event":{"mods":["AchievementEnabler","BaseMod","Bestiary","Block Reminder","Colored Map","Colored Powertips","Minty Spire (QoL Compilation)","Permanent Neow","Quick Restart","Relic Stats","StSLib","Weighted Paths"],"gold_per_floor":[117,117,198,198,11,11,29,29,101,64,82,103,103,63,63,63,63],"floor_reached":16,"language":"ENG","playtime":467,"items_purged":[],"score":196,"play_id":"2bc55a34-2584-4a00-ada0-0a7573502fd6","local_time":"20210204165906","is_ascension_mode":true,"campfire_choices":[{"data":"Sunder","floor":15,"key":"SMITH"}],"circlet_count":0,"master_deck":["AscendersBane","Strike_B","Strike_B","Strike_B","Strike_B","Defend_B","Defend_B","Defend_B","Zap","Dualcast","CurseOfTheBell","Reinforced Body","Loop+1","Auto Shields","Self Repair+1","Redo","Glacier","Sunder+1"],"relics":["Calling Bell","Tiny Chest","Frozen Egg 2","Unceasing Top","Golden Idol","Darkstone Periapt","Membership Card","Blue Candle","Mercury Hourglass"],"acts_visited":["Exordium"],"potions_floor_usage":[6],"damage_taken":[{"damage":12,"enemies":"Cultist","floor":1,"turns":4},{"damage":0,"enemies":"Gremlin Nob","floor":6,"turns":2},{"damage":4,"enemies":"Jaw Worm","floor":7,"turns":6},{"damage":3,"enemies":"Small Slimes","floor":11,"turns":4},{"damage":9,"enemies":"3 Louse","floor":12,"turns":5},{"damage":6,"enemies":"Looter","floor":14,"turns":4},{"damage":56,"enemies":"Hexaghost","floor":16,"turns":11}],"seed_played":"-3939596463503022134","potions_obtained":[{"floor":1,"key":"SmokeBomb"}],"is_trial":false,"path_per_floor":["M","?","T","?","$","E","M","T","T","$","M","M","?","M","R","B"],"character_chosen":"DEFECT","items_purchased":["Membership Card","Loop+1","Self Repair+1"],"campfire_rested":0,"item_purchase_floors":[5,5,10],"current_hp_per_floor":[52,52,52,52,52,52,48,48,48,48,55,56,49,53,53,0,0],"gold":63,"neow_bonus":"BOSS_RELIC","is_daily":false,"chose_seed":false,"campfire_upgraded":1,"win_rate":0.0,"timestamp":1612479546,"path_taken":["M","?","?","?","$","E","M","?","T","?","M","M","?","M","R","BOSS"],"items_purchased_type":["Relic","Card","Card"],"build_version":"2020-12-22","purchased_purges":0,"victory":false,"max_hp_per_floor":[71,64,64,64,64,64,64,64,64,64,64,64,64,64,64,64,64],"relic_stats":{"Darkstone Periapt":0,"counters":[7,35],"Golden Idol":19,"Blue Candle":[0],"Tiny Chest":1,"obtain_stats":[{"Calling Bell":0,"Darkstone Periapt":3,"Golden Idol":2,"Blue Candle":8,"Tiny Chest":0,"Membership Card":5,"Frozen Egg 2":0,"Cracked Core":0,"Unceasing Top":0,"Mercury Hourglass":9},{"Calling Bell":0,"Darkstone Periapt":1,"Golden Idol":1,"Blue Candle":3,"Tiny Chest":0,"Membership Card":1,"Frozen Egg 2":0,"Cracked Core":0,"Unceasing Top":0,"Mercury Hourglass":3},{"Calling Bell":0,"Darkstone Periapt":4,"Golden Idol":4,"Blue Candle":12,"Tiny Chest":0,"Membership Card":4,"Frozen Egg 2":0,"Cracked Core":0,"Unceasing Top":0,"Mercury Hourglass":12}],"Unceasing Top":[0],"Mercury Hourglass":[90]},"card_choices":[{"not_picked":["Reprogram","Turbo"],"picked":"Reinforced Body","floor":1},{"not_picked":["Turbo","Conserve Battery"],"picked":"Auto Shields","floor":7},{"not_picked":["Reprogram","Hologram"],"picked":"Redo","floor":11},{"not_picked":["Coolheaded","Rebound"],"picked":"Glacier","floor":12},{"not_picked":["Go for the Eyes","Lockon"],"picked":"Sunder","floor":14}],"player_experience":1018490,"relics_obtained":[{"floor":0,"key":"Tiny Chest"},{"floor":0,"key":"Frozen Egg 2"},{"floor":0,"key":"Unceasing Top"},{"floor":3,"key":"Darkstone Periapt"},{"floor":8,"key":"Blue Candle"},{"floor":9,"key":"Mercury Hourglass"}],"event_choices":[{"damage_healed":0,"gold_gain":0,"player_choice":"Lose Max HP","damage_taken":0,"relics_obtained":["Golden Idol"],"max_hp_gain":0,"max_hp_loss":7,"event_name":"Golden Idol","floor":2,"gold_loss":0},{"damage_healed":0,"gold_gain":0,"player_choice":"Ignored","damage_taken":0,"max_hp_gain":0,"max_hp_loss":0,"event_name":"Shining Light","floor":4,"gold_loss":0},{"cards_removed":["Defend_B"],"damage_healed":0,"gold_gain":0,"player_choice":"Card Removal","damage_taken":7,"max_hp_gain":0,"max_hp_loss":0,"event_name":"Golden Wing","floor":13,"gold_loss":0}],"is_beta":false,"boss_relics":[],"items_purged_floors":[],"is_endless":false,"potions_floor_spawned":[1],"killed_by":"Hexaghost","ascension_level":20}}