{"host":"y7b1p9nkx4idorr2","time":1612449214,"event":{"mods":["AchievementEnabler","Act Like it!","BaseMod","Colored Map","Downfall","GifTheSpireLib","Googly Eyes","Highlight Path","Mimic Mod","Minty Spire (QoL Compilation)","Shop Mod","Spicy Shops","StSLib","Unceasing Turn Reminder"],"gold_per_floor":[99,99,99,21,21,32,32,52,82,82,15,35,210,245,269,384,396,208,239,270,282,4,4,28,28,57,54,54,54,54,67,86,188,188,88,108,108,127,177,34,106,106,206,225,244,277,277,288,307,307,307,307,307,307],"floor_reached":52,"language":"ENG","playtime":2829,"items_purged":["Pride"],"score":846,"play_id":"50272a12-e3ea-447f-ab69-f0ff2dda3b12","local_time":"20210204083334","is_ascension_mode":true,"campfire_choices":[{"floor":1,"key":"RECALL"},{"data":"bronze:ChosenStrike","floor":10,"key":"SMITH"},{"data":"bronze:Repulsor","floor":18,"key":"SMITH"},{"data":"bronze:Boost","floor":23,"key":"SMITH"},{"data":"bronze:Verify","floor":30,"key":"SMITH"},{"data":"bronze:BuggyMess","floor":35,"key":"SMITH"},{"data":"bronze:Boost","floor":42,"key":"SMITH"},{"floor":47,"key":"REST"}],"circlet_count":0,"master_deck":["bronze:Strike","bronze:Strike","bronze:Strike","bronze:Defend","bronze:Defend","bronze:Defend","bronze:Defend","bronze:Replicate","bronze:Goto","bronze:Iterate","bronze:ChosenStrike+1","bronze:Repulsor+1","bronze:GetLatest","bronze:FineTuning","bronze:BronzeOrb","bronze:Boost+1","bronze:Shell","bronze:Iterate","bronze:Boost+1","bronze:FineTuning","bronze:FollowUp","bronze:Format","bronze:ClassDefault","bronze:ItsAFeature","bronze:ItsAFeature","bronze:Invalidate+1","bronze:Overheat","bronze:Verify+1","bronze:BuggyMess+1","bronze:DelayedGuard+1","bronze:Refactor","bronze:InfiniteLoop","bronze:BuggyMess+1","bronze:BugBarrage+1","Decay","bronze:Optimize","bronze:ForceShield","bronze:BronzeArmor+1","bronze:FineTuning","bronze:Repulsor","bronze:BugBarrage+1"],"relics":["bronze:BronzeCore","downfall:HeartsMalice","Lizard Tail","Omamori","MawBank","Cursed Key","downfall:HeartBlessingRed","downfall:HeartBlessingGreen","bronze:CableSpool","Lantern","Ginger","SlaversCollar","downfall:HeartBlessingBlue","bronze:BottledCode","Unceasing Top","Oddly Smooth Stone","Pantograph","Potion Belt","Kunai"],"acts_visited":["Exordium","TheCity","TheBeyond","TheEnding"],"potions_floor_usage":[11,14,16,16,26,27,33,36,36,43,43,45,49],"damage_taken":[{"damage":0,"enemies":"Jaw Worm","floor":2,"turns":1},{"damage":0,"enemies":"downfall:FleeingMerchant","floor":4,"turns":1},{"damage":0,"enemies":"Cultist","floor":5,"turns":1},{"damage":0,"enemies":"Small Slimes","floor":6,"turns":2},{"damage":7,"enemies":"Blue Slaver","floor":8,"turns":3},{"damage":28,"enemies":"Gremlin Nob","floor":9,"turns":4},{"damage":5,"enemies":"downfall:FleeingMerchant","floor":11,"turns":4},{"damage":9,"enemies":"3 Louse","floor":12,"turns":3},{"damage":12,"enemies":"3 Sentries","floor":14,"turns":5},{"damage":7,"enemies":"Exordium Wildlife","floor":15,"turns":4},{"damage":0,"enemies":"SI_SHIV_ARCHETYPE","floor":16,"turns":8},{"damage":0,"enemies":"3 Byrds","floor":19,"turns":4},{"damage":9,"enemies":"Snake Plant","floor":20,"turns":2},{"damage":0,"enemies":"downfall:FleeingMerchant","floor":22,"turns":4},{"damage":24,"enemies":"Book of Stabbing","floor":26,"turns":4},{"damage":0,"enemies":"downfall:FleeingMerchant","floor":27,"turns":3},{"damage":0,"enemies":"Centurion and Healer","floor":31,"turns":3},{"damage":0,"enemies":"Chosen and Byrds","floor":32,"turns":4},{"damage":3,"enemies":"WA_ARCHETYPE_CALM","floor":33,"turns":7},{"damage":22,"enemies":"3 Darklings","floor":36,"turns":3},{"damage":0,"enemies":"Orb Walker","floor":38,"turns":2},{"damage":0,"enemies":"Orb Walker","floor":39,"turns":3},{"damage":0,"enemies":"downfall:LadyInBlue","floor":43,"turns":2},{"damage":12,"enemies":"3 Darklings","floor":44,"turns":4},{"damage":8,"enemies":"Writhing Mass","floor":45,"turns":4},{"damage":20,"enemies":"Reptomancer","floor":46,"turns":4},{"damage":22,"enemies":"4 Shapes","floor":48,"turns":6},{"damage":8,"enemies":"Maw","floor":49,"turns":4},{"damage":0,"enemies":"IC_BLOCK_ARCHETYPE","floor":50,"turns":8},{"damage":111,"enemies":"downfall:CharBossMerchant","floor":52,"turns":6}],"seed_played":"1326173655254221125","potions_obtained":[{"floor":6,"key":"FearPotion"},{"floor":9,"key":"Weak Potion"},{"floor":12,"key":"champ:CounterPotion"},{"floor":15,"key":"BlessingOfTheForge"},{"floor":16,"key":"LiquidMemories"},{"floor":20,"key":"Swift Potion"},{"floor":21,"key":"CultistPotion"},{"floor":31,"key":"Block Potion"},{"floor":33,"key":"SneckoOil"},{"floor":36,"key":"Fire Potion"},{"floor":38,"key":"hexamod:SoulburnPotion"},{"floor":43,"key":"hexamod:SoulburnPotion"},{"floor":43,"key":"Weak Potion"},{"floor":43,"key":"Energy Potion"},{"floor":48,"key":"Block Potion"}],"is_trial":false,"path_per_floor":["R","M","?","$","M","M","T","M","E","R","$","M","?","E","M","B",null,"R","M","M","?","$","R","T","?","E","$","$","?","R","M","M","B",null,"R","M","?","M","?","$","T","R","?","M","M","E","R","M","M","B",null,"E"],"character_chosen":"THE_AUTOMATON","items_purchased":["bronze:Repulsor","bronze:Iterate","bronze:CableSpool","bronze:ItsAFeature","bronze:Verify","bronze:BuggyMess","Oddly Smooth Stone"],"campfire_rested":1,"item_purchase_floors":[4,11,22,22,27,27,40],"current_hp_per_floor":[70,70,70,70,70,70,70,63,35,35,30,21,21,9,2,2,70,70,70,61,61,61,61,61,61,37,37,37,37,37,37,37,34,70,80,58,58,58,58,58,58,58,58,46,38,18,39,17,9,34,70,0,0,0],"gold":307,"neow_bonus":"THREE_ENEMY_KILL","is_daily":false,"chose_seed":false,"campfire_upgraded":6,"win_rate":0.0,"timestamp":1612449214,"path_taken":["R","M","?","$","?","M","T","M","E","R","?","M","?","E","M","BOSS","R","M","M","?","$","R","T","?","E","?","$","?","R","M","M","BOSS","R","M","?","M","?","?","T","R","?","?","M","E","R","M","M","BOSS","E"],"items_purchased_type":["Card","Card","Relic","Card","Card","Card","Relic"],"build_version":"2020-12-22","purchased_purges":1,"victory":false,"max_hp_per_floor":[70,70,70,70,70,70,70,70,70,70,70,70,70,70,70,70,70,70,70,70,70,70,70,70,70,70,70,70,70,70,70,70,70,70,80,80,70,70,70,70,70,70,70,70,70,70,70,70,70,70,70,70,70,70],"card_choices":[{"not_picked":["bronze:Frontload","bronze:Shield"],"picked":"bronze:Iterate","floor":2},{"not_picked":["bronze:WhirlingStrike","bronze:DelayedSlice"],"picked":"bronze:ChosenStrike","floor":4},{"not_picked":["bronze:Optimize","bronze:Frontload"],"picked":"bronze:GetLatest","floor":5},{"not_picked":["bronze:BugBarrage","bronze:Branch"],"picked":"bronze:FineTuning","floor":6},{"not_picked":["bronze:Turbo","bronze:WhirlingStrike"],"picked":"bronze:BronzeOrb","floor":8},{"not_picked":["bronze:Break","bronze:Backtrace"],"picked":"bronze:Boost","floor":9},{"not_picked":["bronze:Turbo","bronze:WildBeam"],"picked":"bronze:Shell","floor":11},{"not_picked":["bronze:CutThrough","bronze:BitShift"],"picked":"bronze:Boost","floor":12},{"not_picked":["bronze:Break","bronze:OilSpill"],"picked":"bronze:FineTuning","floor":14},{"not_picked":["bronze:DelayedSlice","bronze:WildBeam"],"picked":"bronze:FollowUp","floor":15},{"not_picked":["bronze:CleanCode","bronze:HardenedForm"],"picked":"bronze:Format","floor":16},{"not_picked":["bronze:Turbo","bronze:DelayedGuard"],"picked":"bronze:ClassDefault","floor":19},{"not_picked":["bronze:Deprecate","bronze:BugBarrage","bronze:Separator"],"picked":"SKIP","floor":20},{"not_picked":["bronze:WildBeam","bronze:InfiniteBeams+1"],"picked":"bronze:ItsAFeature","floor":22},{"not_picked":["bronze:HardenedForm","bronze:CutThrough"],"picked":"bronze:Invalidate+1","floor":26},{"not_picked":["bronze:Constructor","bronze:Invalidate"],"picked":"bronze:Overheat","floor":27},{"not_picked":["bronze:Turbo","bronze:CutThrough"],"picked":"bronze:DelayedGuard+1","floor":31},{"not_picked":["bronze:Separator+1","bronze:FollowUp"],"picked":"bronze:Refactor","floor":32},{"not_picked":["bronze:AlphaBuild","bronze:FindAndReplace"],"picked":"bronze:InfiniteLoop","floor":33},{"not_picked":["bronze:Overheat+1","bronze:Safeguard+1"],"picked":"bronze:BuggyMess+1","floor":36},{"not_picked":["bronze:BitShift","bronze:CutThrough","bronze:Overheat"],"picked":"SKIP","floor":38},{"not_picked":["bronze:BitShift+1","bronze:Separator"],"picked":"bronze:BugBarrage+1","floor":39},{"not_picked":["bronze:GetLatest+1","bronze:FineTuning+1"],"picked":"bronze:Optimize","floor":43},{"not_picked":["bronze:CutThrough","bronze:WildBeam"],"picked":"bronze:ForceShield","floor":44},{"not_picked":["bronze:Invalidate+1","bronze:BitShift+1"],"picked":"bronze:BronzeArmor+1","floor":45},{"not_picked":["bronze:Break","bronze:Invalidate+1"],"picked":"bronze:FineTuning","floor":46},{"not_picked":["bronze:Overheat","bronze:Invalidate"],"picked":"bronze:Repulsor","floor":48},{"not_picked":["bronze:WhirlingStrike+1","bronze:Branch+1"],"picked":"bronze:BugBarrage+1","floor":49}],"player_experience":2281294,"relics_obtained":[{"floor":7,"key":"Lizard Tail"},{"floor":9,"key":"Omamori"},{"floor":14,"key":"MawBank"},{"floor":26,"key":"Ginger"},{"floor":39,"key":"Unceasing Top"},{"floor":41,"key":"Pantograph"},{"floor":43,"key":"Potion Belt"},{"floor":46,"key":"Kunai"}],"event_choices":[{"damage_healed":0,"gold_gain":0,"player_choice":"Stole Relic","damage_taken":0,"relics_obtained":["Lantern"],"max_hp_gain":0,"max_hp_loss":0,"event_name":"Addict","floor":25,"gold_loss":0,"cards_obtained":["Pride"]}],"is_beta":false,"boss_relics":[{"not_picked":["Tiny House","expansioncontent:StudyCardRelic"],"picked":"Cursed Key"},{"not_picked":["Black Star","Busted Crown"],"picked":"SlaversCollar"}],"items_purged_floors":[27],"is_endless":false,"potions_floor_spawned":[6,9,12,15,16,20,31,33,36,38,48],"killed_by":"downfall:CharBossMerchant","ascension_level":1}}