{"host":"5rnxi6rhaam60akk","time":1612406957,"event":{"mods":["2.2 Compatiblity","AchievementEnabler","Act Like it!","BaseMod","BetterRewards","CapriCore","Card Forge","Colored Map","Colored Powertips","Custom Start","Downfall","Friendly Minions","Googly Eyes","Hermit","Minty Spire (QoL Compilation)","Relic Sorter","Shop Mod","StSLib","The Hierophant","everything is the same but u backflip on backflip"],"gold_per_floor":[99,99,113,288,307,324,324,324,344,356,374,73,91,123,143,242,242,242,254,279,293,293,311,334,12,12,35,64,105,117,149,200,212,212,212],"floor_reached":33,"language":"ENG","playtime":3031,"items_purged":["Doubt","Slimebound:Strike_Slimebound"],"score":273,"play_id":"c985f496-eb8f-4637-aa4c-9e73d8333261","local_time":"20210203204917","is_ascension_mode":false,"campfire_choices":[{"data":"Slimebound:Split","floor":1,"key":"SMITH"},{"data":"Slimebound:ItLooksTasty","floor":8,"key":"SMITH"},{"floor":18,"key":"RECALL"},{"floor":30,"key":"REST"}],"circlet_count":0,"master_deck":["Slimebound:Strike_Slimebound","Slimebound:Strike_Slimebound","Slimebound:Tackle","Slimebound:Defend_Slimebound","Slimebound:Defend_Slimebound","Slimebound:Defend_Slimebound","Slimebound:Defend_Slimebound","Slimebound:Split+1","Slimebound:CorrosiveSpit","Slimebound:ItLooksTasty+1","Slimebound:PressTheAttack","Slimebound:Repurpose","Slimebound:AcidTongue","Slimebound:GoopSpray","Slimebound:LeadByExample","Slimebound:GoopSpray","expansioncontent:QuickStudy","Slimebound:Schlurp","Slimebound:LevelUp","Slimebound:MinionMaster","Slimebound:LeechingTouch+1","Slimebound:LevelUp+1","Slimebound:SplitMire","Slimebound:RollThrough+1","downfall:Bewildered","Slimebound:BestDefense+1","Slimebound:LevelUp+1"],"relics":["Slimebound:AbsorbEndCombatUpgraded","Hammer of Thor","Seething Fire","Anvil of the Gods","Sundial","Orichalcum","downfall:KnowingSkull","Akabeko","Mummified Hand","sneckomod:BabySnecko","MawBank","Pantograph"],"acts_visited":["Exordium","TheCity"],"potions_floor_usage":[16,16,25,28,29,29],"damage_taken":[{"damage":12,"enemies":"Small Slimes","floor":3,"turns":4},{"damage":9,"enemies":"Jaw Worm","floor":5,"turns":4},{"damage":8,"enemies":"Cultist","floor":6,"turns":4},{"damage":7,"enemies":"Blue Slaver","floor":9,"turns":4},{"damage":19,"enemies":"Exordium Thugs","floor":10,"turns":6},{"damage":0,"enemies":"3 Louse","floor":11,"turns":2},{"damage":3,"enemies":"downfall:FleeingMerchant","floor":12,"turns":4},{"damage":0,"enemies":"Blue Slaver","floor":13,"turns":2},{"damage":1,"enemies":"Gremlin Nob","floor":14,"turns":3},{"damage":6,"enemies":"Exordium Wildlife","floor":15,"turns":3},{"damage":45,"enemies":"WA_ARCHETYPE_RETAIN","floor":16,"turns":9},{"damage":17,"enemies":"Chosen","floor":19,"turns":5},{"damage":22,"enemies":"Centurion and Healer","floor":21,"turns":6},{"damage":12,"enemies":"3 Cultists","floor":23,"turns":5},{"damage":3,"enemies":"downfall:FleeingMerchant","floor":25,"turns":4},{"damage":4,"enemies":"Shelled Parasite and Fungi","floor":28,"turns":3},{"damage":47,"enemies":"Slavers","floor":29,"turns":3},{"damage":7,"enemies":"Chosen and Byrds","floor":31,"turns":4},{"damage":22,"enemies":"Snake Plant","floor":32,"turns":4},{"damage":66,"enemies":"SI_MIRROR_ARCHETYPE","floor":33,"turns":8}],"seed_played":"1899147292544675720","potions_obtained":[{"floor":5,"key":"champ:CounterPotion"},{"floor":11,"key":"Energy Potion"},{"floor":13,"key":"BlessingOfTheForge"},{"floor":21,"key":"Block Potion"},{"floor":23,"key":"Explosive Potion"},{"floor":28,"key":"Explosive Potion"},{"floor":29,"key":"SmokeBomb"},{"floor":32,"key":"EssenceOfSteel"}],"is_trial":false,"path_per_floor":["R","?","M","?","M","M","T","R","M","M","M","$","M","E","M","B",null,"R","M","T","M","?","M","T","$","?","T","M","E","R","M","M","B"],"character_chosen":"SLIMEBOUND","items_purchased":["expansioncontent:QuickStudy","Slimebound:Schlurp","Mummified Hand"],"campfire_rested":1,"item_purchase_floors":[12,12,25],"current_hp_per_floor":[71,76,68,68,67,61,61,61,56,41,47,52,54,57,55,18,76,76,63,63,50,44,47,47,47,47,47,55,14,36,41,22,0,0,0],"gold":212,"neow_bonus":"TEN_PERCENT_HP_BONUS","is_daily":false,"chose_seed":false,"campfire_upgraded":2,"win_rate":0.0,"timestamp":1612406957,"path_taken":["R","?","M","?","?","M","T","R","M","M","M","$","M","E","M","BOSS","R","M","?","M","?","?","T","$","?","?","M","E","R","?","M","BOSS"],"items_purchased_type":["Card","Card","Relic"],"build_version":"2020-12-22","purchased_purges":2,"victory":false,"max_hp_per_floor":[71,76,76,76,76,76,76,76,76,76,76,76,76,76,76,76,76,76,76,76,76,76,76,76,76,76,76,76,76,76,76,76,76,76,76],"card_choices":[{"not_picked":["Slimebound:LeechEnergy","Slimebound:SplitAcid"],"picked":"Slimebound:ItLooksTasty","floor":3},{"not_picked":["Slimebound:FinishingTackle","Slimebound:ProtectTheBoss"],"picked":"Slimebound:PressTheAttack","floor":5},{"not_picked":["Slimebound:Grow","Slimebound:SplitBruiser"],"picked":"Slimebound:Repurpose","floor":6},{"not_picked":["Slimebound:BestDefense","Slimebound:ComboTackle"],"picked":"Slimebound:AcidTongue","floor":9},{"not_picked":["Slimebound:RainOfGoop","Slimebound:LeechingTouch"],"picked":"Slimebound:GoopSpray","floor":10},{"not_picked":["Slimebound:SplitMire","Slimebound:Repurpose"],"picked":"Slimebound:LeadByExample","floor":11},{"not_picked":["Slimebound:SplitLeeching","Slimebound:LeechLife"],"picked":"Slimebound:GoopSpray","floor":12},{"not_picked":["Slimebound:HauntingLick","Slimebound:RejuvenatingLick"],"picked":"Slimebound:LevelUp","floor":13},{"not_picked":["Slimebound:LivingWall","Slimebound:ComboTackle","Slimebound:Schlurp"],"picked":"SKIP","floor":14},{"not_picked":["Slimebound:Schlurp","Slimebound:TongueLash","Slimebound:ProtectTheBoss"],"picked":"SKIP","floor":15},{"not_picked":["Slimebound:PrepareCrush","Slimebound:OneTwoCombo"],"picked":"Slimebound:MinionMaster","floor":16},{"not_picked":["Slimebound:ItLooksTasty","Slimebound:Replication"],"picked":"Slimebound:LeechingTouch+1","floor":19},{"not_picked":["Slimebound:AcidTongue","Slimebound:Replication"],"picked":"Slimebound:LevelUp+1","floor":21},{"not_picked":["Slimebound:LivingWall","Slimebound:LeechEnergy"],"picked":"Slimebound:SplitMire","floor":23},{"not_picked":["Slimebound:Schlurp","Slimebound:HauntingLick"],"picked":"Slimebound:RollThrough+1","floor":25},{"not_picked":["Slimebound:ComboTackle+1","Slimebound:Repurpose"],"picked":"Slimebound:BestDefense+1","floor":28},{"not_picked":["Slimebound:Schlurp+1","Slimebound:LeechEnergy"],"picked":"Slimebound:LevelUp+1","floor":29},{"not_picked":["Slimebound:ViciousTackle","Slimebound:SplitAcid","Slimebound:HauntingLick"],"picked":"SKIP","floor":31},{"not_picked":["Slimebound:Prepare","Slimebound:SlimeTap","Slimebound:FlameTackle"],"picked":"SKIP","floor":32}],"player_experience":1328765,"relics_obtained":[{"floor":14,"key":"Sundial"},{"floor":20,"key":"Orichalcum"},{"floor":24,"key":"Akabeko"},{"floor":27,"key":"MawBank"},{"floor":29,"key":"Pantograph"}],"event_choices":[{"damage_healed":0,"gold_gain":0,"player_choice":"Donut","damage_taken":0,"max_hp_gain":5,"max_hp_loss":0,"event_name":"Big Fish","floor":2,"gold_loss":0}],"is_beta":false,"boss_relics":[{"not_picked":["Slimebound:TarBlob","Calling Bell"],"picked":"Slimebound:AbsorbEndCombatUpgraded"}],"items_purged_floors":[12,25],"is_endless":false,"potions_floor_spawned":[5,11,13,21,23,28,29,32],"killed_by":"SI_MIRROR_ARCHETYPE","ascension_level":0}}