{"host":"ypzb5vvnu9f3ii1t","time":1612454578,"event":{"mods":["AchievementEnabler","BaseMod","Colored Map","DeckTracker","Keyboard Shortcuts","Minty Spire (QoL Compilation)","Permanent Neow","Quick Restart","SuperFastMode"],"gold_per_floor":[115,70,80,96,106,106,137,137,137,137,172,172,172,245,245,350,350,362,461,113,126,126,141,173,173,173,173,173,173,20,55,55,55,55],"floor_reached":33,"language":"KOR","playtime":1014,"items_purged":[],"score":418,"play_id":"24899e2e-7e6d-4d6a-849d-1b69621982a4","local_time":"20210205010258","is_ascension_mode":true,"campfire_choices":[{"data":"Perfected Strike","floor":6.0,"key":"SMITH"},{"data":"Demon Form","floor":8.0,"key":"SMITH"},{"data":"Twin Strike","floor":10.0,"key":"SMITH"},{"floor":12.0,"key":"REST"},{"floor":15.0,"key":"REST"},{"data":"Perfected Strike","floor":25.0,"key":"SMITH"},{"data":"Feed","floor":27.0,"key":"SMITH"},{"floor":32.0,"key":"REST"}],"circlet_count":0,"master_deck":["Strike_R","Strike_R","Strike_R","Strike_R","Strike_R","Defend_R","Defend_R","Bash","Perfected Strike+1","Pommel Strike","Twin Strike+1","Demon Form+1","Feed+1","Feed","Pommel Strike+1","Perfected Strike+1","Rage","Inflame","Barricade","True Grit","Shrug It Off"],"relics":["Burning Blood","Smiling Mask","Bag of Preparation","MealTicket","StrikeDummy","Velvet Choker","Sling","Omamori","Meat on the Bone","Torii","Membership Card","Mummified Hand"],"acts_visited":["Exordium","TheCity"],"potions_floor_usage":[],"damage_taken":[{"damage":6.0,"enemies":"Cultist","floor":1.0,"turns":3.0},{"damage":10.0,"enemies":"Small Slimes","floor":3.0,"turns":3.0},{"damage":0.0,"enemies":"2 Louse","floor":4.0,"turns":2.0},{"damage":16.0,"enemies":"Exordium Wildlife","floor":5.0,"turns":3.0},{"damage":24.0,"enemies":"Gremlin Nob","floor":7.0,"turns":4.0},{"damage":30.0,"enemies":"Lagavulin","floor":11.0,"turns":5.0},{"damage":64.0,"enemies":"The Guardian","floor":16.0,"turns":11.0},{"damage":19.0,"enemies":"Shell Parasite","floor":18.0,"turns":3.0},{"damage":0.0,"enemies":"Spheric Guardian","floor":21.0,"turns":1.0},{"damage":50.0,"enemies":"Centurion and Healer","floor":23.0,"turns":4.0},{"damage":0.0,"enemies":"Gremlin Leader","floor":24.0,"turns":4.0},{"damage":35.0,"enemies":"Slavers","floor":31.0,"turns":5.0},{"damage":92,"enemies":"Automaton","floor":33,"turns":6}],"seed_played":"-8260351651849512791","potions_obtained":[{"floor":1.0,"key":"SpeedPotion"},{"floor":11.0,"key":"Explosive Potion"},{"floor":24.0,"key":"ElixirPotion"}],"is_trial":false,"path_per_floor":["M","$","M","M","M","R","E","R","T","R","E","R","?","?","R","B",null,"M","?","$","M","?","M","E","R","T","R","?","?","$","E","R","B"],"character_chosen":"IRONCLAD","items_purchased":["Perfected Strike","Sling","Explosive Potion","Omamori","Membership Card"],"campfire_rested":3,"item_purchase_floors":[2,20,20,20,30],"current_hp_per_floor":[80,80,76,80,70,70,52,52,52,52,28,52,57,57,82,27,73,63,63,78,87,87,49,55,55,55,55,55,55,70,57,88,0,0],"gold":55,"neow_bonus":"RANDOM_COMMON_RELIC","is_daily":false,"chose_seed":false,"campfire_upgraded":5,"win_rate":0.0,"timestamp":1612454578,"path_taken":["M","$","M","M","?","R","E","R","T","R","E","R","?","?","R","BOSS","M","?","$","M","?","M","E","R","T","R","?","?","$","E","R","BOSS"],"items_purchased_type":["Card","Relic","Potion","Relic","Relic"],"build_version":"2020-12-22","purchased_purges":0,"victory":false,"max_hp_per_floor":[80,80,80,80,80,80,80,80,80,80,80,80,85,85,85,88,88,91,91,91,94,94,100,100,100,100,100,100,100,100,104,104,104,104],"card_choices":[{"not_picked":["True Grit","Iron Wave","Wild Strike"],"picked":"SKIP","floor":1.0},{"not_picked":["Clothesline","Clash","Second Wind"],"picked":"SKIP","floor":3.0},{"not_picked":["Flex","Cleave"],"picked":"Pommel Strike","floor":4.0},{"not_picked":["Heavy Blade","Thunderclap"],"picked":"Twin Strike","floor":5.0},{"not_picked":["Sword Boomerang","Clothesline"],"picked":"Demon Form","floor":7.0},{"not_picked":["Cleave","Clash"],"picked":"Feed","floor":11.0},{"not_picked":["Barricade","Bludgeon"],"picked":"Feed","floor":16.0},{"not_picked":["Heavy Blade","Body Slam"],"picked":"Pommel Strike+1","floor":18.0},{"not_picked":["Clothesline+1","Dark Embrace"],"picked":"Perfected Strike","floor":21.0},{"not_picked":["Body Slam","Rampage"],"picked":"Rage","floor":23.0},{"not_picked":["Clothesline+1","Clash"],"picked":"Inflame","floor":24.0},{"not_picked":["Fiend Fire","Clash"],"picked":"Shrug It Off","floor":31.0}],"player_experience":176270,"relics_obtained":[{"floor":7.0,"key":"Bag of Preparation"},{"floor":9.0,"key":"MealTicket"},{"floor":11.0,"key":"StrikeDummy"},{"floor":24.0,"key":"Meat on the Bone"},{"floor":26.0,"key":"Torii"},{"floor":31.0,"key":"Mummified Hand"}],"event_choices":[{"damage_healed":0.0,"max_hp_gain":5.0,"max_hp_loss":0.0,"gold_gain":0.0,"event_name":"Big Fish","player_choice":"Donut","floor":13.0,"gold_loss":0.0,"damage_taken":0.0},{"damage_healed":0.0,"max_hp_gain":0.0,"max_hp_loss":0.0,"gold_gain":73.0,"event_name":"Golden Wing","player_choice":"Gained Gold","floor":14.0,"gold_loss":0.0,"damage_taken":0.0},{"damage_healed":0.0,"max_hp_gain":0.0,"max_hp_loss":0.0,"gold_gain":99.0,"event_name":"Nest","player_choice":"Stole From Cult","floor":19.0,"gold_loss":0.0,"damage_taken":0.0},{"damage_healed":0.0,"max_hp_gain":0.0,"max_hp_loss":0.0,"gold_gain":0.0,"event_name":"Beggar","player_choice":"Ignored","floor":22.0,"gold_loss":0.0,"damage_taken":0.0},{"damage_healed":0.0,"max_hp_gain":0.0,"max_hp_loss":0.0,"gold_gain":0.0,"event_name":"Vampires","player_choice":"Ignored","floor":28.0,"gold_loss":0.0,"damage_taken":0.0},{"damage_healed":0.0,"max_hp_gain":0.0,"max_hp_loss":0.0,"gold_gain":0.0,"cards_transformed":["Defend_R","Defend_R"],"event_name":"Drug Dealer","player_choice":"Became Test Subject","floor":29.0,"gold_loss":0.0,"damage_taken":0.0,"cards_obtained":["Barricade","True Grit"]}],"is_beta":false,"boss_relics":[{"not_picked":["Runic Cube","Busted Crown"],"picked":"Velvet Choker"}],"items_purged_floors":[],"is_endless":false,"potions_floor_spawned":[1,11,24],"killed_by":"Automaton","ascension_level":5}}