{"host":"6jrd8fn9k88n08be","time":1612407279,"event":{"mods":["BaseMod","Minty Spire (QoL Compilation)","StSLib"],"gold_per_floor":[109,109,40,50,64,96,116,116,116,116,116,133,146,159,159,263,263,277,277,277],"floor_reached":19,"language":"ENG","playtime":962,"items_purged":[],"score":197,"play_id":"a69191d1-d3c7-44c9-b91e-4fef2543a05d","local_time":"20210203215439","is_ascension_mode":true,"campfire_choices":[{"data":"Armaments","floor":11,"key":"SMITH"},{"data":"Whirlwind","floor":15,"key":"SMITH"}],"circlet_count":0,"master_deck":["Strike_R","Strike_R","Strike_R","Strike_R","Strike_R","Defend_R","Defend_R+1","Defend_R+1","Defend_R","Bash","Seeing Red","Metallicize","Armaments+1","True Grit","Metallicize","Body Slam","Cleave","Whirlwind+1","Demon Form"],"relics":["Burning Blood","Happy Flower","TungstenRod","Meat on the Bone","Snecko Eye"],"acts_visited":["Exordium","TheCity"],"potions_floor_usage":[6,6,14],"damage_taken":[{"damage":0.0,"enemies":"Small Slimes","floor":1.0,"turns":3.0},{"damage":9.0,"enemies":"Jaw Worm","floor":4.0,"turns":4.0},{"damage":0.0,"enemies":"Cultist","floor":5.0,"turns":4.0},{"damage":40,"enemies":"Gremlin Nob","floor":6,"turns":6},{"damage":9,"enemies":"Lots of Slimes","floor":7,"turns":6},{"damage":0,"enemies":"Blue Slaver","floor":12,"turns":5},{"damage":8,"enemies":"3 Louse","floor":13,"turns":2},{"damage":11,"enemies":"Gremlin Gang","floor":14,"turns":5},{"damage":39,"enemies":"Slime Boss","floor":16,"turns":19},{"damage":13,"enemies":"2 Thieves","floor":18,"turns":5}],"seed_played":"6927174796223788575","potions_obtained":[{"floor":1.0,"key":"LiquidMemories"},{"floor":4.0,"key":"Strength Potion"},{"floor":12,"key":"SkillPotion"}],"is_trial":false,"path_per_floor":["M","?","$","M","M","E","M","?","T","$","R","M","M","M","R","B",null,"M","$"],"character_chosen":"IRONCLAD","items_purchased":["Metallicize"],"campfire_rested":0,"item_purchase_floors":[3],"current_hp_per_floor":[80,64,64,61,67,33,30,30,30,30,30,48,58,53,53,32,80,73,73,73],"gold":277,"neow_bonus":"RANDOM_COMMON_RELIC","is_daily":false,"chose_seed":false,"campfire_upgraded":2,"win_rate":0.0,"timestamp":1612407279,"path_taken":["M","?","?","M","M","E","M","?","T","$","R","M","M","M","R","BOSS","M","$"],"items_purchased_type":["Card"],"build_version":"2020-12-22","purchased_purges":0,"victory":false,"max_hp_per_floor":[80,80,80,80,80,80,80,80,80,80,80,80,80,80,80,80,80,80,80,80],"card_choices":[{"not_picked":["Clothesline","Pommel Strike"],"picked":"Seeing Red","floor":1.0},{"not_picked":["Sword Boomerang","Warcry"],"picked":"Armaments","floor":4.0},{"not_picked":["Heavy Blade","Sever Soul"],"picked":"True Grit","floor":5.0},{"not_picked":["True Grit","Heavy Blade"],"picked":"Metallicize","floor":6},{"not_picked":["Headbutt","Clothesline","Burning Pact"],"picked":"SKIP","floor":7},{"not_picked":["Rupture","Sentinel"],"picked":"Cleave","floor":12},{"not_picked":["Sword Boomerang","Armaments","Bloodletting"],"picked":"SKIP","floor":13},{"not_picked":["Heavy Blade","Power Through"],"picked":"Whirlwind","floor":14},{"not_picked":["Offering","Impervious"],"picked":"Demon Form","floor":16},{"not_picked":["Combust","Pommel Strike+1","Headbutt"],"picked":"SKIP","floor":18}],"player_experience":148603,"relics_obtained":[{"floor":6,"key":"TungstenRod"},{"floor":9,"key":"Meat on the Bone"}],"event_choices":[{"damage_healed":0.0,"max_hp_gain":0.0,"max_hp_loss":0.0,"gold_gain":0.0,"event_name":"Shining Light","player_choice":"Entered Light","floor":2.0,"gold_loss":0.0,"damage_taken":16.0,"cards_upgraded":["Defend_R","Defend_R"]},{"damage_healed":0,"gold_gain":0,"player_choice":"1 cards matched","damage_taken":0,"max_hp_gain":0,"max_hp_loss":0,"event_name":"Match and Keep!","floor":8,"gold_loss":0,"cards_obtained":["Body Slam"]}],"is_beta":false,"boss_relics":[{"not_picked":["Pandora\u0027s Box","Black Blood"],"picked":"Snecko Eye"}],"items_purged_floors":[],"is_endless":false,"potions_floor_spawned":[1,4,12],"ascension_level":3}}