{"host":"d2y4rmbezebiv8aj","time":1612434539,"event":{"mods":["AchievementEnabler","BaseMod","Bestiary","BetterRewards","Colored Map","Colored Powertips","Custom Start","Highlight Path","Minty Spire (QoL Compilation)","Quick Restart","Rare Cards Sparkle","Relic Sorter","Relic Stats","Shop Mod","Slay-I","StSLib","SuperFastMode"],"gold_per_floor":[110,121,138,155,155,155,171,206,245,271,294,326,338,377,389,475,487,509,521,483,514,237,237,237],"floor_reached":23,"language":"DEU","playtime":658,"items_purged":[],"score":561,"play_id":"f32add63-5d17-495d-9dde-de8d95d72131","local_time":"20210204112859","is_ascension_mode":true,"campfire_choices":[{"data":"Footwork","floor":6.0,"key":"SMITH"},{"floor":15.0,"key":"REST"}],"circlet_count":0,"master_deck":["AscendersBane","Strike_G","Strike_G","Strike_G","Strike_G","Strike_G","Defend_G","Defend_G","Defend_G","Defend_G","Defend_G","Survivor","Neutralize","Footwork+1","Blade Dance","Backstab","Noxious Fumes","Quick Slash","Dash","Blade Dance","Storm of Steel","Sucker Punch","Sucker Punch","Infinite Blades","Caltrops","Blade Dance","Slice","Accuracy","Die Die Die","CurseOfTheBell","Footwork","Shame","PiercingWail"],"relics":["Ring of the Snake","Lee\u0027s Waffle","MawBank","Lantern","Blood Vial","Calling Bell","MealTicket","Matryoshka","CaptainsWheel","Happy Flower","Oddly Smooth Stone","PreservedInsect"],"acts_visited":["Exordium","TheCity"],"potions_floor_usage":[],"damage_taken":[{"damage":0.0,"enemies":"Cultist","floor":1.0,"turns":3.0},{"damage":0.0,"enemies":"Jaw Worm","floor":2.0,"turns":3.0},{"damage":7.0,"enemies":"Small Slimes","floor":3.0,"turns":4.0},{"damage":3.0,"enemies":"3 Louse","floor":4.0,"turns":5.0},{"damage":1.0,"enemies":"Blue Slaver","floor":7.0,"turns":3.0},{"damage":33.0,"enemies":"3 Sentries","floor":8.0,"turns":7.0},{"damage":10.0,"enemies":"Lots of Slimes","floor":10.0,"turns":4.0},{"damage":4.0,"enemies":"2 Fungi Beasts","floor":11.0,"turns":3.0},{"damage":6.0,"enemies":"Looter","floor":12.0,"turns":3.0},{"damage":0.0,"enemies":"Gremlin Nob","floor":14.0,"turns":2.0},{"damage":19.0,"enemies":"Hexaghost","floor":16.0,"turns":10.0},{"damage":5.0,"enemies":"3 Byrds","floor":18.0,"turns":4.0},{"damage":5.0,"enemies":"Spheric Guardian","floor":21.0,"turns":3.0},{"damage":80,"enemies":"Gremlin Leader","floor":23,"turns":6}],"seed_played":"3826268995793147281","potions_obtained":[{"floor":1.0,"key":"Strength Potion"},{"floor":3.0,"key":"EssenceOfSteel"},{"floor":11.0,"key":"Strength Potion"},{"floor":14.0,"key":"Block Potion"},{"floor":18.0,"key":"Energy Potion"}],"is_trial":false,"path_per_floor":["M","M","M","M","?","R","M","E","T","M","M","M","?","E","R","B",null,"M","?","?","M","$","E"],"character_chosen":"THE_SILENT","items_purchased":["Footwork","Lee\u0027s Waffle","Blade Dance","Backstab","Noxious Fumes","Quick Slash","Oddly Smooth Stone","PreservedInsect"],"campfire_rested":1,"item_purchase_floors":[0,0,0,0,0,0,22,22],"current_hp_per_floor":[73,73,66,63,63,63,62,29,29,19,15,9,9,9,30,13,58,55,55,55,52,67,0,0],"gold":237,"neow_bonus":"","is_daily":false,"chose_seed":false,"campfire_upgraded":1,"win_rate":0.0,"timestamp":1612434539,"path_taken":["M","M","?","M","?","R","M","E","T","M","?","M","?","E","R","BOSS","M","?","?","M","$","E"],"items_purchased_type":["Card","Relic","Card","Card","Card","Card","Relic","Relic"],"build_version":"2020-12-22","purchased_purges":0,"victory":false,"max_hp_per_floor":[73,73,73,73,73,73,73,73,73,73,73,73,73,73,73,73,73,73,73,73,73,73,73,73],"relic_stats":{"Blood Vial":8,"Lee\u0027s Waffle":33,"Happy Flower":[3],"counters":[213,1025],"MealTicket":75,"PreservedInsect":46,"MawBank":168,"obtain_stats":[{"TwistedFunnel":12,"Ice Cream":47,"Gremlin Horn":17,"Nilry\u0027s Codex":20,"Vajra":43,"Ginger":22,"Whetstone":7,"Boot":10,"Sling":4,"Blood Vial":7,"Centennial Puzzle":26,"HornCleat":8,"DollysMirror":25,"Sundial":43,"Strawberry":21,"Philosopher\u0027s Stone":17,"MealTicket":22,"Kunai":25,"Toxic Egg 2":0,"Happy Flower":26,"Dead Branch":0,"Oddly Smooth Stone":17,"Eternal Feather":8,"Pen Nib":19,"Paper Crane":29,"War Paint":24,"Question Card":40,"SlaversCollar":34,"Bottled Flame":9,"Shuriken":43,"Bronze Scales":11,"Bird Faced Urn":6,"Molten Egg 2":10,"Black Star":34,"Ring of the Serpent":34,"Meat on the Bone":28,"Pocketwatch":17,"Darkstone Periapt":9,"Regal Pillow":21,"Lantern":46,"Singing Bowl":13,"Torii":24,"StoneCalendar":24,"Snake Skull":15,"Juzu Bracelet":23,"Bag of Preparation":23,"Smiling Mask":19,"Empty Cage":17,"Ancient Tea Set":44,"Cursed Key":34,"ClockworkSouvenir":0,"Nunchaku":27,"Dream Catcher":26,"Shovel":0,"Matryoshka":17,"WristBlade":17,"Mummified Hand":28,"Ninja Scroll":0,"Gambling Chip":20,"Toolbox":14,"Tiny Chest":26,"Red Mask":19,"InkBottle":6,"Ring of the Snake":0,"Potion Belt":30,"Lee\u0027s Waffle":19,"NeowsBlessing":0,"The Specimen":17,"Thread and Needle":9,"PreservedInsect":29,"Omamori":9,"Orichalcum":9,"MawBank":8,"White Beast Statue":8,"Calling Bell":17,"Peace Pipe":45,"Anchor":40,"CaptainsWheel":0,"Ornamental Fan":11,"Bag of Marbles":26,"Membership Card":19,"FossilizedHelix":37,"Toy Ornithopter":10},{"TwistedFunnel":47,"Ice Cream":121,"Gremlin Horn":28,"Nilry\u0027s Codex":63,"Vajra":39,"Ginger":89,"Whetstone":176,"Boot":46,"Sling":145,"Blood Vial":46,"Centennial Puzzle":113,"HornCleat":126,"DollysMirror":31,"Sundial":98,"Strawberry":165,"Philosopher\u0027s Stone":9,"MealTicket":131,"Kunai":65,"Toxic Egg 2":77,"Happy Flower":65,"Dead Branch":19,"Oddly Smooth Stone":28,"Eternal Feather":59,"Pen Nib":130,"Paper Crane":68,"War Paint":113,"Question Card":72,"SlaversCollar":17,"Bottled Flame":177,"Shuriken":73,"Bronze Scales":59,"Bird Faced Urn":81,"Molten Egg 2":161,"Black Star":69,"Ring of the Serpent":34,"Meat on the Bone":32,"Pocketwatch":87,"Darkstone Periapt":82,"Regal Pillow":10,"Lantern":40,"Singing Bowl":60,"Torii":113,"StoneCalendar":183,"Snake Skull":48,"Juzu Bracelet":12,"Bag of Preparation":196,"Smiling Mask":10,"Empty Cage":49,"Ancient Tea Set":99,"Cursed Key":136,"ClockworkSouvenir":77,"Nunchaku":14,"Dream Catcher":31,"Shovel":43,"Matryoshka":210,"WristBlade":129,"Mummified Hand":32,"Ninja Scroll":43,"Gambling Chip":130,"Toolbox":60,"Tiny Chest":13,"Red Mask":152,"InkBottle":25,"Ring of the Snake":0,"Potion Belt":93,"Lee\u0027s Waffle":110,"NeowsBlessing":0,"The Specimen":28,"Thread and Needle":106,"PreservedInsect":33,"Omamori":25,"Orichalcum":7,"MawBank":205,"White Beast Statue":106,"Calling Bell":28,"Peace Pipe":120,"Anchor":72,"CaptainsWheel":122,"Ornamental Fan":7,"Bag of Marbles":167,"Membership Card":50,"FossilizedHelix":138,"Toy Ornithopter":147},{"TwistedFunnel":194,"Ice Cream":587,"Gremlin Horn":127,"Nilry\u0027s Codex":265,"Vajra":171,"Ginger":395,"Whetstone":860,"Boot":193,"Sling":725,"Blood Vial":193,"Centennial Puzzle":534,"HornCleat":615,"DollysMirror":141,"Sundial":452,"Strawberry":816,"Philosopher\u0027s Stone":26,"MealTicket":638,"Kunai":276,"Toxic Egg 2":346,"Happy Flower":276,"Dead Branch":83,"Oddly Smooth Stone":127,"Eternal Feather":243,"Pen Nib":634,"Paper Crane":294,"War Paint":534,"Question Card":326,"SlaversCollar":67,"Bottled Flame":863,"Shuriken":332,"Bronze Scales":243,"Bird Faced Urn":358,"Molten Egg 2":794,"Black Star":303,"Ring of the Serpent":154,"Meat on the Bone":143,"Pocketwatch":389,"Darkstone Periapt":363,"Regal Pillow":27,"Lantern":173,"Singing Bowl":247,"Torii":534,"StoneCalendar":892,"Snake Skull":195,"Juzu Bracelet":36,"Bag of Preparation":950,"Smiling Mask":27,"Empty Cage":204,"Ancient Tea Set":456,"Cursed Key":672,"ClockworkSouvenir":346,"Nunchaku":47,"Dream Catcher":141,"Shovel":188,"Matryoshka":1012,"WristBlade":629,"Mummified Hand":143,"Ninja Scroll":188,"Gambling Chip":634,"Toolbox":247,"Tiny Chest":41,"Red Mask":756,"InkBottle":109,"Ring of the Snake":0,"Potion Belt":417,"Lee\u0027s Waffle":516,"NeowsBlessing":0,"The Specimen":127,"Thread and Needle":492,"PreservedInsect":146,"Omamori":109,"Orichalcum":15,"MawBank":990,"White Beast Statue":492,"Calling Bell":127,"Peace Pipe":582,"Anchor":326,"CaptainsWheel":602,"Ornamental Fan":15,"Bag of Marbles":824,"Membership Card":205,"FossilizedHelix":683,"Toy Ornithopter":734}],"Ring of the Snake":[86]},"card_choices":[{"not_picked":["Prepared","All Out Attack"],"picked":"Dash","floor":1.0},{"not_picked":["Outmaneuver","PiercingWail"],"picked":"Blade Dance","floor":2.0},{"not_picked":["Deflect","Blade Dance"],"picked":"Storm of Steel","floor":3.0},{"not_picked":["Leg Sweep","Flying Knee"],"picked":"Sucker Punch","floor":4.0},{"not_picked":["Calculated Gamble","Slice"],"picked":"Sucker Punch","floor":7.0},{"not_picked":["PiercingWail","Terror"],"picked":"Infinite Blades","floor":8.0},{"not_picked":["Outmaneuver","Flying Knee"],"picked":"Caltrops","floor":10.0},{"not_picked":["Expertise","Dodge and Roll"],"picked":"Blade Dance","floor":11.0},{"not_picked":["Deadly Poison","Dagger Throw"],"picked":"Slice","floor":12.0},{"not_picked":["Dodge and Roll","Flying Knee"],"picked":"Accuracy","floor":14.0},{"not_picked":["Adrenaline","Corpse Explosion"],"picked":"Die Die Die","floor":16.0},{"not_picked":["PiercingWail","Concentrate"],"picked":"Footwork","floor":18.0},{"not_picked":["Deflect","Dagger Throw"],"picked":"PiercingWail","floor":21.0}],"player_experience":407982,"relics_obtained":[{"floor":8.0,"key":"MawBank"},{"floor":9.0,"key":"Lantern"},{"floor":14.0,"key":"Blood Vial"},{"floor":17.0,"key":"MealTicket"},{"floor":17.0,"key":"Matryoshka"},{"floor":17.0,"key":"CaptainsWheel"}],"event_choices":[{"damage_healed":0.0,"max_hp_gain":0.0,"max_hp_loss":0.0,"gold_gain":0.0,"event_name":"The Woman in Blue","player_choice":"Bought 0 Potions","floor":5.0,"gold_loss":0.0,"damage_taken":0.0},{"damage_healed":0.0,"max_hp_gain":0.0,"max_hp_loss":0.0,"gold_gain":0.0,"event_name":"Shining Light","player_choice":"Ignored","floor":13.0,"gold_loss":0.0,"damage_taken":0.0},{"damage_healed":0.0,"max_hp_gain":0.0,"max_hp_loss":0.0,"gold_gain":0.0,"event_name":"Addict","player_choice":"Stole Relic","floor":19.0,"gold_loss":0.0,"damage_taken":0.0,"relics_obtained":["Happy Flower"],"cards_obtained":["Shame"]},{"damage_healed":0.0,"max_hp_gain":0.0,"max_hp_loss":0.0,"gold_gain":0.0,"event_name":"The Joust","player_choice":"Bet on Murderer","floor":20.0,"gold_loss":50.0,"damage_taken":0.0}],"is_beta":false,"boss_relics":[{"not_picked":["HoveringKite","SlaversCollar"],"picked":"Calling Bell"}],"items_purged_floors":[],"is_endless":false,"potions_floor_spawned":[1,3,10,11,12,14,18],"killed_by":"Gremlin Leader","ascension_level":14}}