{"host":"17jxu4722zcujg93","time":1612429836,"event":{"mods":["BaseMod","Colored Map","Downfall","Minty Spire (QoL Compilation)","StSLib"],"gold_per_floor":[99,115,115,115,115,115,115,130,130,40,140,207,235,246,264,366,366,366,383,400,101,169,189,238,251,301,365,365,415,428,428,428,428],"floor_reached":31,"language":"ENG","playtime":3400,"items_purged":["sneckomod:Strike","sneckomod:Defend"],"score":314,"play_id":"ad6658d7-c857-44e3-a7c4-7dca94d0b300","local_time":"20210204011036","is_ascension_mode":false,"campfire_choices":[{"data":"sneckomod:UnknownBlock","floor":6,"key":"SMITH"},{"data":"sneckomod:UnendingSupply","floor":18,"key":"SMITH"}],"circlet_count":0,"master_deck":["sneckomod:Strike","sneckomod:Defend","sneckomod:Defend","sneckomod:TailWhip","sneckomod:SnekBite","sneckomod:Unknown","Dagger Throw","sneckomod:IronFang+1","hexamod:GhostShield+1","sneckomod:SoulCleanse+1","sneckomod:SoulExchange+1","sneckomod:Unknown2Cost+1","sneckomod:QuickBite","sneckomod:UnendingSupply+1","sneckomod:Unknown3Cost+1","sneckomod:Unknown1Cost+1","sneckomod:SoulDraw+1","sneckomod:UnknownWeak+1","expansioncontent:StudyTheSpire","sneckomod:SnakeSap","sneckomod:SlitherStrike","sneckomod:SoulDraw+1","Quick Slash+1","downfall:Bewildered","sneckomod:Nope+1"],"relics":["sneckomod:SneckoSoul","Toy Ornithopter","sneckomod:ConfusingCodex","Toxic Egg 2","downfall:CloakOfManyFaces","CultistMask","FaceOfCleric","NlothsMask","GremlinMask","SsserpentHead","Lantern","Black Star","sneckomod:BabySnecko"],"acts_visited":["Exordium","TheCity"],"potions_floor_usage":[14,15,25,25,30],"damage_taken":[{"damage":8,"enemies":"2 Louse","floor":2,"turns":3},{"damage":6,"enemies":"Jaw Worm","floor":8,"turns":3},{"damage":0,"enemies":"downfall:FleeingMerchant","floor":10,"turns":4},{"damage":20,"enemies":"downfall:FaceTrader","floor":11,"turns":10},{"damage":0,"enemies":"Small Slimes","floor":12,"turns":3},{"damage":5,"enemies":"Gremlin Nob","floor":13,"turns":4},{"damage":0,"enemies":"Exordium Thugs","floor":14,"turns":2},{"damage":3,"enemies":"Lots of Slimes","floor":15,"turns":4},{"damage":0,"enemies":"WA_ARCHETYPE_RETAIN","floor":16,"turns":5},{"damage":5,"enemies":"Shell Parasite","floor":19,"turns":3},{"damage":8,"enemies":"3 Byrds","floor":20,"turns":6},{"damage":0,"enemies":"downfall:FleeingMerchant","floor":21,"turns":4},{"damage":24,"enemies":"3 Cultists","floor":22,"turns":8},{"damage":0,"enemies":"Snecko","floor":23,"turns":4},{"damage":16,"enemies":"Centurion and Healer","floor":25,"turns":5},{"damage":1,"enemies":"Sentry and Sphere","floor":27,"turns":3},{"damage":3,"enemies":"3 Cultists","floor":30,"turns":4},{"damage":63,"enemies":"Slavers","floor":31,"turns":3}],"seed_played":"-7347590735855042592","potions_obtained":[{"floor":2,"key":"ColorlessPotion"},{"floor":12,"key":"ColorlessPotion"},{"floor":13,"key":"DistilledChaos"},{"floor":15,"key":"Energy Potion"},{"floor":16,"key":"Weak Potion"},{"floor":19,"key":"sneckomod:DiceRollPotion"},{"floor":25,"key":"hexamod:SoulburnPotion"},{"floor":27,"key":"EssenceOfSteel"},{"floor":30,"key":"SteroidPotion"}],"is_trial":false,"path_per_floor":["R","M","?","?","T","R","T","M","R","$","?","M","E","M","M","B",null,"R","M","M","$","M","M","T","M","?","M","R","?","M","E"],"character_chosen":"THE_SNECKO","items_purchased":["expansioncontent:StudyTheSpire"],"campfire_rested":0,"item_purchase_floors":[21],"current_hp_per_floor":[99,91,91,79,79,79,79,73,73,73,53,54,50,56,59,60,104,104,100,93,94,71,72,72,67,59,59,59,59,62,0,0,0],"gold":428,"neow_bonus":"TEN_PERCENT_HP_BONUS","is_daily":false,"chose_seed":false,"campfire_upgraded":2,"win_rate":0.0,"timestamp":1612429836,"path_taken":["R","M","?","?","?","R","T","M","R","$","?","?","E","M","M","BOSS","R","M","M","$","?","M","T","M","?","?","R","?","M","E"],"items_purchased_type":["Card"],"build_version":"2020-12-22","purchased_purges":2,"victory":false,"max_hp_per_floor":[99,99,99,99,99,99,99,99,99,99,99,100,101,102,103,104,104,104,105,106,107,108,109,109,110,110,111,111,111,112,112,112,112],"card_choices":[{"not_picked":["sneckomod:UnknownCommonSkill","sneckomod:TrashToTreasure"],"picked":"sneckomod:UnknownBlock","floor":2},{"not_picked":["sneckomod:UnknownBlock+1","sneckomod:DiceCrush"],"picked":"sneckomod:IronFang","floor":8},{"not_picked":["sneckomod:WideSting","sneckomod:DefensiveFlair+1"],"picked":"sneckomod:SoulCleanse+1","floor":10},{"not_picked":["sneckomod:SoulDraw+1","sneckomod:Unknown0Cost+1"],"picked":"sneckomod:SoulExchange+1","floor":11},{"not_picked":["sneckomod:SoulDraw+1","sneckomod:WideSting"],"picked":"sneckomod:Unknown2Cost+1","floor":12},{"not_picked":["sneckomod:UnknownUncommonSkill+1","sneckomod:Unknown0Cost+1"],"picked":"sneckomod:QuickBite","floor":13},{"not_picked":["sneckomod:UnknownCommonSkill+1","sneckomod:SoulDraw+1"],"picked":"sneckomod:UnendingSupply","floor":14},{"not_picked":["sneckomod:UnknownBlock+1","sneckomod:UnknownStrike"],"picked":"sneckomod:UnknownDraw+1","floor":15},{"not_picked":["sneckomod:SerpentMind","sneckomod:SoulExchange+1"],"picked":"sneckomod:Unknown3Cost+1","floor":16},{"not_picked":["sneckomod:UnendingSupply","sneckomod:UnknownCommonAttack"],"picked":"sneckomod:Unknown1Cost+1","floor":19},{"not_picked":["sneckomod:Nope+1","sneckomod:UnknownClassGREEN+1"],"picked":"sneckomod:SoulDraw+1","floor":20},{"not_picked":["sneckomod:UnknownUncommonPower","sneckomod:RainOfDice"],"picked":"sneckomod:UnknownWeak+1","floor":21},{"not_picked":["sneckomod:ImprovisedAttack","sneckomod:UnknownWeak+1","sneckomod:UnknownUncommonSkill+1"],"picked":"SKIP","floor":22},{"not_picked":["sneckomod:UnknownClassGUARDIAN+1","sneckomod:SerpentMind"],"picked":"sneckomod:SnakeSap","floor":23},{"not_picked":["sneckomod:DiceCrush","sneckomod:DiceBoulder"],"picked":"sneckomod:SlitherStrike","floor":25},{"not_picked":["sneckomod:UnknownClassGREEN+1","sneckomod:WideSting+1"],"picked":"sneckomod:SoulDraw+1","floor":27},{"not_picked":["sneckomod:SnekBeam+1","sneckomod:DiceBoulder"],"picked":"sneckomod:Nope+1","floor":30}],"player_experience":175079,"relics_obtained":[{"floor":5,"key":"sneckomod:ConfusingCodex"},{"floor":7,"key":"Toxic Egg 2"},{"floor":11,"key":"downfall:CloakOfManyFaces"},{"floor":13,"key":"Lantern"}],"event_choices":[{"damage_healed":0,"gold_gain":0,"player_choice":"Success","damage_taken":12,"relics_obtained":["Toy Ornithopter"],"max_hp_gain":0,"max_hp_loss":0,"event_name":"Scrap Ooze","floor":4,"gold_loss":0}],"is_beta":false,"boss_relics":[{"not_picked":["Runic Pyramid","Tiny House"],"picked":"Black Star"}],"items_purged_floors":[10,21],"is_endless":false,"potions_floor_spawned":[2,12,13,15,16,19,20,25,27,30],"killed_by":"Slavers","ascension_level":0}}