{"host":"rgy6n2eoa9ji6d0c","time":1612438486,"event":{"mods":["BaseMod","Downfall","Minty Spire (QoL Compilation)","Quick Restart","StSLib"],"gold_per_floor":[99,113,126,136,156,156,156,156,181,9,36,59,72,9,22,123,123,135,147,144,156,186,243,318,318,343,343,343,373,393,410,423,524,524,524,538,550,550,425,425,478,478,496,496,516,216,12,22,35,35,35,66,66,66],"floor_reached":52,"language":"ENG","playtime":3494,"items_purged":["Slimebound:Strike_Slimebound","Slimebound:Tackle","Slimebound:Defend_Slimebound","Slimebound:Defend_Slimebound"],"score":802,"play_id":"946efb89-d6d4-4ee7-9c05-0ee0d0e94857","local_time":"20210204123446","is_ascension_mode":true,"campfire_choices":[{"data":"Slimebound:Split","floor":1.0,"key":"SMITH"},{"data":"Slimebound:SlimeBarrage","floor":6.0,"key":"SMITH"},{"data":"Slimebound:SplitMire","floor":8.0,"key":"SMITH"},{"data":"Slimebound:Overexert","floor":18.0,"key":"SMITH"},{"floor":25.0,"key":"RECALL"},{"data":"Slimebound:Darklings","floor":35,"key":"SMITH"},{"data":"Slimebound:LevelUp","floor":40,"key":"SMITH"},{"data":"Slimebound:Repurpose","floor":42,"key":"SMITH"},{"data":"Slimebound:PressTheAttack","floor":46,"key":"SMITH"}],"circlet_count":0,"master_deck":["Slimebound:Defend_Slimebound","Slimebound:Split+1","Slimebound:SlimeSpikes","Slimebound:SplitMire+1","Slimebound:SlimeBarrage+1","Slimebound:RainOfGoop","Slimebound:Repurpose+1","Slimebound:LevelUp+1","Slimebound:Gluttony","Slimebound:PressTheAttack+1","Slimebound:Overexert+1","CurseOfTheBell","Slimebound:SplitMire+1","Slimebound:SplitAcid+1","Slimebound:SplitMire","Slimebound:SplitBruiser+1","Slimebound:Darklings+1","Slimebound:HauntingLick+1","Slimebound:SamplingLick+1","Slimebound:Repurpose+1","Slimebound:SplitLeeching","Slimebound:AcidTongue"],"relics":["Slimebound:AbsorbEndCombat","FossilizedHelix","Mummified Hand","Odd Mushroom","Vajra","Calling Bell","MawBank","Meat on the Bone","Mango","Darkstone Periapt","War Paint","Sundial","Orichalcum","Bronze Scales","Empty Cage","Ginger","Strawberry","downfall:HeartBlessingRed","downfall:HeartBlessingGreen","downfall:HeartBlessingBlue","Slimebound:AggressiveSlimeRelic"],"acts_visited":["Exordium","TheCity","TheBeyond","TheEnding"],"potions_floor_usage":[33,33],"damage_taken":[{"damage":0.0,"enemies":"Cultist","floor":2.0,"turns":3.0},{"damage":0.0,"enemies":"2 Louse","floor":3.0,"turns":3.0},{"damage":0.0,"enemies":"Jaw Worm","floor":4.0,"turns":4.0},{"damage":21.0,"enemies":"Exordium Thugs","floor":5.0,"turns":5.0},{"damage":0.0,"enemies":"Lagavulin","floor":9.0,"turns":5.0},{"damage":3.0,"enemies":"downfall:FleeingMerchant","floor":10.0,"turns":4.0},{"damage":15.0,"enemies":"The Mushroom Lair","floor":11.0,"turns":3.0},{"damage":0.0,"enemies":"Exordium Wildlife","floor":13.0,"turns":3.0},{"damage":4.0,"enemies":"downfall:FleeingMerchant","floor":14.0,"turns":4.0},{"damage":6.0,"enemies":"3 Louse","floor":15.0,"turns":3.0},{"damage":33.0,"enemies":"DF_ARCHETYPE_STREAMLINE","floor":16.0,"turns":7.0},{"damage":15.0,"enemies":"downfall:FleeingMerchant","floor":20.0,"turns":4.0},{"damage":0.0,"enemies":"Spheric Guardian","floor":22.0,"turns":3.0},{"damage":15.0,"enemies":"downfall:FleeingMerchant","floor":23.0,"turns":4.0},{"damage":30.0,"enemies":"Gremlin Leader","floor":26.0,"turns":6.0},{"damage":21.0,"enemies":"Book of Stabbing","floor":29.0,"turns":4.0},{"damage":0.0,"enemies":"Cultist and Chosen","floor":30.0,"turns":3.0},{"damage":14.0,"enemies":"Snake Plant","floor":31.0,"turns":2.0},{"damage":0,"enemies":"Snecko","floor":32,"turns":3},{"damage":28,"enemies":"SI_MIRROR_ARCHETYPE","floor":33,"turns":6},{"damage":39,"enemies":"3 Darklings","floor":36,"turns":5},{"damage":10,"enemies":"3 Shapes","floor":37,"turns":3},{"damage":16,"enemies":"Spire Growth","floor":43,"turns":3},{"damage":0,"enemies":"Writhing Mass","floor":45,"turns":2},{"damage":10,"enemies":"3 Darklings","floor":48,"turns":3},{"damage":10,"enemies":"Jaw Worm Horde","floor":49,"turns":2},{"damage":29,"enemies":"WA_ARCHETYPE_DIVINITY","floor":50,"turns":7},{"damage":82,"enemies":"downfall:CharBossMerchant","floor":52,"turns":6}],"seed_played":"7353575621142722117","potions_obtained":[{"floor":2.0,"key":"Weak Potion"},{"floor":3.0,"key":"SkillPotion"},{"floor":16.0,"key":"GamblersBrew"},{"floor":36,"key":"EssenceOfSteel"},{"floor":48,"key":"LiquidBronze"}],"is_trial":false,"path_per_floor":["R","M","M","M","M","R","T","R","E","$","?","T","M","$","M","B",null,"R","?","$","T","M","$","T","R","E","?","?","E","M","M","M","B",null,"R","M","M","T","$","R","T","R","M","?","M","R","$","M","M","B",null,"E"],"character_chosen":"SLIMEBOUND","items_purchased":["Slimebound:LevelUp","Slimebound:PressTheAttack","War Paint","Slimebound:SplitMire","Slimebound:SplitLeeching"],"campfire_rested":0,"item_purchase_floors":[10,14,23,23,47],"current_hp_per_floor":[47,51,55,63,50,50,50,50,54,53,42,42,42,42,40,13,79,79,79,70,70,76,65,65,65,51,36,28,23,37,37,51,43,84,84,49,53,53,53,53,60,60,56,56,58,68,68,62,54,45,101,33,33,33],"gold":66,"neow_bonus":"ONE_RARE_RELIC","is_daily":false,"chose_seed":false,"campfire_upgraded":8,"win_rate":0.0,"timestamp":1612438486,"path_taken":["R","M","M","?","?","R","T","R","E","$","?","?","M","$","M","BOSS","R","?","?","?","M","$","T","R","E","?","?","E","?","?","M","BOSS","R","M","M","?","$","R","T","R","M","?","?","R","$","M","M","BOSS","E"],"items_purchased_type":["Card","Card","Relic","Card","Card"],"build_version":"2020-12-22","purchased_purges":4,"victory":false,"max_hp_per_floor":[65,65,65,65,65,65,65,65,65,65,65,65,65,65,65,65,79,79,79,79,79,79,79,79,79,79,84,84,84,84,84,84,84,84,84,84,84,84,84,84,91,91,91,91,91,101,101,101,101,101,101,101,101,101],"card_choices":[{"not_picked":["Slimebound:ForwardTackle","Slimebound:FinishingTackle"],"picked":"Slimebound:SlimeSpikes","floor":2.0},{"not_picked":["Slimebound:FinishingTackle","Slimebound:ComboTackle"],"picked":"Slimebound:SplitMire","floor":3.0},{"not_picked":["Slimebound:Prepare","Slimebound:LeadByExample"],"picked":"Slimebound:SlimeBarrage","floor":4.0},{"not_picked":["Slimebound:FinishingTackle","Slimebound:RollThrough"],"picked":"Slimebound:RainOfGoop","floor":5.0},{"not_picked":["Slimebound:Chomp","Slimebound:FinishingTackle","Slimebound:BestDefense"],"picked":"SKIP","floor":9.0},{"not_picked":["Slimebound:ProtectTheBoss","Slimebound:Schlurp"],"picked":"Slimebound:Repurpose","floor":10.0},{"not_picked":["Slimebound:CheckThePlaybook","Slimebound:ComboTackle"],"picked":"Slimebound:Gluttony","floor":13.0},{"not_picked":["Slimebound:GrowthPunch","Slimebound:LivingWall","Slimebound:Schlurp"],"picked":"SKIP","floor":14.0},{"not_picked":["Slimebound:HungryTackle","Slimebound:BestDefense","Slimebound:GoopSpray"],"picked":"SKIP","floor":15.0},{"not_picked":["Slimebound:DuplicatedForm","Slimebound:CheckThePlaybook"],"picked":"Slimebound:Overexert","floor":16.0},{"not_picked":["Slimebound:RejuvenatingLick","Slimebound:LeechEnergy","Slimebound:GoopTackle"],"picked":"SKIP","floor":20.0},{"not_picked":["Slimebound:SplitLeeching","Slimebound:PressTheAttack+1"],"picked":"Slimebound:SplitMire","floor":22.0},{"not_picked":["Slimebound:HauntingLick","Slimebound:DuplicatedForm"],"picked":"Slimebound:SplitAcid","floor":23.0},{"not_picked":["Slimebound:Prepare","Slimebound:ItLooksTasty+1"],"picked":"Slimebound:SplitBruiser+1","floor":26.0},{"not_picked":["Slimebound:GoopTackle","Slimebound:SlimeBrawl","Slimebound:Nibble"],"picked":"SKIP","floor":29.0},{"not_picked":["Slimebound:PressTheAttack","Slimebound:GrowthPunch","Slimebound:Nibble"],"picked":"SKIP","floor":30.0},{"not_picked":["Slimebound:SamplingLick","Slimebound:ItLooksTasty+1","Slimebound:HauntingLick"],"picked":"SKIP","floor":31.0},{"not_picked":["Slimebound:Schlurp","Slimebound:GrowthPunch","Slimebound:SpikyOuterGoop+1"],"picked":"SKIP","floor":32},{"not_picked":["Slimebound:SelfFormingGoo","Slimebound:MassRepurpose"],"picked":"Slimebound:Darklings","floor":33},{"not_picked":["Slimebound:FlameTackle+1","Slimebound:GoopSpray+1","Slimebound:LeechingTouch+1"],"picked":"SKIP","floor":36},{"not_picked":["Slimebound:ForwardTackle+1","Slimebound:SplitBruiser+1"],"picked":"Slimebound:HauntingLick+1","floor":37},{"not_picked":["Slimebound:Schlurp","Slimebound:PressTheAttack+1"],"picked":"Slimebound:SamplingLick+1","floor":43},{"not_picked":["Slimebound:ComboTackle+1","Slimebound:HauntingLick+1"],"picked":"Slimebound:Repurpose+1","floor":45},{"not_picked":["Slimebound:GoopTackle","Slimebound:ServeAndProtect+1","Slimebound:RollThrough+1"],"picked":"SKIP","floor":48},{"not_picked":["Slimebound:ForwardTackle","Slimebound:Recollect+1","Slimebound:Equalize"],"picked":"SKIP","floor":49},{"not_picked":["Slimebound:Nibble+1","Slimebound:Equalize"],"picked":"Slimebound:AcidTongue","floor":52}],"player_experience":1506978,"relics_obtained":[{"floor":9.0,"key":"Mummified Hand"},{"floor":11.0,"key":"Odd Mushroom"},{"floor":12.0,"key":"Vajra"},{"floor":17.0,"key":"MawBank"},{"floor":17.0,"key":"Meat on the Bone"},{"floor":17.0,"key":"Mango"},{"floor":21.0,"key":"Darkstone Periapt"},{"floor":24.0,"key":"Sundial"},{"floor":26.0,"key":"Orichalcum"},{"floor":29.0,"key":"Bronze Scales"},{"floor":38,"key":"Ginger"},{"floor":41,"key":"Strawberry"},{"floor":52,"key":"Slimebound:AggressiveSlimeRelic"}],"event_choices":[{"damage_healed":0.0,"max_hp_gain":0.0,"max_hp_loss":0.0,"gold_gain":0.0,"event_name":"Mushrooms","player_choice":"Fought Mushrooms","floor":11.0,"gold_loss":0.0,"damage_taken":0.0},{"cards_removed":["Slimebound:Defend_Slimebound"],"damage_healed":0,"gold_gain":0,"player_choice":"Offered Basic","damage_taken":0,"max_hp_gain":0,"max_hp_loss":0,"event_name":"Bonfire Elementals","floor":44,"gold_loss":0}],"is_beta":false,"boss_relics":[{"not_picked":["Busted Crown","Tiny House"],"picked":"Calling Bell"},{"not_picked":["Velvet Choker","Pandora\u0027s Box"],"picked":"Empty Cage"}],"items_purged_floors":[10,23,39,47],"is_endless":false,"potions_floor_spawned":[2,3,16,22,29,30,31,32,36,48,49],"killed_by":"downfall:CharBossMerchant","ascension_level":1}}