{"host":"ordk2y2ebcetabk6","time":1612418900,"event":{"mods":["AlwaysNeverKeys","BaseMod","Better Debug","Colored Map","Colored Powertips","Dark Map","Highlight Path","Minty Spire (QoL Compilation)","Morshu Shopkeeper","Permanent Neow","Rare Cards Sparkle","Spire Arcade","StSLib","The Adventurer"],"gold_per_floor":[114,167,167,199,44,44,44,78,78,84,84],"floor_reached":10,"language":"ENG","playtime":219,"items_purged":[],"score":58,"play_id":"33687b91-d9dc-4d80-a210-19b0392276bb","local_time":"20210203230820","is_ascension_mode":false,"campfire_choices":[{"data":"adventurer:GoldenGun","floor":6,"key":"SMITH"}],"circlet_count":0,"master_deck":["adventurer:Strike","adventurer:Strike","adventurer:Strike","adventurer:Strike","adventurer:Defend","adventurer:Defend+1","adventurer:Defend","adventurer:Defend","adventurer:FlurryFire","adventurer:JourneyBegins","adventurer:Hexashot+1","adventurer:ShotAndShiv","adventurer:TreasureChest","adventurer:LevelUp+1","adventurer:GoldenGun+1","adventurer:GatherMetals"],"relics":["adventurer:TodoItem","Prayer Wheel"],"acts_visited":["Exordium"],"potions_floor_usage":[],"damage_taken":[{"damage":1.0,"enemies":"Cultist","floor":1.0,"turns":4.0},{"damage":0.0,"enemies":"2 Louse","floor":2.0,"turns":3.0},{"damage":0.0,"enemies":"Small Slimes","floor":4.0,"turns":3.0},{"damage":26,"enemies":"3 Louse","floor":8,"turns":6},{"damage":54,"enemies":"Gremlin Nob","floor":10,"turns":4}],"seed_played":"9212599967781099054","potions_obtained":[],"is_trial":false,"path_per_floor":["M","M","?","M","$","R","?","M","T","E"],"character_chosen":"THE_ADVENTURER","items_purchased":["adventurer:GoldenGun"],"campfire_rested":0,"item_purchase_floors":[5],"current_hp_per_floor":[79,79,63,63,63,63,63,37,37,0,0],"gold":84,"neow_bonus":"ONE_RANDOM_RARE_CARD","is_daily":false,"chose_seed":false,"campfire_upgraded":1,"win_rate":0.0,"timestamp":1612418900,"path_taken":["M","?","?","M","$","R","?","M","T","E"],"items_purchased_type":["Card"],"build_version":"2020-12-22","purchased_purges":0,"victory":false,"max_hp_per_floor":[80,80,80,80,80,80,80,80,80,80,80],"card_choices":[{"not_picked":["adventurer:DumpTrash","adventurer:BulletBlade"],"picked":"adventurer:ShotAndShiv","floor":1.0},{"not_picked":["adventurer:FlashingRedWeakPoint","adventurer:LetsAdventure"],"picked":"adventurer:TreasureChest","floor":2.0},{"not_picked":["adventurer:Sunhat","adventurer:MinceWords"],"picked":"adventurer:LevelUp","floor":4},{"not_picked":["adventurer:Sunhat","adventurer:HackAwayVines"],"picked":"adventurer:GatherMetals","floor":8}],"player_experience":934765,"relics_obtained":[{"floor":9,"key":"Prayer Wheel"}],"event_choices":[{"damage_healed":0.0,"max_hp_gain":0.0,"max_hp_loss":0.0,"gold_gain":0.0,"event_name":"Shining Light","player_choice":"Entered Light","floor":3.0,"gold_loss":0.0,"damage_taken":16.0,"cards_upgraded":["adventurer:Hexashot","adventurer:Defend"]},{"damage_healed":0,"gold_gain":0,"player_choice":"Upgraded","damage_taken":0,"max_hp_gain":0,"max_hp_loss":0,"event_name":"Upgrade Shrine","floor":7,"gold_loss":0,"cards_upgraded":["adventurer:LevelUp"]}],"is_beta":false,"boss_relics":[],"items_purged_floors":[],"is_endless":false,"potions_floor_spawned":[],"killed_by":"Gremlin Nob","ascension_level":0}}