{"host":"gzsdmyo07u314vug","time":1612443283,"event":{"mods":["2.2 Compatiblity","Astrologer","BaseMod","Colored Powertips","GifTheSpireLib","Gremlin Mod","Hermit","Jorbs\u0027s Wanderer Trilogy","Minty Spire (QoL Compilation)","Quick Restart","Rare Cards Sparkle","Relic Stats","Replay The Spire","Robot Space Explorer","Shop Mod","StSLib","The Bladedancer","The Bug Knight","The Construct","The Cursed","The Elementalist","The Hierophant","The IronCluck","The Marked","The Necromancer","The Runesmith","The Servant 0.9.4","Unceasing Turn Reminder","everything is the same but u backflip on backflip","slay the spire mod where everything is the same but ironclad has a cowboy hat"],"gold_per_floor":[114,114,128,53,53,53,78,90,90,108,122,122,137,167,167,244,244,257,267,82,82,92,92,92,12,65,84,84,119,119,137,137,210,210,222,26,26,26,26,55,71,71,71,103,53,3,72,119,119,141],"floor_reached":51,"language":"ENG","playtime":4112,"items_purged":["Strike_S","Defend_S","RealityMarble+1"],"score":1713,"play_id":"9f85479a-4a6f-49be-84d4-187c60960bee","local_time":"20210204095443","is_ascension_mode":true,"campfire_choices":[{"data":"Manipulate","floor":6,"key":"SMITH"},{"data":"InstantArmor","floor":12,"key":"SMITH"},{"data":"Rearm","floor":15,"key":"SMITH"},{"data":"Apotheosis","floor":23,"key":"SMITH"},{"data":"FloweringNight","floor":30,"key":"SMITH"},{"data":"Luminosity","floor":32,"key":"SMITH"},{"floor":42,"key":"RECALL"}],"circlet_count":0,"master_deck":["AscendersBane","Defend_S","Defend_S","KidneyShot+1","Exchange","Manipulate+1","BottledTime","Rearm+1","InstantArmor+1","Misdirection","FanOfKnives","FloweringNight+1","FastForward","Desolation+1","Apotheosis+1","Luminosity+1","Solidify","Contraction","SoulSculpture","ShiftingGears","Panacea+1","Desolation","Misdirection","FloweringNight","ShatteredReality"],"relics":["Uniform","Replay:Towering Pillar of Hats","HollowMod:LifeEnderRelic","ReplayTheSpireMod:Lightbulb","Lantern","Empty Cage","Pantograph","Centennial Puzzle","Smiling Mask","Fusion Hammer","Chemical X","construct:RocketBooster","Gambling Chip","Replay:Bandana","Replay:Ringing Soul","Mango"],"acts_visited":["Exordium","TheCity","TheBeyond"],"potions_floor_usage":[16,27,33,44,50],"damage_taken":[{"damage":3,"enemies":"2 Louse","floor":1,"turns":3},{"damage":3,"enemies":"Cultist","floor":3,"turns":4},{"damage":7,"enemies":"HollowMod:MossKnight","floor":7,"turns":9},{"damage":0,"enemies":"Jaw Worm","floor":8,"turns":3},{"damage":1,"enemies":"3 Louse","floor":10,"turns":4},{"damage":5,"enemies":"Exordium Wildlife","floor":11,"turns":3},{"damage":0,"enemies":"Looter","floor":13,"turns":3},{"damage":6,"enemies":"3 Sentries","floor":14,"turns":6},{"damage":0,"enemies":"The Guardian","floor":16,"turns":11},{"damage":0,"enemies":"Chosen","floor":18,"turns":4},{"damage":0,"enemies":"3 Byrds","floor":19,"turns":3},{"damage":0,"enemies":"Snecko","floor":22,"turns":9},{"damage":0,"enemies":"Shelled Parasite and Fungi","floor":27,"turns":4},{"damage":8,"enemies":"Book of Stabbing","floor":29,"turns":6},{"damage":0,"enemies":"Sentry and Sphere","floor":31,"turns":6},{"damage":6,"enemies":"Pondfish","floor":33,"turns":9},{"damage":2,"enemies":"3 Shapes","floor":35,"turns":6},{"damage":0,"enemies":"Nemesis","floor":40,"turns":5},{"damage":0,"enemies":"3 Darklings","floor":41,"turns":4},{"damage":4,"enemies":"Reptomancer","floor":44,"turns":5},{"damage":0,"enemies":"Giant Head","floor":47,"turns":4},{"damage":0,"enemies":"4 Shapes","floor":48,"turns":4},{"damage":5,"enemies":"Time Eater","floor":50,"turns":12}],"seed_played":"-5987022881400054614","potions_obtained":[{"floor":3,"key":"Ancient Potion"},{"floor":10,"key":"DistilledChaos"},{"floor":13,"key":"Doom Potion"},{"floor":16,"key":"Energy Potion"},{"floor":31,"key":"EssenceOfSteel"},{"floor":33,"key":"SkillPotion"},{"floor":47,"key":"ColorlessPotion"}],"is_trial":false,"path_per_floor":["M","?","M","$","?","R","E","M","T","M","M","R","M","E","R","B",null,"M","M","$","?","M","R","?","$","T","M","$","E","R","M","R","B",null,"M","$","?","?","?","E","M","R","T","E","$","?","E","M","R","B",null],"character_chosen":"THE_SERVANT","items_purchased":["Apotheosis","Luminosity","Chemical X"],"campfire_rested":0,"item_purchase_floors":[20,25,36],"current_hp_per_floor":[56,56,53,53,53,53,46,46,46,45,40,40,40,34,34,34,53,53,53,53,53,53,53,53,53,53,53,53,45,45,45,45,53,58,56,56,56,56,56,56,56,56,56,52,52,52,69,69,72,74],"gold":141,"neow_bonus":"ONE_RARE_RELIC","is_daily":false,"chose_seed":false,"campfire_upgraded":6,"win_rate":0.0,"timestamp":1612443283,"path_taken":["M","?","M","$","?","R","E","M","T","M","M","R","M","E","R","BOSS","M","?","?","?","M","R","?","$","T","?","$","E","R","M","R","BOSS","M","$","?","?","?","E","M","R","T","E","$","?","E","M","R","BOSS"],"items_purchased_type":["Card","Card","Relic"],"build_version":"2020-12-22","purchased_purges":3,"victory":true,"max_hp_per_floor":[59,59,59,59,59,59,59,59,59,59,59,59,59,59,59,59,59,59,59,59,59,59,59,59,59,59,59,59,59,59,59,59,59,59,59,59,59,59,59,59,59,59,59,59,59,59,76,76,79,79],"relic_stats":{"Centennial Puzzle":[15],"counters":[23,126],"Pantograph":21,"Gambling Chip":[7],"Chemical X":[20],"Smiling Mask":125,"obtain_stats":[{"Lantern":14,"HollowMod:LifeEnderRelic":7,"construct:RocketBooster":40,"Replay:Towering Pillar of Hats":0,"Mango":47,"Uniform":0,"Empty Cage":17,"Smiling Mask":29,"Replay:Ringing Soul":46,"Centennial Puzzle":26,"Replay:Bandana":44,"Pantograph":21,"Gambling Chip":43,"Fusion Hammer":34,"Chemical X":36,"ReplayTheSpireMod:Lightbulb":9},{"Lantern":8,"HollowMod:LifeEnderRelic":3,"construct:RocketBooster":18,"Replay:Towering Pillar of Hats":0,"Mango":21,"Uniform":0,"Empty Cage":9,"Smiling Mask":14,"Replay:Ringing Soul":20,"Centennial Puzzle":12,"Replay:Bandana":20,"Pantograph":11,"Gambling Chip":19,"Fusion Hammer":16,"Chemical X":17,"ReplayTheSpireMod:Lightbulb":4},{"Lantern":35,"HollowMod:LifeEnderRelic":16,"construct:RocketBooster":98,"Replay:Towering Pillar of Hats":0,"Mango":111,"Uniform":0,"Empty Cage":46,"Smiling Mask":72,"Replay:Ringing Soul":107,"Centennial Puzzle":62,"Replay:Bandana":107,"Pantograph":53,"Gambling Chip":102,"Fusion Hammer":87,"Chemical X":93,"ReplayTheSpireMod:Lightbulb":19}]},"card_choices":[{"not_picked":["Revamp","Replace"],"picked":"Manipulate","floor":1},{"not_picked":["Defy","Revamp"],"picked":"BottledTime","floor":3},{"not_picked":["TimeTheft","Rearm"],"picked":"InstantArmor","floor":7},{"not_picked":["Potential","Ricochet","Foresight"],"picked":"SKIP","floor":8},{"not_picked":["Starlight","ShatteredReality"],"picked":"Misdirection","floor":10},{"not_picked":["GearUp","TimeWarp","Replace"],"picked":"SKIP","floor":11},{"not_picked":["SpecialFormula","Rearm"],"picked":"FanOfKnives","floor":13},{"not_picked":["Read","Foresight","Defy"],"picked":"SKIP","floor":14},{"not_picked":["FlawlessForm","SilverMatrix"],"picked":"FloweringNight","floor":16},{"not_picked":["Ricochet","Revamp"],"picked":"FastForward","floor":18},{"not_picked":["TimeWarp","Revamp+1"],"picked":"Desolation","floor":19},{"not_picked":["Starlight","Shuttle"],"picked":"RealityMarble+1","floor":22},{"not_picked":["DoubleEdge+1","Ricochet"],"picked":"Solidify","floor":27},{"not_picked":["Starlight+1","MoonPhase","Alleviate"],"picked":"SKIP","floor":29},{"not_picked":["Spin","Ricochet"],"picked":"Contraction","floor":31},{"not_picked":["TheWorld","Deny"],"picked":"SoulSculpture","floor":33},{"not_picked":["Rearm","Unruled"],"picked":"ShiftingGears","floor":35},{"not_picked":["Metamorphosis","Replay:Sssssssssshield"],"picked":"Panacea","floor":37},{"not_picked":["SpecialFormula","Starlight","ShatteredReality+1"],"picked":"SKIP","floor":40},{"not_picked":["Unruled","Revamp+1"],"picked":"Desolation","floor":41},{"not_picked":["Replace","BottledTime+1","Misdirection"],"picked":"SKIP","floor":44},{"not_picked":["Replace","BottledTime+1"],"picked":"Misdirection","floor":44},{"not_picked":["Rewind","ReturningBlade+1"],"picked":"FloweringNight","floor":47},{"not_picked":["Revamp+1","Orbit","Read"],"picked":"SKIP","floor":48}],"player_experience":844009,"relics_obtained":[{"floor":7,"key":"HollowMod:LifeEnderRelic"},{"floor":9,"key":"ReplayTheSpireMod:Lightbulb"},{"floor":14,"key":"Lantern"},{"floor":26,"key":"Centennial Puzzle"},{"floor":29,"key":"Smiling Mask"},{"floor":40,"key":"construct:RocketBooster"},{"floor":43,"key":"Gambling Chip"},{"floor":44,"key":"Replay:Bandana"},{"floor":47,"key":"Mango"}],"event_choices":[{"damage_healed":0,"gold_gain":0,"cards_transformed":["Strike_S"],"player_choice":"Transformed","damage_taken":0,"max_hp_gain":0,"max_hp_loss":0,"event_name":"Transmorgrifier","floor":5,"gold_loss":0,"cards_obtained":["Rearm"]},{"damage_healed":0,"gold_gain":0,"player_choice":"Stole Relic","damage_taken":0,"relics_obtained":["Pantograph"],"max_hp_gain":0,"max_hp_loss":0,"event_name":"Addict","floor":21,"gold_loss":0,"cards_obtained":["Shame"]},{"cards_removed":["Shame"],"damage_healed":0,"gold_gain":0,"player_choice":"Elegance","damage_taken":0,"max_hp_gain":0,"max_hp_loss":0,"event_name":"Back to Basics","floor":24,"gold_loss":0},{"damage_healed":0,"gold_gain":0,"player_choice":"Memory 1","damage_taken":0,"max_hp_gain":0,"max_hp_loss":0,"event_name":"SensoryStone","floor":37,"gold_loss":0},{"damage_healed":0,"gold_gain":0,"player_choice":"Paid Gold","damage_taken":0,"relics_obtained":["Replay:Ringing Soul"],"max_hp_gain":0,"max_hp_loss":0,"event_name":"WeMeetAgain","floor":46,"gold_loss":50}],"is_beta":false,"boss_relics":[{"not_picked":["ReplayTheSpireMod:DimensionalGlitch","MysterySword"],"picked":"Empty Cage"},{"not_picked":["Runic Pyramid","Calling Bell"],"picked":"Fusion Hammer"}],"items_purged_floors":[4,36,45],"is_endless":false,"potions_floor_spawned":[3,10,13,16,19,22,31,33,41,47,48],"ascension_level":13}}