{"host":"gfxjwtol062e9znw","time":1612441056,"event":{"mods":["BaseMod","Colored Map","Minty Spire (QoL Compilation)","Rare Cards Sparkle"],"gold_per_floor":[368,166,182,200,210,236,236,254,254,254,270,289,289,299,299,397,397,408,418,318,338,353,353,353,353,379,379,389,389,45,62,62,62,62],"floor_reached":33,"language":"ENG","playtime":1294,"items_purged":["Injury","Defend_B"],"score":316,"play_id":"ce2fc74c-a8cf-461b-a2ec-368b7cf52db8","local_time":"20210204231736","is_ascension_mode":true,"campfire_choices":[{"floor":7,"key":"REST"},{"floor":10,"key":"REST"},{"floor":15,"key":"REST"},{"floor":23,"key":"REST"},{"floor":25,"key":"REST"},{"data":"Buffer","floor":27,"key":"SMITH"},{"floor":29,"key":"REST"},{"floor":32,"key":"REST"}],"circlet_count":0,"master_deck":["Strike_B","Strike_B","Strike_B","Strike_B","Defend_B","Defend_B","Defend_B","Zap","Dualcast","Tempest","Loop","FTL","Sweeping Beam","Steam","Ball Lightning","Turbo","Fusion+1","Echo Form","Self Repair","Buffer+1","Hologram","Conserve Battery","Coolheaded","Melter+1","Loop","Lockon+1","Redo","Leap"],"relics":["Cracked Core","Gremlin Horn","Shuriken","Inserter","Happy Flower","Pantograph"],"acts_visited":["Exordium","TheCity"],"potions_floor_usage":[6,6,12,21,21,22,31,31],"damage_taken":[{"damage":13,"enemies":"Small Slimes","floor":1,"turns":3},{"damage":1,"enemies":"Cultist","floor":3,"turns":3},{"damage":1,"enemies":"2 Louse","floor":4,"turns":2},{"damage":11,"enemies":"Blue Slaver","floor":5,"turns":3},{"damage":5,"enemies":"Lagavulin","floor":6,"turns":5},{"damage":18,"enemies":"Exordium Thugs","floor":8,"turns":4},{"damage":8,"enemies":"Exordium Wildlife","floor":11,"turns":4},{"damage":2,"enemies":"3 Louse","floor":12,"turns":2},{"damage":21,"enemies":"Blue Slaver","floor":14,"turns":4},{"damage":35,"enemies":"Slime Boss","floor":16,"turns":8},{"damage":11,"enemies":"Chosen","floor":18,"turns":5},{"damage":21,"enemies":"Shell Parasite","floor":19,"turns":5},{"damage":61,"enemies":"Snake Plant","floor":21,"turns":7},{"damage":0,"enemies":"3 Cultists","floor":22,"turns":2},{"damage":52,"enemies":"Chosen and Byrds","floor":28,"turns":7},{"damage":2,"enemies":"Centurion and Healer","floor":31,"turns":6},{"damage":78,"enemies":"Automaton","floor":33,"turns":6}],"seed_played":"1544449185132809565","potions_obtained":[{"floor":3,"key":"EssenceOfSteel"},{"floor":5,"key":"PowerPotion"},{"floor":12,"key":"FairyPotion"},{"floor":14,"key":"SpeedPotion"},{"floor":16,"key":"Explosive Potion"},{"floor":21,"key":"AttackPotion"},{"floor":28,"key":"Fire Potion"}],"is_trial":false,"path_per_floor":["M","$","M","M","M","E","R","M","T","R","M","M","?","M","R","B",null,"M","M","$","M","M","R","?","R","T","R","M","R","$","M","R","B"],"character_chosen":"DEFECT","items_purchased":["Loop","Fire Potion","Pantograph","Energy Potion","Redo"],"campfire_rested":7,"item_purchase_floors":[2,2,30,30,30],"current_hp_per_floor":[62,62,61,60,49,44,66,48,48,70,62,60,60,39,61,33,65,61,40,40,11,18,40,40,62,62,62,17,39,39,44,66,0,0],"gold":62,"neow_bonus":"TWO_FIFTY_GOLD","is_daily":false,"chose_seed":false,"campfire_upgraded":1,"win_rate":0.0,"timestamp":1612441056,"path_taken":["M","$","M","M","M","E","R","M","T","R","M","M","?","?","R","BOSS","M","M","$","M","M","R","?","R","T","R","M","R","$","?","R","BOSS"],"items_purchased_type":["Card","Potion","Relic","Potion","Card"],"build_version":"2020-12-22","purchased_purges":2,"victory":false,"max_hp_per_floor":[75,75,75,75,75,75,75,75,75,75,75,75,75,75,75,75,75,75,75,75,75,75,75,75,75,75,75,75,75,75,75,75,75,75],"card_choices":[{"not_picked":["Force Field","Hologram"],"picked":"Tempest","floor":1},{"not_picked":["Streamline","Reprogram"],"picked":"FTL","floor":3},{"not_picked":["Heatsinks","Blizzard"],"picked":"Sweeping Beam","floor":4},{"not_picked":["Rebound","Heatsinks"],"picked":"Steam","floor":5},{"not_picked":["Leap","Consume"],"picked":"Ball Lightning","floor":6},{"not_picked":["Tempest","Static Discharge"],"picked":"Turbo","floor":8},{"not_picked":["Auto Shields","Go for the Eyes"],"picked":"Fusion","floor":11},{"not_picked":["Skim","Beam Cell"],"picked":"Echo Form","floor":12},{"not_picked":["Gash","Sweeping Beam"],"picked":"Self Repair","floor":14},{"not_picked":["Core Surge","Thunder Strike"],"picked":"Buffer","floor":16},{"not_picked":["Ball Lightning","Beam Cell"],"picked":"Hologram","floor":18},{"not_picked":["Streamline","Reinforced Body+1"],"picked":"Conserve Battery","floor":19},{"not_picked":["Gash","Beam Cell"],"picked":"Coolheaded","floor":21},{"not_picked":["Heatsinks+1","Ball Lightning"],"picked":"Melter+1","floor":22},{"not_picked":["Biased Cognition","Beam Cell"],"picked":"Lockon+1","floor":28},{"not_picked":["Capacitor","Gash+1"],"picked":"Leap","floor":31}],"player_experience":84799,"relics_obtained":[{"floor":6,"key":"Gremlin Horn"},{"floor":9,"key":"Shuriken"},{"floor":26,"key":"Happy Flower"}],"event_choices":[{"damage_healed":0,"gold_gain":0,"player_choice":"Forge","damage_taken":0,"max_hp_gain":0,"max_hp_loss":0,"event_name":"Accursed Blacksmith","floor":13,"gold_loss":0,"cards_upgraded":["Fusion"]},{"damage_healed":0,"gold_gain":0,"player_choice":"Copied","damage_taken":0,"max_hp_gain":0,"max_hp_loss":0,"event_name":"Duplicator","floor":24,"gold_loss":0,"cards_obtained":["Loop"]}],"is_beta":false,"boss_relics":[{"not_picked":["FrozenCore","Runic Dome"],"picked":"Inserter"}],"items_purged_floors":[2,20],"is_endless":false,"potions_floor_spawned":[3,5,12,14,16,19,21,28],"killed_by":"Automaton","ascension_level":5}}