{"host":"d2y4rmbezebiv8aj","time":1612431015,"event":{"mods":["AchievementEnabler","BaseMod","Bestiary","BetterRewards","Colored Map","Colored Powertips","Custom Start","Highlight Path","Minty Spire (QoL Compilation)","Quick Restart","Rare Cards Sparkle","Relic Sorter","Relic Stats","Shop Mod","Slay-I","StSLib","SuperFastMode"],"gold_per_floor":[115,290,290,74,74,74,86,86,110,142,142,60,74,109,109,183,183,202,231,34,54,64,64,64],"floor_reached":23,"language":"DEU","playtime":630,"items_purged":[],"score":547,"play_id":"27c58e03-e99e-4da8-bd49-84b94f20c9a7","local_time":"20210204103015","is_ascension_mode":true,"campfire_choices":[{"floor":6.0,"key":"REST"},{"floor":8.0,"key":"REST"},{"floor":15.0,"key":"REST"}],"circlet_count":0,"master_deck":["AscendersBane","Strike_G","Strike_G","Strike_G","Strike_G","Strike_G","Defend_G","Defend_G","Defend_G","Defend_G","Defend_G","Survivor","Neutralize","Apotheosis+1","Noxious Fumes","Noxious Fumes","Blade Dance","Quick Slash","Doubt","Footwork","All Out Attack","Poisoned Stab","Infinite Blades","Distraction+1","Poisoned Stab","Corpse Explosion+1","Terror+1","PiercingWail+1","Sadistic Nature","Poisoned Stab","Noxious Fumes"],"relics":["Ring of the Snake","Mummified Hand","Sling","Toxic Egg 2","Vajra","Toy Ornithopter","FossilizedHelix","Omamori","Black Star","Red Mask"],"acts_visited":["Exordium","TheCity"],"potions_floor_usage":[19,19],"damage_taken":[{"damage":6.0,"enemies":"Jaw Worm","floor":1.0,"turns":4.0},{"damage":7.0,"enemies":"Cultist","floor":7.0,"turns":4.0},{"damage":22.0,"enemies":"3 Sentries","floor":10.0,"turns":5.0},{"damage":0.0,"enemies":"Small Slimes","floor":13.0,"turns":3.0},{"damage":0.0,"enemies":"Gremlin Nob","floor":14.0,"turns":3.0},{"damage":7.0,"enemies":"Slime Boss","floor":16.0,"turns":9.0},{"damage":27,"enemies":"3 Byrds","floor":18,"turns":5},{"damage":6,"enemies":"Masked Bandits","floor":19,"turns":2},{"damage":6,"enemies":"Shell Parasite","floor":21,"turns":4},{"damage":10,"enemies":"Cultist and Chosen","floor":22,"turns":5},{"damage":31,"enemies":"Gremlin Leader","floor":23,"turns":4}],"seed_played":"-4010336176017399833","potions_obtained":[{"floor":10.0,"key":"ColorlessPotion"},{"floor":13.0,"key":"Weak Potion"},{"floor":14.0,"key":"Energy Potion"},{"floor":21,"key":"Ancient Potion"},{"floor":22,"key":"SpeedPotion"}],"is_trial":false,"path_per_floor":["M","?","?","$","T","R","M","R","T","E","T","$","M","E","R","B",null,"M","?","$","M","M","E"],"character_chosen":"THE_SILENT","items_purchased":["Apotheosis","Mummified Hand","Noxious Fumes","Noxious Fumes","Blade Dance","Footwork","Sling","Infinite Blades","Sadistic Nature"],"campfire_rested":3,"item_purchase_floors":[0,0,0,0,0,4,4,12,20],"current_hp_per_floor":[25,25,25,25,25,44,37,56,56,34,34,34,34,39,58,51,62,35,39,39,33,23,0,0],"gold":64,"neow_bonus":"","is_daily":false,"chose_seed":false,"campfire_upgraded":0,"win_rate":0.0,"timestamp":1612431015,"path_taken":["M","?","?","$","?","R","?","R","T","E","?","$","M","E","R","BOSS","M","?","$","M","M","E"],"items_purchased_type":["Card","Relic","Card","Card","Card","Card","Relic","Card","Card"],"build_version":"2020-12-22","purchased_purges":0,"victory":false,"max_hp_per_floor":[66,66,66,66,66,66,66,66,66,66,66,66,66,66,66,66,66,66,66,66,66,66,66,66],"relic_stats":{"counters":[155,769],"Mummified Hand":[34],"Black Star":0,"obtain_stats":[{"TwistedFunnel":12,"Ice Cream":47,"Gremlin Horn":17,"Nilry\u0027s Codex":20,"Vajra":43,"Ginger":22,"Boot":10,"Sling":4,"Blood Vial":7,"Centennial Puzzle":26,"HornCleat":8,"DollysMirror":25,"Sundial":43,"Philosopher\u0027s Stone":17,"MealTicket":22,"Kunai":25,"Toxic Egg 2":0,"Happy Flower":26,"Dead Branch":0,"Oddly Smooth Stone":17,"Eternal Feather":8,"Pen Nib":19,"Paper Crane":29,"War Paint":24,"Question Card":40,"SlaversCollar":34,"Shuriken":43,"Bronze Scales":11,"Bird Faced Urn":6,"Black Star":34,"Ring of the Serpent":34,"Meat on the Bone":28,"Pocketwatch":17,"Darkstone Periapt":9,"Regal Pillow":21,"Lantern":46,"Singing Bowl":13,"Torii":24,"Snake Skull":15,"Juzu Bracelet":23,"Smiling Mask":19,"Empty Cage":17,"Ancient Tea Set":44,"Cursed Key":34,"ClockworkSouvenir":0,"Nunchaku":27,"Dream Catcher":26,"Shovel":0,"WristBlade":17,"Mummified Hand":28,"Ninja Scroll":0,"Gambling Chip":20,"Toolbox":14,"Tiny Chest":26,"Red Mask":19,"InkBottle":6,"Ring of the Snake":0,"Potion Belt":30,"Lee\u0027s Waffle":19,"NeowsBlessing":0,"The Specimen":17,"Thread and Needle":9,"PreservedInsect":29,"Omamori":9,"Orichalcum":9,"White Beast Statue":8,"Calling Bell":17,"Peace Pipe":45,"Anchor":40,"CaptainsWheel":0,"Ornamental Fan":11,"Membership Card":19,"FossilizedHelix":37,"Toy Ornithopter":10},{"TwistedFunnel":47,"Ice Cream":121,"Gremlin Horn":28,"Nilry\u0027s Codex":63,"Vajra":39,"Ginger":89,"Boot":46,"Sling":145,"Blood Vial":46,"Centennial Puzzle":113,"HornCleat":126,"DollysMirror":31,"Sundial":98,"Philosopher\u0027s Stone":9,"MealTicket":131,"Kunai":65,"Toxic Egg 2":77,"Happy Flower":65,"Dead Branch":19,"Oddly Smooth Stone":28,"Eternal Feather":59,"Pen Nib":130,"Paper Crane":68,"War Paint":113,"Question Card":72,"SlaversCollar":17,"Shuriken":73,"Bronze Scales":59,"Bird Faced Urn":81,"Black Star":69,"Ring of the Serpent":34,"Meat on the Bone":32,"Pocketwatch":87,"Darkstone Periapt":82,"Regal Pillow":10,"Lantern":40,"Singing Bowl":60,"Torii":113,"Snake Skull":48,"Juzu Bracelet":12,"Smiling Mask":10,"Empty Cage":49,"Ancient Tea Set":99,"Cursed Key":136,"ClockworkSouvenir":77,"Nunchaku":14,"Dream Catcher":31,"Shovel":43,"WristBlade":129,"Mummified Hand":32,"Ninja Scroll":43,"Gambling Chip":130,"Toolbox":60,"Tiny Chest":13,"Red Mask":152,"InkBottle":25,"Ring of the Snake":0,"Potion Belt":93,"Lee\u0027s Waffle":110,"NeowsBlessing":0,"The Specimen":28,"Thread and Needle":106,"PreservedInsect":33,"Omamori":25,"Orichalcum":7,"White Beast Statue":106,"Calling Bell":28,"Peace Pipe":120,"Anchor":72,"CaptainsWheel":122,"Ornamental Fan":7,"Membership Card":50,"FossilizedHelix":138,"Toy Ornithopter":147},{"TwistedFunnel":194,"Ice Cream":587,"Gremlin Horn":127,"Nilry\u0027s Codex":265,"Vajra":171,"Ginger":395,"Boot":193,"Sling":725,"Blood Vial":193,"Centennial Puzzle":534,"HornCleat":615,"DollysMirror":141,"Sundial":452,"Philosopher\u0027s Stone":26,"MealTicket":638,"Kunai":276,"Toxic Egg 2":346,"Happy Flower":276,"Dead Branch":83,"Oddly Smooth Stone":127,"Eternal Feather":243,"Pen Nib":634,"Paper Crane":294,"War Paint":534,"Question Card":326,"SlaversCollar":67,"Shuriken":332,"Bronze Scales":243,"Bird Faced Urn":358,"Black Star":303,"Ring of the Serpent":154,"Meat on the Bone":143,"Pocketwatch":389,"Darkstone Periapt":363,"Regal Pillow":27,"Lantern":173,"Singing Bowl":247,"Torii":534,"Snake Skull":195,"Juzu Bracelet":36,"Smiling Mask":27,"Empty Cage":204,"Ancient Tea Set":456,"Cursed Key":672,"ClockworkSouvenir":346,"Nunchaku":47,"Dream Catcher":141,"Shovel":188,"WristBlade":629,"Mummified Hand":143,"Ninja Scroll":188,"Gambling Chip":634,"Toolbox":247,"Tiny Chest":41,"Red Mask":756,"InkBottle":109,"Ring of the Snake":0,"Potion Belt":417,"Lee\u0027s Waffle":516,"NeowsBlessing":0,"The Specimen":127,"Thread and Needle":492,"PreservedInsect":146,"Omamori":109,"Orichalcum":15,"White Beast Statue":492,"Calling Bell":127,"Peace Pipe":582,"Anchor":326,"CaptainsWheel":602,"Ornamental Fan":15,"Membership Card":205,"FossilizedHelix":683,"Toy Ornithopter":734}],"Toy Ornithopter":15,"Ring of the Snake":[206]},"card_choices":[{"not_picked":["Acrobatics","Escape Plan"],"picked":"Quick Slash","floor":1.0},{"not_picked":["Riddle With Holes","Skewer"],"picked":"All Out Attack","floor":7.0},{"not_picked":["Slice","Outmaneuver+1"],"picked":"Poisoned Stab","floor":10.0},{"not_picked":["Acrobatics+1","Heel Hook"],"picked":"Distraction+1","floor":13.0},{"not_picked":["Deadly Poison+1","Slice"],"picked":"Poisoned Stab","floor":14.0},{"not_picked":["Tools of the Trade","Die Die Die"],"picked":"Corpse Explosion+1","floor":16.0},{"not_picked":["Finisher","Quick Slash"],"picked":"Terror+1","floor":18},{"not_picked":["Deadly Poison+1","Cloak And Dagger+1"],"picked":"PiercingWail+1","floor":19},{"not_picked":["Sucker Punch","PiercingWail+1"],"picked":"Poisoned Stab","floor":21},{"not_picked":["Poisoned Stab","Sucker Punch"],"picked":"Noxious Fumes","floor":22}],"player_experience":404792,"relics_obtained":[{"floor":5.0,"key":"Toxic Egg 2"},{"floor":9.0,"key":"Vajra"},{"floor":10.0,"key":"Toy Ornithopter"},{"floor":11.0,"key":"FossilizedHelix"},{"floor":14.0,"key":"Omamori"},{"floor":19,"key":"Red Mask"}],"event_choices":[{"damage_healed":0.0,"max_hp_gain":0.0,"max_hp_loss":0.0,"gold_gain":175.0,"event_name":"Liars Game","player_choice":"AGREE","floor":2.0,"gold_loss":0.0,"damage_taken":0.0,"cards_obtained":["Doubt"]},{"damage_healed":0.0,"max_hp_gain":0.0,"max_hp_loss":0.0,"gold_gain":0.0,"event_name":"Living Wall","player_choice":"Grow","floor":3.0,"gold_loss":0.0,"damage_taken":0.0,"cards_upgraded":["Apotheosis"]},{"damage_healed":0,"gold_gain":0,"player_choice":"Fought Bandits","damage_taken":0,"max_hp_gain":0,"max_hp_loss":0,"event_name":"Masked Bandits","floor":19,"gold_loss":0}],"is_beta":false,"boss_relics":[{"not_picked":["Astrolabe","Busted Crown"],"picked":"Black Star"}],"items_purged_floors":[],"is_endless":false,"potions_floor_spawned":[10,13,14,21,22],"killed_by":"Gremlin Leader","ascension_level":14}}