{"host":"ydg0vn0pu4pubmdt","time":1612431208,"event":{"mods":["AchievementEnabler","BaseMod","Colored Map","Gold Saver","Minty Spire (QoL Compilation)","Quick Restart","SuperFastMode"],"gold_per_floor":[14,30,30,50,50,50,60,95,174,174,174],"floor_reached":10,"language":"KOR","playtime":264,"items_purged":[],"score":136,"play_id":"e1763bea-7651-4392-97da-2d1fa1cff20b","local_time":"20210204183328","is_ascension_mode":true,"campfire_choices":[{"data":"Die Die Die","floor":6.0,"key":"SMITH"}],"circlet_count":0,"master_deck":["AscendersBane","Strike_G","Strike_G","Strike_G","Strike_G","Defend_G","Defend_G","Defend_G","Defend_G","Defend_G","Survivor","Neutralize","Sadistic Nature","Prepared","After Image","Eviscerate","Die Die Die+1","Neutralize","Blade Dance"],"relics":["Ring of the Snake","Mango","Meat on the Bone"],"acts_visited":["Exordium"],"potions_floor_usage":[],"damage_taken":[{"damage":4.0,"enemies":"Small Slimes","floor":1.0,"turns":3.0},{"damage":5.0,"enemies":"2 Louse","floor":2.0,"turns":3.0},{"damage":0.0,"enemies":"Cultist","floor":4.0,"turns":5.0},{"damage":6.0,"enemies":"Exordium Wildlife","floor":7.0,"turns":4.0},{"damage":30.0,"enemies":"Lagavulin","floor":8.0,"turns":8.0},{"damage":30,"enemies":"Gremlin Nob","floor":10,"turns":3}],"seed_played":"-5552173909211929141","potions_obtained":[{"floor":8.0,"key":"Fruit Juice"}],"is_trial":false,"path_per_floor":["M","M","?","M","?","R","M","E","T","E"],"character_chosen":"THE_SILENT","items_purchased":[],"campfire_rested":0,"item_purchase_floors":[],"current_hp_per_floor":[55,50,50,50,50,50,44,28,28,0,0],"gold":174,"neow_bonus":"RANDOM_COLORLESS_2","is_daily":false,"chose_seed":false,"campfire_upgraded":1,"win_rate":0.0,"timestamp":1612431208,"path_taken":["M","M","?","M","?","R","M","E","T","E"],"items_purchased_type":[],"build_version":"2020-12-22","purchased_purges":0,"victory":false,"max_hp_per_floor":[66,66,66,66,66,66,66,80,80,80,80],"card_choices":[{"not_picked":["Violence","Master of Strategy"],"picked":"Sadistic Nature","floor":0.0},{"not_picked":["PiercingWail","Acrobatics"],"picked":"Prepared","floor":1.0},{"not_picked":["Leg Sweep","Calculated Gamble"],"picked":"After Image","floor":2.0},{"not_picked":["Backflip","Terror"],"picked":"Eviscerate","floor":4.0},{"not_picked":["Dagger Spray","Underhanded Strike","Bouncing Flask"],"picked":"SKIP","floor":7.0},{"not_picked":["Dagger Spray","Underhanded Strike","Bouncing Flask"],"picked":"SKIP","floor":7.0},{"not_picked":["Poisoned Stab","Riddle With Holes","Quick Slash"],"picked":"SKIP","floor":8.0}],"player_experience":617105,"relics_obtained":[{"floor":8.0,"key":"Mango"},{"floor":9.0,"key":"Meat on the Bone"}],"event_choices":[{"cards_removed":["Strike_G"],"damage_healed":0.0,"max_hp_gain":0.0,"max_hp_loss":0.0,"gold_gain":0.0,"event_name":"Living Wall","player_choice":"Forget","floor":3.0,"gold_loss":0.0,"damage_taken":0.0},{"damage_healed":0.0,"max_hp_gain":0.0,"max_hp_loss":0.0,"gold_gain":0.0,"event_name":"Match and Keep!","player_choice":"3 cards matched","floor":5.0,"gold_loss":0.0,"damage_taken":0.0,"cards_obtained":["Die Die Die","Neutralize","Blade Dance"]}],"is_beta":false,"boss_relics":[],"items_purged_floors":[],"is_endless":false,"potions_floor_spawned":[8],"killed_by":"Gremlin Nob","ascension_level":20}}