{"host":"2i1rjl87isetstuj","time":1612440539,"event":{"mods":["BaseMod","Better Vampires","Challenge The Spire","Lobotomy","LobotomyExtend","Marked Mod","Minty Spire (QoL Compilation)","Quick Restart","Shop Mod","StSLib","Waifu the Spire","óô»ðÖ¸ÄÏ"],"gold_per_floor":[117,292,292,311,17,17,55,55,55,55,88,102,123,137,137,262,262,262,94,94,112,136,136,186,186,186],"floor_reached":25,"language":"ZHS","playtime":571,"items_purged":["Doubt","Strike_R"],"score":246,"play_id":"93cffe20-fa04-4ccc-a259-a698dca9bc87","local_time":"20210204200859","is_ascension_mode":true,"campfire_choices":[{"data":"Immolate","floor":6.0,"key":"SMITH"},{"data":"Inflame","floor":8,"key":"SMITH"},{"floor":15,"key":"REST"},{"data":"Brutality","floor":23,"key":"SMITH"}],"circlet_count":0,"master_deck":["Strike_R","Strike_R","Strike_R","Defend_R","Defend_R","Defend_R","Defend_R","Bash","Reckless Charge+1","Rupture","Immolate+1","Inflame+1","Cleave","Combust","Spot Weakness","Thunderclap","Seeing Red","Brutality+1","Hemokinesis","Writhe","Sword Boomerang+1"],"relics":["Runic Dome","Golden Idol","Happy Flower","LetterFromLob","Paper Frog","StrikeDummy","Black Star","Toxic Egg 2"],"acts_visited":["Exordium","TheCity"],"potions_floor_usage":[7,16,16,25],"damage_taken":[{"damage":0.0,"enemies":"Cultist","floor":1.0,"turns":3.0},{"damage":6.0,"enemies":"Jaw Worm","floor":4.0,"turns":2.0},{"damage":0,"enemies":"Gremlin Nob","floor":7,"turns":2},{"damage":21,"enemies":"Lagavulin","floor":11,"turns":4},{"damage":0,"enemies":"2 Louse","floor":12,"turns":1},{"damage":0,"enemies":"2 Fungi Beasts","floor":13,"turns":1},{"damage":14,"enemies":"3 Louse","floor":14,"turns":2},{"damage":37,"enemies":"Hexaghost","floor":16,"turns":6},{"damage":6,"enemies":"Spheric Guardian","floor":18,"turns":7},{"damage":36,"enemies":"Spheric Guardian","floor":21,"turns":5},{"damage":16,"enemies":"2 Thieves","floor":22,"turns":2},{"damage":12,"enemies":"Gremlin Leader","floor":25,"turns":1}],"seed_played":"-6075247144019432256","potions_obtained":[{"floor":1.0,"key":"Energy Potion"},{"floor":12,"key":"Fire Potion"},{"floor":14,"key":"SteroidPotion"},{"floor":22,"key":"Regen Potion"}],"is_trial":false,"path_per_floor":["M","?","?","M","$","R","E","R","T","?","E","M","M","M","R","B",null,"M","$","?","M","M","R","?","E"],"character_chosen":"IRONCLAD","items_purchased":["Immolate","Inflame","Hemokinesis"],"campfire_rested":1,"item_purchase_floors":[5,5,19],"current_hp_per_floor":[80,80,60,54,54,54,54,54,54,54,33,33,33,19,43,6,80,54,54,54,18,2,2,2,0,0],"gold":186,"neow_bonus":"BOSS_RELIC","is_daily":false,"chose_seed":false,"campfire_upgraded":3,"win_rate":0.0,"timestamp":1612440539,"path_taken":["M","?","?","M","$","R","E","R","T","?","E","M","M","M","R","BOSS","M","$","?","M","M","R","?","E"],"items_purchased_type":["Card","Card","Card"],"build_version":"2020-12-22","purchased_purges":2,"victory":false,"max_hp_per_floor":[80,80,80,80,80,80,80,80,80,80,80,80,80,80,80,80,80,80,80,80,80,80,80,80,80,80],"card_choices":[{"not_picked":["Warcry","Perfected Strike"],"picked":"Reckless Charge","floor":1.0},{"not_picked":["Dark Embrace","Twin Strike"],"picked":"Rupture","floor":4.0},{"not_picked":["Rampage","Dark Embrace"],"picked":"Cleave","floor":7},{"not_picked":["Headbutt","Second Wind"],"picked":"Combust","floor":11},{"not_picked":["Clothesline","Iron Wave"],"picked":"Spot Weakness","floor":12},{"not_picked":["Cleave","Spot Weakness"],"picked":"Thunderclap","floor":13},{"not_picked":["Warcry","Headbutt"],"picked":"Seeing Red","floor":14},{"not_picked":["Juggernaut","Demon Form"],"picked":"Brutality","floor":16},{"not_picked":["Wild Strike+1","Cleave","Iron Wave"],"picked":"SKIP","floor":21},{"not_picked":["Perfected Strike","Spot Weakness+1"],"picked":"Sword Boomerang+1","floor":22}],"player_experience":121228,"relics_obtained":[{"floor":7,"key":"Happy Flower"},{"floor":7,"key":"LetterFromLob"},{"floor":9,"key":"Paper Frog"},{"floor":11,"key":"StrikeDummy"}],"event_choices":[{"damage_healed":0.0,"max_hp_gain":0.0,"max_hp_loss":0.0,"gold_gain":175.0,"event_name":"Liars Game","player_choice":"AGREE","floor":2.0,"gold_loss":0.0,"damage_taken":0.0,"cards_obtained":["Doubt"]},{"damage_healed":0.0,"max_hp_gain":0.0,"max_hp_loss":0.0,"gold_gain":0.0,"event_name":"Golden Idol","player_choice":"Take Damage","floor":3.0,"gold_loss":0.0,"damage_taken":20.0,"relics_obtained":["Golden Idol"]},{"cards_removed":["Strike_R"],"damage_healed":0,"gold_gain":0,"player_choice":"Forget","damage_taken":0,"max_hp_gain":0,"max_hp_loss":0,"event_name":"Living Wall","floor":10,"gold_loss":0},{"damage_healed":0,"gold_gain":0,"player_choice":"Opened","damage_taken":0,"relics_obtained":["Toxic Egg 2"],"max_hp_gain":0,"max_hp_loss":0,"event_name":"The Mausoleum","floor":20,"gold_loss":0,"cards_obtained":["Writhe"]},{"damage_healed":0,"gold_gain":100,"player_choice":"Bet on Murderer","damage_taken":0,"max_hp_gain":0,"max_hp_loss":0,"event_name":"The Joust","floor":24,"gold_loss":50}],"is_beta":false,"boss_relics":[{"not_picked":["Snecko Eye","Empty Cage"],"picked":"Black Star"}],"items_purged_floors":[5,19],"is_endless":false,"potions_floor_spawned":[1,12,14,22],"killed_by":"Gremlin Leader","ascension_level":1}}