{"host":"facnppb4175fcpe2","time":1612463281,"event":{"mods":["AchievementEnabler","BaseMod","Colored Map","Colored Powertips","Highlight Path","Minty Spire (QoL Compilation)","Quick Restart","Rare Cards Sparkle","Relic Stats","StSLib","SuperFastMode"],"gold_per_floor":[115,126,139,139,149,169,20,48,74,74,90,90,120,134,134,238,238,251,251,262,275,133,160,160,190,190,202,219,250,267,293,293,293,293],"floor_reached":33,"language":"ZHS","playtime":970,"items_purged":["Strike_G"],"score":443,"play_id":"dc238548-fd04-415e-aa8d-b0cf5fa7eb29","local_time":"20210205022801","is_ascension_mode":true,"campfire_choices":[{"data":"Deadly Poison","floor":10.0,"key":"SMITH"},{"data":"Defend_G","floor":12.0,"key":"SMITH"},{"floor":15.0,"key":"REST"},{"data":"Bouncing Flask","floor":24.0,"key":"SMITH"},{"data":"Defend_G","floor":32.0,"key":"SMITH"}],"circlet_count":0,"master_deck":["Strike_G","Strike_G","Strike_G","Strike_G","Defend_G","Defend_G","Defend_G+1","Defend_G+1","Defend_G+1","Survivor","Neutralize","Deadly Poison+1","Adrenaline","Adrenaline","Bouncing Flask+1","Deadly Poison","Escape Plan+1"],"relics":["Ring of the Snake","CultistMask","TwistedFunnel","Potion Belt","Snake Skull","MealTicket","Runic Dome","Bag of Preparation","Smiling Mask","Art of War","HornCleat"],"acts_visited":["Exordium","TheCity"],"potions_floor_usage":[33,33],"damage_taken":[{"damage":6.0,"enemies":"Cultist","floor":1.0,"turns":4.0},{"damage":0.0,"enemies":"Jaw Worm","floor":2.0,"turns":9.0},{"damage":0.0,"enemies":"2 Louse","floor":3.0,"turns":3.0},{"damage":3.0,"enemies":"Blue Slaver","floor":5.0,"turns":8.0},{"damage":20.0,"enemies":"Large Slime","floor":6.0,"turns":7.0},{"damage":20.0,"enemies":"Lagavulin","floor":8.0,"turns":7.0},{"damage":3.0,"enemies":"Looter","floor":11.0,"turns":3.0},{"damage":8.0,"enemies":"3 Sentries","floor":13.0,"turns":10.0},{"damage":1.0,"enemies":"Blue Slaver","floor":14.0,"turns":3.0},{"damage":22.0,"enemies":"The Guardian","floor":16.0,"turns":11.0},{"damage":0.0,"enemies":"3 Byrds","floor":18.0,"turns":4.0},{"damage":0.0,"enemies":"Chosen","floor":20.0,"turns":4.0},{"damage":8.0,"enemies":"3 Cultists","floor":21.0,"turns":6.0},{"damage":28.0,"enemies":"Slavers","floor":23.0,"turns":6.0},{"damage":3.0,"enemies":"Book of Stabbing","floor":25.0,"turns":4.0},{"damage":2.0,"enemies":"Sentry and Sphere","floor":27.0,"turns":3.0},{"damage":8.0,"enemies":"Snake Plant","floor":28.0,"turns":3.0},{"damage":9.0,"enemies":"Gremlin Leader","floor":29.0,"turns":5.0},{"damage":4.0,"enemies":"Centurion and Healer","floor":30.0,"turns":5.0},{"damage":3.0,"enemies":"Book of Stabbing","floor":31.0,"turns":4.0},{"damage":28,"enemies":"Automaton","floor":33,"turns":6}],"seed_played":"5669518882888281449","potions_obtained":[{"floor":2.0,"key":"FearPotion"},{"floor":3.0,"key":"BlessingOfTheForge"},{"floor":5.0,"key":"SteroidPotion"},{"floor":11.0,"key":"LiquidMemories"},{"floor":20.0,"key":"DistilledChaos"},{"floor":25.0,"key":"EssenceOfSteel"},{"floor":27.0,"key":"BlessingOfTheForge"},{"floor":29.0,"key":"ColorlessPotion"},{"floor":31.0,"key":"Fruit Juice"}],"is_trial":false,"path_per_floor":["M","M","M","?","M","M","$","E","T","R","M","R","E","M","R","B",null,"M","?","M","M","$","E","R","E","T","M","M","E","M","E","R","B"],"character_chosen":"THE_SILENT","items_purchased":["TwistedFunnel","Bouncing Flask"],"campfire_rested":1,"item_purchase_floors":[7,22],"current_hp_per_floor":[64,64,64,64,61,41,41,21,21,21,18,18,10,9,32,10,60,60,60,60,52,67,39,39,36,36,34,26,17,13,15,15,0,0],"gold":293,"neow_bonus":"TEN_PERCENT_HP_BONUS","is_daily":false,"chose_seed":false,"campfire_upgraded":4,"win_rate":0.0,"timestamp":1612463281,"path_taken":["M","M","?","?","M","?","?","E","T","R","M","R","E","M","R","BOSS","M","?","M","M","$","E","R","E","T","M","M","E","M","E","R","BOSS"],"items_purchased_type":["Relic","Card"],"build_version":"2020-12-22","purchased_purges":1,"victory":false,"max_hp_per_floor":[77,77,77,77,77,77,77,77,77,77,77,77,77,77,77,77,77,77,77,77,77,77,77,77,77,77,77,77,77,77,82,82,82,82],"relic_stats":{"counters":[21,115],"MealTicket":15,"Snake Skull":[117],"Bag of Preparation":[14],"Art of War":[3],"Smiling Mask":0,"obtain_stats":[{"TwistedFunnel":7,"Potion Belt":8,"Runic Dome":17,"HornCleat":31,"MealTicket":13,"CultistMask":4,"Snake Skull":9,"Bag of Preparation":23,"Art of War":29,"Smiling Mask":25,"Ring of the Snake":0},{"TwistedFunnel":5,"Potion Belt":6,"Runic Dome":10,"HornCleat":20,"MealTicket":8,"CultistMask":3,"Snake Skull":6,"Bag of Preparation":14,"Art of War":18,"Smiling Mask":15,"Ring of the Snake":0},{"TwistedFunnel":31,"Potion Belt":38,"Runic Dome":65,"HornCleat":109,"MealTicket":51,"CultistMask":16,"Snake Skull":38,"Bag of Preparation":85,"Art of War":100,"Smiling Mask":89,"Ring of the Snake":0}],"Ring of the Snake":[42]},"card_choices":[{"not_picked":["Dodge and Roll","Backflip","Finisher"],"picked":"SKIP","floor":1.0},{"not_picked":["Backflip","Bane","Concentrate"],"picked":"SKIP","floor":2.0},{"not_picked":["Poisoned Stab","Accuracy","Dodge and Roll"],"picked":"SKIP","floor":3.0},{"not_picked":["Prepared","Flechettes"],"picked":"Deadly Poison","floor":5.0},{"not_picked":["Deadly Poison","Crippling Poison"],"picked":"Adrenaline","floor":6.0},{"not_picked":["Quick Slash","Flying Knee","Eviscerate"],"picked":"SKIP","floor":8.0},{"not_picked":["Quick Slash","Flying Knee","Eviscerate"],"picked":"SKIP","floor":8.0},{"not_picked":["Dodge and Roll","Dagger Spray","Acrobatics"],"picked":"SKIP","floor":11.0},{"not_picked":["Well Laid Plans","Crippling Poison","Prepared"],"picked":"SKIP","floor":13.0},{"not_picked":["Flying Knee","Sucker Punch","Prepared"],"picked":"SKIP","floor":14.0},{"not_picked":["Wraith Form v2","Envenom"],"picked":"Adrenaline","floor":16.0},{"not_picked":["Bane","Prepared+1","Predator"],"picked":"SKIP","floor":18.0},{"not_picked":["Expertise+1","Blade Dance","Quick Slash"],"picked":"SKIP","floor":20.0},{"not_picked":["Dodge and Roll","Prepared+1","PiercingWail+1"],"picked":"SKIP","floor":21.0},{"not_picked":["Bane+1","Unload","Slice"],"picked":"SKIP","floor":23.0},{"not_picked":["Skewer","Backstab"],"picked":"Deadly Poison","floor":25.0},{"not_picked":["Underhanded Strike","Dodge and Roll","Setup"],"picked":"SKIP","floor":27.0},{"not_picked":["Predator","Infinite Blades","Bane"],"picked":"SKIP","floor":28.0},{"not_picked":["Choke","Infinite Blades"],"picked":"Escape Plan+1","floor":29.0},{"not_picked":["PiercingWail","Cloak And Dagger","Quick Slash"],"picked":"SKIP","floor":30.0},{"not_picked":["PiercingWail","Terror","Setup"],"picked":"SKIP","floor":31.0}],"player_experience":130483,"relics_obtained":[{"floor":8.0,"key":"Potion Belt"},{"floor":9.0,"key":"Snake Skull"},{"floor":13.0,"key":"MealTicket"},{"floor":23.0,"key":"Bag of Preparation"},{"floor":25.0,"key":"Smiling Mask"},{"floor":29.0,"key":"Art of War"},{"floor":31.0,"key":"HornCleat"}],"event_choices":[{"damage_healed":0.0,"max_hp_gain":0.0,"max_hp_loss":0.0,"gold_gain":0.0,"event_name":"FaceTrader","player_choice":"Trade","floor":4.0,"gold_loss":0.0,"damage_taken":0.0,"relics_obtained":["CultistMask"]},{"damage_healed":0.0,"max_hp_gain":0.0,"max_hp_loss":0.0,"gold_gain":0.0,"event_name":"Accursed Blacksmith","player_choice":"Forge","floor":19.0,"gold_loss":0.0,"damage_taken":0.0,"cards_upgraded":["Defend_G"]}],"is_beta":false,"boss_relics":[{"not_picked":["Tiny House","Snecko Eye"],"picked":"Runic Dome"}],"items_purged_floors":[22],"is_endless":false,"potions_floor_spawned":[2,3,5,11,20,25,27,29,31],"killed_by":"Automaton","ascension_level":6}}