{"host":"vm8b3ptwl81uq21f","time":1612461821,"event":{"mods":["Act Like it!","Aspiration","BaseMod","BetterRewards","Colored Map","Colored Powertips","GifTheSpireLib","Googly Eyes","GungeonMod","Halation","Hallownest","Hubris","Infinite Spire","Minty Spire (QoL Compilation)","Quick Restart","Rare Cards Sparkle","Replay The Spire","Shop Mod","Spicy Shops","StSLib","Stuff the Spire","The IronCluck","[IsaacMod]????"],"gold_per_floor":[116,127,140,157,171,201,201,230,253,253,35,35,30,45,45,45,45],"floor_reached":16,"language":"ENG","playtime":986,"items_purged":["Defend_G"],"score":267,"play_id":"5dafbb17-0114-4daa-aeaf-c4bbecb7137d","local_time":"20210204130341","is_ascension_mode":true,"campfire_choices":[{"data":"Strike_G","floor":7.0,"key":"PURGE"},{"data":"Infinite Blades","floor":10.0,"key":"SMITH"},{"data":"ReplayTheSpireMod:Scrap Shanks","floor":12.0,"key":"SMITH"},{"floor":15,"key":"REST"}],"circlet_count":0,"master_deck":["AscendersBane","Defend_G","Neutralize","Secret Technique","ReplayTheSpireMod:Speed Training","Acrobatics","Reflex","Cloak And Dagger","Blade Dance","Infinite Blades+1","ReplayTheSpireMod:Scrap Shanks+1","Madness","Quick Slash"],"relics":["Ring of the Snake","HushsDoor","HornCleat","Chaos","MerchantsRug","Diplopia","halation:CatFaceCupcake","Tingsha"],"acts_visited":["Exordium"],"potions_floor_usage":[16],"damage_taken":[{"damage":9.0,"enemies":"infinitespire:Voidling","floor":1.0,"turns":4.0},{"damage":3.0,"enemies":"Cultist","floor":2.0,"turns":5.0},{"damage":5.0,"enemies":"2 Louse","floor":3.0,"turns":2.0},{"damage":0.0,"enemies":"2 Fungi Beasts","floor":4.0,"turns":4.0},{"damage":0.0,"enemies":"Blue Slaver","floor":5.0,"turns":5.0},{"damage":13.0,"enemies":"Gremlin Nob","floor":6.0,"turns":5.0},{"damage":15.0,"enemies":"Replay:BlueRogue","floor":8.0,"turns":6.0},{"damage":40,"enemies":"Exordium Wildlife","floor":14,"turns":7},{"damage":4,"enemies":"Hexaghost","floor":16,"turns":4}],"seed_played":"-2026749421980521215","potions_obtained":[{"floor":1.0,"key":"Fire Potion"},{"floor":6.0,"key":"PowerPotion"},{"floor":8.0,"key":"BlessingOfTheForge"},{"floor":14,"key":"SteroidPotion"}],"is_trial":false,"path_per_floor":["M","M","M","M","M","E","R","E","T","R","$","R","$","M","R","B"],"character_chosen":"THE_SILENT","items_purchased":["hubris:Reverence","HornCleat","Chaos","Lee\u0027s Waffle","MerchantsRug","StuffTheSpire:Saxophone","Replay:Multitool","BlessingOfTheForge","Explosive Potion","LifebloodPotion","Ancient Potion","Secret Technique","StuffTheSpire:Python","halation:CatFaceCupcake","ReplayTheSpireMod:Scrap Shanks","Tingsha","Madness"],"campfire_rested":1,"item_purchase_floors":[0,0,0,0,0,0,0,0,0,0,0,0,0,11,11,11,13],"current_hp_per_floor":[77,74,69,69,69,56,56,49,49,49,49,49,49,9,32,28,28],"gold":45,"neow_bonus":"","is_daily":false,"chose_seed":false,"campfire_upgraded":2,"win_rate":0.0,"timestamp":1612461821,"path_taken":["M","M","M","M","?","E","R","E","T","R","$","R","?","M","R","BOSS"],"items_purchased_type":["Relic","Relic","Card","Relic","Relic","Relic","Relic","Potion","Potion","Potion","Potion","Card","Card","Relic","Card","Relic","Card"],"build_version":"2020-12-22","purchased_purges":1,"victory":false,"max_hp_per_floor":[77,77,77,77,77,77,77,77,77,77,77,77,77,77,77,77,77],"card_choices":[{"not_picked":["Deadly Poison","Phantasmal Killer"],"picked":"ReplayTheSpireMod:Speed Training","floor":1.0},{"not_picked":["StuffTheSpire:MirrorStance","StuffTheSpire:Injection"],"picked":"Acrobatics","floor":2.0},{"not_picked":["ReplayTheSpireMod:Exploit Weakness","Slice","Toxin Wave"],"picked":"SKIP","floor":3.0},{"not_picked":["Tactician","hubris:TrickCloak"],"picked":"Reflex","floor":4.0},{"not_picked":["StuffTheSpire:Sprint","ReplayTheSpireMod:Tripwire"],"picked":"Cloak And Dagger","floor":5.0},{"not_picked":["Cloak And Dagger","Flying Knee"],"picked":"Blade Dance","floor":6.0},{"not_picked":["StuffTheSpire:ClusterCrunch","Poison Darts"],"picked":"Infinite Blades","floor":8.0},{"not_picked":["StuffTheSpire:Incantation","Sucker Punch"],"picked":"Quick Slash","floor":14}],"player_experience":392954,"relics_obtained":[{"floor":6.0,"key":"Snack Pack"},{"floor":8.0,"key":"Damocles"},{"floor":9.0,"key":"Diplopia"}],"event_choices":[],"is_beta":false,"boss_relics":[],"items_purged_floors":[0],"is_endless":false,"potions_floor_spawned":[1,6,8,14],"killed_by":"Hexaghost","ascension_level":13}}