{"host":"06gxn1c1bsk424jw","time":1612435196,"event":{"mods":["BaseMod","DeckTracker","Minty Spire (QoL Compilation)","SuperFastMode"],"gold_per_floor":[359,44,62,77,95,95,126,126,126,159,124,124,152,168,168,269,269,284,284,308,308,79,111,111,123,202,202,234,246,146,161,161,261,261,276,289,289,302,312,312,331,331,384,409,436,449,1,51,51,51],"floor_reached":51,"language":"KOR","playtime":5646,"items_purged":["Defend_G","Defend_G","Strike_G"],"score":1164,"play_id":"a898b074-057c-472e-9c3a-cded73c5ab43","local_time":"20210204193956","is_ascension_mode":true,"campfire_choices":[{"floor":6,"key":"REST"},{"floor":8,"key":"REST"},{"floor":15,"key":"REST"},{"floor":24,"key":"REST"},{"data":"Neutralize","floor":27,"key":"SMITH"},{"data":"Cloak And Dagger","floor":32,"key":"SMITH"},{"data":"After Image","floor":40,"key":"SMITH"},{"data":"Accuracy","floor":49,"key":"SMITH"}],"circlet_count":0,"master_deck":["AscendersBane","Strike_G","Strike_G+1","Defend_G","Survivor","Neutralize+1","Dagger Spray","Unload","Terror+1","PiercingWail","Blur","Dagger Throw+1","Die Die Die","Dodge and Roll","Cloak And Dagger+1","Corpse Explosion","Calculated Gamble","After Image+1","Skewer+1","Acrobatics+1","Cloak And Dagger","Burst","Burst+1","Heel Hook+1","Backstab+1","Backflip+1","Blade Dance+1","Blade Dance+1","Cloak And Dagger+1","Unload","Finisher","Accuracy+1","Sucker Punch+1"],"relics":["Ring of the Snake","Kunai","Eternal Feather","Paper Crane","StrikeDummy","Vajra","Sozu","Potion Belt","ClockworkSouvenir","Lizard Tail","Bottled Flame","Tiny Chest","Astrolabe","Whetstone","Ornamental Fan","Snake Skull","Bottled Lightning","Tough Bandages"],"acts_visited":["TheCity","TheBeyond"],"potions_floor_usage":[7,10],"damage_taken":[{"damage":2,"enemies":"Cultist","floor":1,"turns":4},{"damage":0,"enemies":"Small Slimes","floor":3,"turns":3},{"damage":1,"enemies":"Jaw Worm","floor":4,"turns":4},{"damage":39,"enemies":"Exordium Thugs","floor":5,"turns":8},{"damage":21,"enemies":"3 Sentries","floor":7,"turns":8},{"damage":26,"enemies":"Gremlin Nob","floor":10,"turns":4},{"damage":11,"enemies":"Lagavulin","floor":13,"turns":7},{"damage":0,"enemies":"3 Louse","floor":14,"turns":2},{"damage":18,"enemies":"Hexaghost","floor":16,"turns":11},{"damage":15,"enemies":"2 Thieves","floor":18,"turns":4},{"damage":32,"enemies":"Book of Stabbing","floor":23,"turns":6},{"damage":4,"enemies":"Shell Parasite","floor":25,"turns":6},{"damage":0,"enemies":"Gremlin Leader","floor":28,"turns":7},{"damage":1,"enemies":"Snecko","floor":29,"turns":4},{"damage":2,"enemies":"Sentry and Sphere","floor":31,"turns":5},{"damage":45,"enemies":"Collector","floor":33,"turns":10},{"damage":2,"enemies":"3 Darklings","floor":35,"turns":3},{"damage":0,"enemies":"Orb Walker","floor":36,"turns":2},{"damage":4,"enemies":"Sphere and 2 Shapes","floor":38,"turns":5},{"damage":4,"enemies":"Jaw Worm Horde","floor":39,"turns":3},{"damage":5,"enemies":"Writhing Mass","floor":41,"turns":9},{"damage":0,"enemies":"Nemesis","floor":44,"turns":9},{"damage":1,"enemies":"3 Darklings","floor":46,"turns":2},{"damage":0,"enemies":"Mind Bloom Boss Battle","floor":48,"turns":6},{"damage":70,"enemies":"Awakened One","floor":50,"turns":14}],"seed_played":"713447922388911152","potions_obtained":[{"floor":4,"key":"Ancient Potion"},{"floor":5,"key":"PowerPotion"},{"floor":7,"key":"LiquidMemories"}],"is_trial":false,"path_per_floor":["M","$","M","M","M","R","E","R","T","E","?","?","E","M","R","B",null,"M","?","T","?","$","E","R","M","T","R","E","M","$","M","R","B",null,"M","M","?","M","M","R","M","?","T","E","T","M","$","?","R","B",null],"character_chosen":"THE_SILENT","items_purchased":["Kunai","Unload","ClockworkSouvenir","Accuracy","Bottled Lightning"],"campfire_rested":4,"item_purchase_floors":[2,2,22,47,47],"current_hp_per_floor":[61,61,61,60,21,39,18,45,45,19,19,19,8,8,38,20,52,37,37,37,58,58,26,56,52,52,63,63,62,62,60,63,18,52,50,50,50,46,42,60,55,55,55,55,55,54,54,54,63,31],"gold":51,"neow_bonus":"TWO_FIFTY_GOLD","is_daily":false,"chose_seed":false,"campfire_upgraded":4,"win_rate":0.0,"timestamp":1612435196,"path_taken":["M","$","M","M","M","R","E","R","T","E","?","?","E","?","R","BOSS","M","?","?","?","$","E","R","M","T","R","E","M","?","M","R","BOSS","M","M","?","M","M","R","M","?","T","E","?","M","$","?","R","BOSS"],"items_purchased_type":["Relic","Card","Relic","Card","Relic"],"build_version":"2020-12-22","purchased_purges":3,"victory":true,"max_hp_per_floor":[63,63,63,63,63,63,63,63,63,63,63,63,63,63,63,63,63,63,63,63,63,63,63,63,63,63,63,63,63,63,63,63,63,63,63,63,63,63,63,63,63,63,63,63,63,63,63,63,63,63],"card_choices":[{"not_picked":["Underhanded Strike","Blade Dance"],"picked":"Dagger Spray","floor":1},{"not_picked":["Poisoned Stab","Prepared"],"picked":"Terror","floor":3},{"not_picked":["Prepared","Deflect"],"picked":"PiercingWail","floor":4},{"not_picked":["Flying Knee","Dodge and Roll"],"picked":"Blur","floor":5},{"not_picked":["Concentrate","Poisoned Stab"],"picked":"Dagger Throw","floor":7},{"not_picked":["Blade Dance","Bane"],"picked":"Die Die Die","floor":10},{"not_picked":["Acrobatics","Expertise"],"picked":"Dodge and Roll","floor":13},{"not_picked":["Accuracy","Deflect"],"picked":"Cloak And Dagger","floor":14},{"not_picked":["A Thousand Cuts","Tools of the Trade"],"picked":"Corpse Explosion","floor":16},{"not_picked":["Terror","Eviscerate"],"picked":"Calculated Gamble","floor":18},{"not_picked":["Quick Slash","Flechettes"],"picked":"After Image","floor":23},{"not_picked":["Choke+1","Dodge and Roll+1"],"picked":"Skewer+1","floor":25},{"not_picked":["Outmaneuver","Heel Hook","Predator"],"picked":"SKIP","floor":28},{"not_picked":["Underhanded Strike","Deadly Poison+1"],"picked":"Acrobatics+1","floor":29},{"not_picked":["Dagger Throw","Underhanded Strike"],"picked":"Cloak And Dagger","floor":31},{"not_picked":["Phantasmal Killer","Wraith Form v2"],"picked":"Burst","floor":33},{"not_picked":["Dagger Throw+1","Dodge and Roll"],"picked":"Backflip+1","floor":35},{"not_picked":["Distraction","Dodge and Roll"],"picked":"Blade Dance+1","floor":36},{"not_picked":["Flechettes+1","Deflect"],"picked":"Blade Dance+1","floor":38},{"not_picked":["Deflect","Calculated Gamble+1"],"picked":"Cloak And Dagger+1","floor":39},{"not_picked":["Noxious Fumes+1","Footwork","Setup"],"picked":"SKIP","floor":41},{"not_picked":["Underhanded Strike","Prepared"],"picked":"Finisher","floor":44},{"not_picked":["Acrobatics+1","Prepared","Outmaneuver"],"picked":"SKIP","floor":46},{"not_picked":["Caltrops","Deadly Poison+1"],"picked":"Sucker Punch+1","floor":48}],"player_experience":734357,"relics_obtained":[{"floor":7,"key":"Eternal Feather"},{"floor":9,"key":"Paper Crane"},{"floor":10,"key":"StrikeDummy"},{"floor":13,"key":"Vajra"},{"floor":20,"key":"Potion Belt"},{"floor":23,"key":"Lizard Tail"},{"floor":26,"key":"Bottled Flame"},{"floor":28,"key":"Tiny Chest"},{"floor":43,"key":"Whetstone"},{"floor":44,"key":"Ornamental Fan"},{"floor":45,"key":"Snake Skull"},{"floor":48,"key":"Tough Bandages"}],"event_choices":[{"damage_healed":0,"gold_gain":0,"player_choice":"Left Gold","damage_taken":0,"max_hp_gain":0,"max_hp_loss":0,"event_name":"World of Goop","floor":11,"gold_loss":35},{"damage_healed":0,"gold_gain":0,"player_choice":"Upgraded","damage_taken":0,"max_hp_gain":0,"max_hp_loss":0,"event_name":"Upgrade Shrine","floor":12,"gold_loss":0,"cards_upgraded":["Terror"]},{"damage_healed":0,"gold_gain":0,"player_choice":"Ignored","damage_taken":0,"max_hp_gain":0,"max_hp_loss":0,"event_name":"Cursed Tome","floor":19,"gold_loss":0},{"damage_healed":21,"gold_gain":0,"player_choice":"Heal","damage_taken":0,"max_hp_gain":0,"max_hp_loss":0,"event_name":"The Library","floor":21,"gold_loss":0},{"damage_healed":0,"gold_gain":0,"player_choice":"Memory 1","damage_taken":0,"max_hp_gain":0,"max_hp_loss":0,"event_name":"SensoryStone","floor":37,"gold_loss":0},{"damage_healed":0,"gold_gain":0,"cards_transformed":["Defend_G"],"player_choice":"Transformed","damage_taken":0,"max_hp_gain":0,"max_hp_loss":0,"event_name":"Transmorgrifier","floor":42,"gold_loss":0,"cards_obtained":["Unload"]},{"damage_healed":0,"gold_gain":0,"player_choice":"Fight","damage_taken":0,"max_hp_gain":0,"max_hp_loss":0,"event_name":"MindBloom","floor":48,"gold_loss":0}],"is_beta":false,"boss_relics":[{"not_picked":["Pandora\u0027s Box","Ectoplasm"],"picked":"Sozu"},{"not_picked":["WristBlade","Ring of the Serpent"],"picked":"Astrolabe"}],"items_purged_floors":[22,30,47],"is_endless":false,"potions_floor_spawned":[4,5,7,18,25,33,38,41,44,46],"ascension_level":11}}