{"host":"f9mdfzi4ns4wieu7","time":1612416785,"event":{"mods":["Arknights","BaseMod","Better Note","Better Skull","Better Third Choice","Colored Powertips","Curses Come First","DeckTracker","GungeonMod","Hermit","Infinite Spire","Minty Spire (QoL Compilation)","Quick Restart","Random Character Button","Rare Cards Sparkle","Relic Sorter","Reliquary","Robot Space Explorer","Shade Mod","Smile Girya","StSLib","The Poker Player","The Saiyan","The Servant 0.9.4","TheBandit","WarShipGirlsR/????R mod","Yuyuko"],"gold_per_floor":[116,135,135,125,10,10,10,10,35,69,89,89,108,125,125,226,226,210,223,36,51,65,99,113,113,113,113,124,139,150,169,186,186,186,186,186],"floor_reached":35,"language":"ENG","playtime":6103,"items_purged":["Strike_G"],"score":310,"play_id":"428127db-e103-448c-bcbf-24d5da1f0837","local_time":"20210203223305","is_ascension_mode":false,"campfire_choices":[{"data":"Infinite Blades","floor":6.0,"key":"SMITH"},{"data":"Backflip","floor":8.0,"key":"SMITH"},{"data":"Phantasmal Killer","floor":12.0,"key":"SMITH"},{"data":"Neutralize","floor":15.0,"key":"SMITH"},{"data":"infinitespire:Neurotoxin","floor":27.0,"key":"SMITH"},{"floor":33.0,"key":"REST"}],"circlet_count":0,"master_deck":["Strike_G","Strike_G","Strike_G","Strike_G","Defend_G","Defend_G","Defend_G","Defend_G","Defend_G","Survivor","Neutralize+1","Backflip+1","Infinite Blades+1","Escape Plan","Phantasmal Killer+1","Masterful Stab","Slice","After Image","Dagger Spray","Flying Knee","Terror","Footwork","Slice","infinitespire:Neurotoxin+1","Blade Dance+1","Dagger Throw+1","Prepared","Deflect+1"],"relics":["Ring of the Snake","DemoMod:PoisonVial","NeowsBlessing","reliquary:SharkskinSheath","reliquary:QuartzCube","Sozu","Boot"],"acts_visited":["Exordium","TheCity","DemoMod:Maze"],"potions_floor_usage":[],"damage_taken":[{"damage":0.0,"enemies":"Small Slimes","floor":1.0,"turns":1.0},{"damage":0.0,"enemies":"2 Louse","floor":2.0,"turns":1.0},{"damage":0.0,"enemies":"Gremlin Nob","floor":10.0,"turns":1.0},{"damage":7.0,"enemies":"infinitespire:Voidling","floor":11.0,"turns":4.0},{"damage":1.0,"enemies":"Blue Slaver","floor":13.0,"turns":4.0},{"damage":1.0,"enemies":"Lots of Slimes","floor":14.0,"turns":3.0},{"damage":9.0,"enemies":"Slime Boss","floor":16.0,"turns":10.0},{"damage":5.0,"enemies":"2 Thieves","floor":18.0,"turns":4.0},{"damage":2.0,"enemies":"Spheric Guardian","floor":19.0,"turns":4.0},{"damage":10.0,"enemies":"Snecko","floor":21.0,"turns":5.0},{"damage":4.0,"enemies":"Centurion and Healer","floor":22.0,"turns":5.0},{"damage":24.0,"enemies":"Slavers","floor":23.0,"turns":7.0},{"damage":0.0,"enemies":"3 Cultists","floor":24.0,"turns":4.0},{"damage":5.0,"enemies":"DemoMod:2_Veteran_bullet_kins_and_red_shotgun_kin","floor":28.0,"turns":3.0},{"damage":10.0,"enemies":"DemoMod:Veteran_shot_gun_kin_and_bullet_kin","floor":29.0,"turns":2.0},{"damage":33.0,"enemies":"DemoMod:Veteran_shot_gun_kin_and_blue_shotgun_kin_with_gunsinger","floor":30.0,"turns":4.0},{"damage":15.0,"enemies":"DemoMod:2_Mousers","floor":31.0,"turns":4.0},{"damage":6.0,"enemies":"DemoMod:Veteran_shot_gun_kin_and_blue_shotgun_kin","floor":32.0,"turns":2.0},{"damage":10,"enemies":"DemoMod:ResourcefulRat","floor":35,"turns":6}],"seed_played":"3545108296955983071","potions_obtained":[{"floor":2.0,"key":"DemoMod:LeadSkinPotion"},{"floor":11.0,"key":"Weak Potion"},{"floor":13.0,"key":"Dexterity Potion"},{"floor":16.0,"key":"Regen Potion"}],"is_trial":false,"path_per_floor":["M","M","?","?","$","R","?","R","T","E","M","R","M","M","R","B",null,"M","M","$","M","M","E","M","?","T","R","M","M","M","M","M","R","B","B"],"character_chosen":"THE_SILENT","items_purchased":["DemoMod:GnawedKey","Terror","Footwork"],"campfire_rested":1,"item_purchase_floors":[5,20,20],"current_hp_per_floor":[70,70,70,70,70,70,70,70,70,70,63,63,62,61,61,52,70,65,63,63,53,58,34,34,34,70,70,65,55,22,7,1,22,10,0,0],"gold":186,"neow_bonus":"THREE_ENEMY_KILL","is_daily":false,"chose_seed":false,"campfire_upgraded":5,"win_rate":0.0,"timestamp":1612416785,"path_taken":["M","M","?","?","$","R","?","R","T","E","M","R","M","M","R","BOSS","M","?","$","M","M","E","M","?","T","R","M","M","M","M","M","R","BOSS","BOSS"],"items_purchased_type":["Relic","Card","Card"],"build_version":"2020-12-22","purchased_purges":1,"victory":false,"max_hp_per_floor":[70,70,70,70,70,70,70,70,70,70,70,70,70,70,70,70,70,70,70,70,70,70,70,70,70,70,70,70,70,70,70,70,70,70,70,70],"card_choices":[{"not_picked":["Backstab","Flying Knee"],"picked":"Backflip","floor":1.0},{"not_picked":["Dash","Underhanded Strike"],"picked":"Infinite Blades","floor":2.0},{"not_picked":["Phantasmal Killer","Endless Agony"],"picked":"Escape Plan","floor":10.0},{"not_picked":["Slice","Poisoned Stab"],"picked":"Phantasmal Killer","floor":11.0},{"not_picked":["Dagger Spray","Predator"],"picked":"Masterful Stab","floor":13.0},{"not_picked":["Predator","Masterful Stab"],"picked":"Slice","floor":14.0},{"not_picked":["Die Die Die","Doppelganger"],"picked":"After Image","floor":16.0},{"not_picked":["Sucker Punch","Deadly Poison+1"],"picked":"Dagger Spray","floor":18.0},{"not_picked":["Well Laid Plans+1","Dagger Spray+1"],"picked":"Flying Knee","floor":19.0},{"not_picked":["Deadly Poison+1","Quick Slash"],"picked":"Slice","floor":21.0},{"not_picked":["Backflip+1","Footwork"],"picked":"infinitespire:Neurotoxin","floor":22.0},{"not_picked":["Deflect","Phantasmal Killer"],"picked":"Blade Dance+1","floor":23.0},{"not_picked":["Tactician","Backflip"],"picked":"Dagger Throw+1","floor":24.0},{"not_picked":["Blade Dance","Distraction+1"],"picked":"Prepared","floor":28.0},{"not_picked":["Poisoned Stab","Acrobatics"],"picked":"Deflect+1","floor":29.0},{"not_picked":["Acrobatics+1","infinitespire:Neurotoxin","Skewer+1"],"picked":"SKIP","floor":30.0},{"not_picked":["Backflip+1","Flechettes","Poisoned Stab+1"],"picked":"SKIP","floor":31.0},{"not_picked":["Reflex","Dagger Throw","Finisher+1"],"picked":"SKIP","floor":32.0}],"player_experience":6828,"relics_obtained":[{"floor":9.0,"key":"reliquary:SharkskinSheath"},{"floor":10.0,"key":"reliquary:QuartzCube"},{"floor":23.0,"key":"Boot"}],"event_choices":[{"damage_healed":0.0,"max_hp_gain":0.0,"max_hp_loss":0.0,"gold_gain":0.0,"event_name":"Big Fish","player_choice":"Box","floor":3.0,"gold_loss":0.0,"damage_taken":0.0,"relics_obtained":["DemoMod:PoisonVial"],"cards_obtained":["Regret"]},{"cards_removed":["Regret"],"damage_healed":0.0,"max_hp_gain":0.0,"max_hp_loss":0.0,"gold_gain":0.0,"event_name":"Purifier","player_choice":"Purged","floor":7.0,"gold_loss":0.0,"damage_taken":0.0},{"damage_healed":0.0,"max_hp_gain":0.0,"max_hp_loss":0.0,"gold_gain":0.0,"event_name":"betterNote:BetterNote","player_choice":"Ignored","floor":25.0,"gold_loss":0.0,"damage_taken":0.0,"cards_obtained":["Brutality"]}],"is_beta":false,"boss_relics":[{"not_picked":["reliquary:Ember","infinitespire:Cupcake"],"picked":"Sozu"}],"items_purged_floors":[20],"is_endless":false,"potions_floor_spawned":[2,11,13,16,21,22,29,30,31],"killed_by":"DemoMod:ResourcefulRat","ascension_level":0}}