{"host":"zsnmfqgcm92hlreo","time":1612403983,"event":{"mods":["AchievementEnabler","Act Like it!","BaseMod","Bestiary","Block Reminder","Colored Map","Colored Powertips","Hermit","Jorbs\u0027s Wanderer Trilogy","Minty Spire (QoL Compilation)","Permanent Neow","Quick Restart","Relic Stats","StSLib","Weighted Paths"],"gold_per_floor":[362,381,381,401,48,48,79,79,103,18,28,38,38,38],"floor_reached":13,"language":"ENG","playtime":393,"items_purged":[],"score":170,"play_id":"a50e6c25-48d2-46c9-b8c9-461fc892a9e6","local_time":"20210203195943","is_ascension_mode":true,"campfire_choices":[{"floor":6.0,"key":"REST"},{"floor":8.0,"key":"REST"}],"circlet_count":0,"master_deck":["AscendersBane","Strike_B","Strike_B","Strike_B","Strike_B","Defend_B","Defend_B","Defend_B","Defend_B","Zap","Dualcast","Doom and Gloom","Defragment+1","Rebound","Echo Form","Darkness","Coolheaded","Redo"],"relics":["Cracked Core","Bottled Tornado","Bag of Preparation","Regal Pillow"],"acts_visited":["Exordium"],"potions_floor_usage":[13,13],"damage_taken":[{"damage":6.0,"enemies":"Cultist","floor":1.0,"turns":3.0},{"damage":8.0,"enemies":"Small Slimes","floor":2.0,"turns":2.0},{"damage":9.0,"enemies":"Jaw Worm","floor":4.0,"turns":3.0},{"damage":25.0,"enemies":"3 Sentries","floor":7.0,"turns":5.0},{"damage":31.0,"enemies":"Large Slime","floor":11.0,"turns":4.0},{"damage":7.0,"enemies":"Blue Slaver","floor":12.0,"turns":4.0},{"damage":36,"enemies":"Gremlin Nob","floor":13,"turns":3}],"seed_played":"-755883285434859160","potions_obtained":[{"floor":7.0,"key":"LiquidMemories"},{"floor":11.0,"key":"PowerPotion"},{"floor":12.0,"key":"Fire Potion"}],"is_trial":false,"path_per_floor":["M","M","?","M","$","R","E","R","T","$","M","M","E"],"character_chosen":"DEFECT","items_purchased":["Echo Form","Bottled Tornado","Darkness"],"campfire_rested":2,"item_purchase_floors":[5,5,10],"current_hp_per_floor":[58,50,50,41,41,60,35,54,54,54,23,16,0,0],"gold":38,"neow_bonus":"TWO_FIFTY_GOLD","is_daily":false,"chose_seed":false,"campfire_upgraded":0,"win_rate":0.0,"timestamp":1612403983,"path_taken":["M","M","?","M","$","R","E","R","T","?","M","M","E"],"items_purchased_type":["Card","Relic","Card"],"build_version":"2020-12-22","purchased_purges":0,"victory":false,"max_hp_per_floor":[64,64,64,64,64,64,64,64,64,64,64,64,64,64],"relic_stats":{"Regal Pillow":0,"counters":[7,24],"Bag of Preparation":[6],"obtain_stats":[{"Regal Pillow":9,"Bag of Preparation":7,"Bottled Tornado":5,"Cracked Core":0},{"Regal Pillow":4,"Bag of Preparation":4,"Bottled Tornado":3,"Cracked Core":0},{"Regal Pillow":13,"Bag of Preparation":13,"Bottled Tornado":8,"Cracked Core":0}]},"card_choices":[{"not_picked":["Sweeping Beam","Beam Cell"],"picked":"Doom and Gloom","floor":1.0},{"not_picked":["Loop","Streamline"],"picked":"Defragment","floor":2.0},{"not_picked":["Stack","Leap"],"picked":"Rebound","floor":4.0},{"not_picked":["Rip and Tear","Stack","Hello World"],"picked":"SKIP","floor":7.0},{"not_picked":["Stack","Sweeping Beam"],"picked":"Coolheaded","floor":11.0},{"not_picked":["All For One","Lockon"],"picked":"Redo","floor":12.0}],"player_experience":1015894,"relics_obtained":[{"floor":7.0,"key":"Bag of Preparation"},{"floor":9.0,"key":"Regal Pillow"}],"event_choices":[{"damage_healed":0.0,"max_hp_gain":0.0,"max_hp_loss":0.0,"gold_gain":0.0,"event_name":"Upgrade Shrine","player_choice":"Upgraded","floor":3.0,"gold_loss":0.0,"damage_taken":0.0,"cards_upgraded":["Defragment"]}],"is_beta":false,"boss_relics":[],"items_purged_floors":[],"is_endless":false,"potions_floor_spawned":[7,11,12],"killed_by":"Gremlin Nob","ascension_level":20}}