{"host":"6fkscwgr344hcmao","time":1612461864,"event":{"mods":["2.2 Compatiblity","AchievementEnabler","BaseMod","Colored Map","Highlight Path","Minty Spire (QoL Compilation)","Random Character Button","Rare Cards Sparkle"],"gold_per_floor":[112,127,146,146,166,166,166,166,166,198,215,243,243,257,257,257,257],"floor_reached":16,"language":"POL","playtime":575,"items_purged":[],"score":112,"play_id":"c7274c16-f208-4f88-bff7-9eb6008212ed","local_time":"20210204190424","is_ascension_mode":false,"campfire_choices":[{"floor":6,"key":"REST"},{"floor":8,"key":"RECALL"},{"floor":15,"key":"REST"}],"circlet_count":0,"master_deck":["Strike_R","Strike_R","Strike_R","Strike_R","Defend_R","Defend_R","Defend_R","Defend_R","Bash+1","Purity","Burning Pact"],"relics":["Burning Blood","Orichalcum","Blue Candle","Ancient Tea Set","Golden Idol"],"acts_visited":["Exordium"],"potions_floor_usage":[10,12],"damage_taken":[{"damage":9,"enemies":"Small Slimes","floor":1,"turns":5},{"damage":7,"enemies":"Cultist","floor":2,"turns":5},{"damage":1,"enemies":"2 Louse","floor":3,"turns":3},{"damage":30,"enemies":"Large Slime","floor":5,"turns":8},{"damage":52,"enemies":"3 Sentries","floor":10,"turns":10},{"damage":10,"enemies":"Blue Slaver","floor":11,"turns":4},{"damage":8,"enemies":"Gremlin Nob","floor":12,"turns":4},{"damage":6,"enemies":"Red Slaver","floor":14,"turns":6},{"damage":0,"enemies":"The Guardian","floor":16,"turns":1}],"seed_played":"-1991784222184327990","potions_obtained":[{"floor":3,"key":"Fire Potion"},{"floor":11,"key":"Explosive Potion"},{"floor":14,"key":"FearPotion"}],"is_trial":false,"path_per_floor":["M","M","M","?","M","R","?","R","T","E","M","E","?","M","R","B"],"character_chosen":"IRONCLAD","items_purchased":[],"campfire_rested":2,"item_purchase_floors":[],"current_hp_per_floor":[77,76,80,80,56,80,73,73,73,27,23,21,21,21,43,43,43],"gold":257,"neow_bonus":"RANDOM_COLORLESS","is_daily":false,"chose_seed":false,"campfire_upgraded":0,"win_rate":0.0,"timestamp":1612461864,"path_taken":["M","M","M","?","?","R","?","R","T","E","M","E","?","M","R","BOSS"],"items_purchased_type":[],"build_version":"2020-12-22","purchased_purges":0,"victory":false,"max_hp_per_floor":[80,80,80,80,80,80,80,80,80,80,80,80,74,74,74,74,74],"card_choices":[{"not_picked":["Finesse","Swift Strike"],"picked":"Purity","floor":0},{"not_picked":["Reckless Charge","Body Slam","Iron Wave"],"picked":"SKIP","floor":1},{"not_picked":["Clothesline","Cleave","Headbutt"],"picked":"SKIP","floor":2},{"not_picked":["Heavy Blade","Blood for Blood","Ghostly Armor"],"picked":"SKIP","floor":3},{"not_picked":["Combust","Flex","Wild Strike"],"picked":"SKIP","floor":5},{"not_picked":["Bludgeon","Thunderclap"],"picked":"Burning Pact","floor":10},{"not_picked":["Headbutt","Cleave","Warcry"],"picked":"SKIP","floor":11},{"not_picked":["Inflame","Shrug It Off","True Grit"],"picked":"SKIP","floor":12},{"not_picked":["Clothesline","Armaments","Flex"],"picked":"SKIP","floor":14}],"player_experience":231631,"relics_obtained":[{"floor":9,"key":"Orichalcum"},{"floor":10,"key":"Blue Candle"},{"floor":12,"key":"Ancient Tea Set"}],"event_choices":[{"damage_healed":0,"gold_gain":0,"player_choice":"Upgraded","damage_taken":0,"max_hp_gain":0,"max_hp_loss":0,"event_name":"Upgrade Shrine","floor":4,"gold_loss":0,"cards_upgraded":["Bash"]},{"cards_removed":["Strike_R"],"damage_healed":0,"gold_gain":0,"player_choice":"Card Removal","damage_taken":7,"max_hp_gain":0,"max_hp_loss":0,"event_name":"Golden Wing","floor":7,"gold_loss":0},{"damage_healed":0,"gold_gain":0,"player_choice":"Lose Max HP","damage_taken":0,"relics_obtained":["Golden Idol"],"max_hp_gain":0,"max_hp_loss":6,"event_name":"Golden Idol","floor":13,"gold_loss":0}],"is_beta":false,"boss_relics":[],"items_purged_floors":[],"is_endless":false,"potions_floor_spawned":[3,11,14],"killed_by":"The Guardian","ascension_level":0}}