{"host":"v4tuy5ykrbdcm9o9","time":1612460812,"event":{"mods":["BaseMod","Duelist Mod","Minty Spire (QoL Compilation)","Replay The Spire","StSLib"],"gold_per_floor":[16,29,49,66,66,91,111,137,191,201,219,219,232,243,243,344,344,354,354,368,368,387,417,417,357,357,375,400,400,81,81,81,185,185,199,199,215,215,215],"floor_reached":38,"language":"ENG","playtime":5870,"items_purged":[],"score":689,"play_id":"fb301f93-47ef-474b-a194-d572d1cb41af","local_time":"20210204124652","is_ascension_mode":true,"campfire_choices":[{"floor":12,"key":"REST"},{"floor":15,"key":"RECALL"},{"floor":24,"key":"REST"},{"floor":29,"key":"REST"},{"floor":32,"key":"REST"}],"circlet_count":0,"master_deck":["Strike_B","Strike_B","Strike_B","Strike_B","Defend_B","Defend_B","Defend_B","Defend_B","Zap","Dualcast","Electrodynamics","Sunder","Gash","Leap","Turbo","Barrage","Conserve Battery","Mirror Shield","Static Discharge","Steam","Gash","Compile Driver","Buffer","Ball Lightning+1","Scrape","Gash","Ghostly","Ghostly","Ghostly","Ghostly","Ghostly","Gash","Ball Lightning+1","Panic Button+1","Bandage Up","Sunder","Thunder Strike","Rebound+1","Coolheaded+1"],"relics":["Cracked Core","Orichalcum","Geode","ChewingGum","ReplayTheSpireMod:TigerMarble","Kunai","Oddly Smooth Stone","MealTicket","Philosopher\u0027s Stone"],"acts_visited":["Exordium","TheCity","TheBeyond"],"potions_floor_usage":[3,6,14,16,33,37,37,37],"damage_taken":[{"damage":0,"enemies":"2 Louse","floor":1,"turns":3},{"damage":4,"enemies":"Jaw Worm","floor":2,"turns":4},{"damage":15,"enemies":"Small Slimes","floor":3,"turns":4},{"damage":0,"enemies":"3 Louse","floor":4,"turns":2},{"damage":0,"enemies":"3 Sentries","floor":6,"turns":3},{"damage":6,"enemies":"Looter","floor":7,"turns":3},{"damage":16,"enemies":"Lagavulin","floor":8,"turns":7},{"damage":6,"enemies":"Exordium Thugs","floor":10,"turns":4},{"damage":0,"enemies":"3 Louse","floor":11,"turns":1},{"damage":3,"enemies":"Blue Slaver","floor":13,"turns":3},{"damage":0,"enemies":"Looter","floor":14,"turns":2},{"damage":33,"enemies":"Hexaghost","floor":16,"turns":10},{"damage":0,"enemies":"3 Byrds","floor":18,"turns":2},{"damage":27,"enemies":"Chosen","floor":20,"turns":5},{"damage":0,"enemies":"3 Cultists","floor":22,"turns":4},{"damage":14,"enemies":"Book of Stabbing","floor":23,"turns":6},{"damage":18,"enemies":"Snake Plant","floor":27,"turns":4},{"damage":15,"enemies":"Slavers","floor":28,"turns":4},{"damage":31,"enemies":"Champ","floor":33,"turns":11},{"damage":0,"enemies":"Orb Walker","floor":35,"turns":4},{"damage":0,"enemies":"3 Darklings","floor":37,"turns":4},{"damage":45,"enemies":"Maw","floor":38,"turns":8}],"seed_played":"-1937032872820647564","potions_obtained":[{"floor":1,"key":"Venom Potion"},{"floor":4,"key":"AttackPotion"},{"floor":6,"key":"BlessingOfTheForge"},{"floor":10,"key":"PowerPotion"},{"floor":13,"key":"FairyPotion"},{"floor":22,"key":"Strength Potion"},{"floor":28,"key":"Fire Potion"},{"floor":33,"key":"SneckoOil"},{"floor":35,"key":"DistilledChaos"},{"floor":37,"key":"Strength Potion"}],"is_trial":false,"path_per_floor":["M","M","M","M","?","E","M","E","T","M","M","R","M","M","R","B",null,"M","?","M","?","M","E","R","?","T","M","E","R","$","?","R","B",null,"M","?","M","M"],"character_chosen":"DEFECT","items_purchased":["MealTicket","Bandage Up","Sunder"],"campfire_rested":4,"item_purchase_floors":[30,30,30],"current_hp_per_floor":[68,64,49,49,54,54,48,32,32,26,26,50,47,47,47,14,64,64,64,37,37,37,23,35,35,35,17,2,14,14,14,26,12,33,33,33,37,0,0],"gold":215,"neow_bonus":"THREE_RARE_CARDS","is_daily":false,"chose_seed":false,"campfire_upgraded":0,"win_rate":0.0,"timestamp":1612460812,"path_taken":["M","M","M","M","?","E","M","E","T","M","M","R","M","M","R","BOSS","M","?","M","?","M","E","R","?","T","M","E","R","$","?","R","BOSS","M","?","M","M"],"items_purchased_type":["Relic","Card","Card"],"build_version":"2020-12-22","purchased_purges":0,"victory":false,"max_hp_per_floor":[75,75,75,75,80,80,80,80,80,80,80,80,80,80,80,80,80,80,80,80,40,40,40,40,40,40,40,40,40,40,40,40,40,40,40,40,40,40,40],"card_choices":[{"not_picked":["Buffer","Fission"],"picked":"Electrodynamics","floor":0},{"not_picked":["Genetic Algorithm","Leap"],"picked":"Sunder","floor":1},{"not_picked":["Melter","Beam Cell"],"picked":"Gash","floor":2},{"not_picked":["Redo","Loop"],"picked":"Leap","floor":3},{"not_picked":["BasicCrystalCard","Capacitor"],"picked":"Turbo","floor":4},{"not_picked":["Double Energy","Consume"],"picked":"Barrage","floor":6},{"not_picked":["ReplayTheSpireMod:System Scan","BasicCrystalCard"],"picked":"Conserve Battery","floor":7},{"not_picked":["Doom and Gloom","Defragment"],"picked":"Mirror Shield","floor":8},{"not_picked":["Genetic Algorithm","Steam"],"picked":"Static Discharge","floor":10},{"not_picked":["Force Field","ReplaySolidLightProjector"],"picked":"Steam","floor":11},{"not_picked":["Redo","ReplayTheSpireMod:GoodbyeWorld"],"picked":"Gash","floor":13},{"not_picked":["BasicCrystalCard","ReplaySort"],"picked":"Compile Driver","floor":14},{"not_picked":["Biased Cognition","Mirror Shield"],"picked":"Buffer","floor":16},{"not_picked":["Streamline","Conserve Battery"],"picked":"Ball Lightning+1","floor":18},{"not_picked":["Turbo","Panic Button"],"picked":"Gash","floor":20},{"not_picked":["BasicCrystalCard","Coolheaded"],"picked":"Gash","floor":22},{"not_picked":["White Noise","FIFO Queue"],"picked":"Ball Lightning+1","floor":23},{"not_picked":["Compile Driver","ReplayTheSpireMod:Reroute Power"],"picked":"Loop","floor":27},{"not_picked":["Gash","ReplaySolidLightProjector"],"picked":"Panic Button+1","floor":28},{"not_picked":["All For One","Rainbow"],"picked":"Thunder Strike","floor":33},{"not_picked":["BasicCrystalCard","Steam"],"picked":"Rebound+1","floor":35},{"not_picked":["Redo","Barrage+1"],"picked":"Coolheaded+1","floor":37}],"player_experience":769834,"relics_obtained":[{"floor":6,"key":"Orichalcum"},{"floor":8,"key":"Geode"},{"floor":23,"key":"ReplayTheSpireMod:TigerMarble"},{"floor":26,"key":"Kunai"},{"floor":28,"key":"Oddly Smooth Stone"}],"event_choices":[{"damage_healed":0,"gold_gain":0,"player_choice":"Donut","damage_taken":0,"max_hp_gain":5,"max_hp_loss":0,"event_name":"Big Fish","floor":5,"gold_loss":0},{"damage_healed":0,"gold_gain":0,"player_choice":"Read","damage_taken":0,"max_hp_gain":0,"max_hp_loss":0,"event_name":"The Library","floor":19,"gold_loss":0,"cards_obtained":["Scrape"]},{"damage_healed":0,"gold_gain":0,"player_choice":"Became a Ghost","damage_taken":0,"max_hp_gain":0,"max_hp_loss":40,"event_name":"Ghosts","floor":21,"gold_loss":0,"cards_obtained":["Ghostly","Ghostly","Ghostly","Ghostly","Ghostly"]},{"damage_healed":0,"gold_gain":0,"player_choice":"Ignored","damage_taken":0,"max_hp_gain":0,"max_hp_loss":0,"event_name":"Cursed Tome","floor":31,"gold_loss":0},{"cards_removed":["Loop"],"damage_healed":0,"gold_gain":0,"player_choice":"Removed Power","damage_taken":0,"max_hp_gain":0,"max_hp_loss":0,"event_name":"Falling","floor":36,"gold_loss":0}],"is_beta":false,"boss_relics":[{"not_picked":["Astrolabe","Replay:Wanted Poster"],"picked":"ChewingGum"},{"not_picked":["ReplayTheSpireMod:DimensionalGlitch","Pandora\u0027s Box"],"picked":"Philosopher\u0027s Stone"}],"items_purged_floors":[],"is_endless":false,"potions_floor_spawned":[1,4,6,10,13,22,28,33,35,37],"killed_by":"Maw","ascension_level":7}}