{"host":"DrTrollPool","time":1612444699,"event":{"mods":["2.2 Compatiblity","BaseMod","BetterRewards","Colored Map","DeckTracker","Downfall","Googly Eyes","Hermit","HexUI Lib","Highlight Path","Hubris","Infinite Spire","Minty Spire (QoL Compilation)","Potionbrewer","Replay The Spire","StSLib","SuperFastMode","The Construct","The Cursed","The Disciple","The Hierophant","The Jungle","The Necromancer","The Runesmith","The Servant 0.9.4"],"gold_per_floor":[99,114,133,145,145,159,159,28,38,55,55,55,55,40,59,161,161,161,171,13,26,40,57,104,254,254,254,254],"floor_reached":26,"language":"ENG","playtime":1310,"items_purged":[],"score":202,"play_id":"b09c705b-f20b-4561-a2bc-c312c365ac10","local_time":"20210204141819","is_ascension_mode":false,"campfire_choices":[{"floor":1.0,"key":"DIG"},{"floor":11.0,"key":"REST"},{"floor":13.0,"key":"REST"},{"data":"hexamod:PhantomFireball","floor":18,"key":"SMITH"}],"circlet_count":0,"master_deck":["hexamod:Strike","hexamod:Strike","hexamod:Strike+1","hexamod:Strike","hexamod:Defend","hexamod:Defend","hexamod:Defend","hexamod:Defend+1","hexamod:Sear+1","hexamod:Float","hexamod:RainOfEmbers","hexamod:EmpoweredFlame","hexamod:HeatMetal","hexamod:ShieldOfDarkness","hexamod:TimeOfNeed","hexamod:PhantomFireball+1","hexamod:SpectersWail+1","hexamod:EmpoweredFlame+1","hexamod:SwordOfDarkness","hexamod:WildfireWeapon","hubris:NaturalOne","hexamod:FourthSeal","hexamod:BurningTouch"],"relics":["hexamod:SpiritBrand","construct:RocketBooster","hubris:Icosahedron","infinitespire:Joker Card","bronze:MakeshiftBattery","Pet Ghost"],"acts_visited":["Exordium","TheCity"],"potions_floor_usage":[16,16,20,22,22,23,23,25],"damage_taken":[{"damage":0.0,"enemies":"Small Slimes","floor":2.0,"turns":3.0},{"damage":0.0,"enemies":"2 Louse","floor":3.0,"turns":3.0},{"damage":11.0,"enemies":"Jaw Worm","floor":4.0,"turns":3.0},{"damage":16.0,"enemies":"Lots of Slimes","floor":6.0,"turns":4.0},{"damage":0.0,"enemies":"downfall:FleeingMerchant","floor":8.0,"turns":4.0},{"damage":35.0,"enemies":"Exordium Wildlife","floor":9.0,"turns":5.0},{"damage":9.0,"enemies":"Gremlin Gang","floor":10.0,"turns":3.0},{"damage":0.0,"enemies":"downfall:FleeingMerchant","floor":14.0,"turns":4.0},{"damage":0.0,"enemies":"Lots of Slimes","floor":15.0,"turns":4.0},{"damage":45,"enemies":"WA_ARCHETYPE_RETAIN","floor":16,"turns":7},{"damage":14,"enemies":"Spheric Guardian","floor":19,"turns":5},{"damage":0,"enemies":"downfall:FleeingMerchant","floor":20,"turns":4},{"damage":0,"enemies":"Chosen","floor":21,"turns":4},{"damage":0,"enemies":"Snake Plant","floor":22,"turns":3},{"damage":18,"enemies":"Centurion and Healer","floor":23,"turns":5},{"damage":47,"enemies":"Cultist and Chosen","floor":26,"turns":8}],"seed_played":"-1114892651909083367","potions_obtained":[{"floor":9.0,"key":"SneckoOil"},{"floor":10.0,"key":"SkillPotion"},{"floor":15.0,"key":"Strength Potion"},{"floor":16,"key":"potionbrewer:ToxicPotion"},{"floor":19,"key":"Adrenaline Potion"},{"floor":21,"key":"Weak Potion"},{"floor":22,"key":"Slimebound:ThreeZeroPotion"},{"floor":22,"key":"champ:CounterPotion"},{"floor":23,"key":"potionbrewer:BlacksmithPotion"}],"is_trial":false,"path_per_floor":["R_BF","M","M","M","?","M","T","$","M","M","R","?","R","$","M","B",null,"R","M","$","M","M","M","T","?","M"],"character_chosen":"THE_SPIRIT","items_purchased":["hexamod:PhantomFireball","hexamod:SpectersWail+1","Pet Ghost"],"campfire_rested":2,"item_purchase_floors":[8,8,20],"current_hp_per_floor":[77,77,77,66,66,50,50,50,15,6,29,29,52,52,52,7,77,77,63,63,63,63,45,45,45,0,0,0],"gold":254,"neow_bonus":"TEN_PERCENT_HP_BONUS","is_daily":false,"chose_seed":false,"campfire_upgraded":1,"win_rate":0.0,"timestamp":1612444699,"path_taken":["R_BF","M","M","M","?","M","T","$","M","M","R","?","R","?","M","BOSS","R","M","$","M","?","M","T","?","M"],"items_purchased_type":["Card","Card","Relic"],"build_version":"2020-12-18","purchased_purges":0,"victory":false,"max_hp_per_floor":[77,77,77,77,77,77,77,77,77,77,77,77,77,77,77,77,77,77,77,77,77,77,77,77,77,77,77,77],"card_choices":[{"not_picked":["hexamod:InspiringFlames","hexamod:FastForward"],"picked":"hexamod:RainOfEmbers","floor":2.0},{"not_picked":["hexamod:BacktrackSmack","hexamod:Hexaguard"],"picked":"hexamod:EmpoweredFlame","floor":3.0},{"not_picked":["hexamod:EtherealExpedition","hexamod:HauntingEcho"],"picked":"hexamod:HeatMetal","floor":4.0},{"not_picked":["hexamod:NightmareGuise","hexamod:SkipABeat"],"picked":"hexamod:ShieldOfDarkness","floor":6.0},{"not_picked":["hexamod:SkipABeat","hexamod:HauntingEcho"],"picked":"hexamod:TimeOfNeed","floor":8.0},{"not_picked":["hexamod:HauntingEcho","hexamod:ThermalTransfer","hexamod:GhostShield"],"picked":"SKIP","floor":9.0},{"not_picked":["hexamod:FastForward","hexamod:PhantomCloak"],"picked":"hexamod:EmpoweredFlame","floor":10.0},{"not_picked":["hexamod:BacktrackSmack","hexamod:Hexaguard"],"picked":"hexamod:SwordOfDarkness","floor":14.0},{"not_picked":["hexamod:SwordOfDarkness","hexamod:EtherealExpedition","hexamod:AdvancingGuard"],"picked":"SKIP","floor":15.0},{"not_picked":["hexamod:GhostOfSpirePresent","hexamod:ForkedFlame"],"picked":"hexamod:WildfireWeapon","floor":16},{"not_picked":["hexamod:BacktrackSmack","hexamod:NightmareStrike","hexamod:ShieldOfDarkness"],"picked":"SKIP","floor":19},{"not_picked":["hexamod:Firestarter","hexamod:HeatCrush+1","hexamod:HeatMetal"],"picked":"SKIP","floor":20},{"not_picked":["hexamod:NightmareStrike+1","hexamod:AdvancingGuard"],"picked":"hexamod:FourthSeal","floor":21},{"not_picked":["hexamod:EmpoweredFlame","hexamod:AdvancingGuard","hexamod:HeatMetal+1"],"picked":"SKIP","floor":22},{"not_picked":["hexamod:FastForward","hexamod:InspiringFlames"],"picked":"hexamod:BurningTouch","floor":23}],"player_experience":139985,"relics_obtained":[{"floor":1.0,"key":"construct:RocketBooster"},{"floor":7.0,"key":"infinitespire:Joker Card"},{"floor":24,"key":"Replay:Baseball"}],"event_choices":[],"is_beta":true,"boss_relics":[{"not_picked":["Runesmith:UraniumAnvil","hubris:GrandSneckoEye"],"picked":"bronze:MakeshiftBattery"}],"items_purged_floors":[],"is_endless":false,"potions_floor_spawned":[9,10,15,16,19,21,22],"killed_by":"Cultist and Chosen","ascension_level":0}}