{"host":"jl7epezt8u9c37lt","time":1612397780,"event":{"mods":["Arknights","Aspiration","Astrologer","Bard","BaseMod","Beaked The Cultist","Better Third Choice","Conspire","DeckTracker","Downfall","Energized Spire","GifTheSpireLib","Glutton Mod","Halation","Hermit","HexUI Lib","Hubris","Lobotomy","LobotomyExtend","Minty Spire (QoL Compilation)","Quick Restart","Reliquary","Replay The Spire","Spikes Relics","StSLib","Stuff the Spire","The Animator","The Bladedancer","The Blue Laboratory","The Disciple","The Jungle","The Runesmith","egg"],"gold_per_floor":[99,153,153,153,29,29,29,29,29,29,14,14,68,68,125,431,431,331,391,424,424,299,299,299,299,299,356,434,434,434,227,275,566,566,566,641,701,701,701,851,877,221,221,221,221,263,188,224,281,281,281],"floor_reached":52,"language":"ENG","playtime":2596,"items_purged":[],"score":1002,"play_id":"cc1c68d0-c857-450a-ba99-1cde3320f081","local_time":"20210203181620","daily_mods":["Draft","Hoarder","Allstar","Heirloom","Flight","Lethality","Midas"],"is_ascension_mode":false,"campfire_choices":[{"floor":1.0,"key":"RECALL"},{"floor":8.0,"key":"REST"},{"floor":10.0,"key":"REST"},{"floor":12.0,"key":"REST"},{"floor":23.0,"key":"REST"},{"floor":26.0,"key":"REST"},{"floor":30,"key":"REST"},{"floor":35,"key":"REST"},{"floor":43,"key":"REST"},{"floor":44,"key":"REST"}],"circlet_count":0,"master_deck":["Runesmith:CraftMagma","Runesmith:CraftMagma","Runesmith:CraftMagma","Runesmith:Reinforce","Runesmith:Reinforce","Runesmith:Reinforce","Runesmith:BackupBattery","Runesmith:BackupBattery","Runesmith:BackupBattery","Runesmith:CraftMagma","Runesmith:CraftMagma","Runesmith:CraftMagma","Runesmith:ChiselStab","Runesmith:ChiselStab","Runesmith:ChiselStab","Runesmith:EarthShield","Runesmith:EarthShield","Runesmith:EarthShield","Runesmith:UnstableHammer","Runesmith:UnstableHammer","Runesmith:UnstableHammer","Runesmith:UnstableHammer","Runesmith:UnstableHammer","Runesmith:FrozenChisel","Runesmith:FrozenChisel","Runesmith:FrozenChisel","Runesmith:HeatExchange","Runesmith:HeatExchange+1","Runesmith:HeatExchange","Runesmith:ChiselStab","Runesmith:ChiselStab","Runesmith:ChiselStab","Runesmith:BackupBattery","Runesmith:BackupBattery","Runesmith:BackupBattery","Runesmith:BackupBattery","Runesmith:BackupBattery","Runesmith:BackupBattery","Runesmith:BackupBattery","Runesmith:BackupBattery","Runesmith:BackupBattery","Runesmith:CraftMagma","Runesmith:CraftMagma","Runesmith:CraftMagma","Runesmith:Reinforce","Runesmith:Reinforce","Runesmith:Reinforce","Runesmith:Empowerment","Runesmith:Empowerment","Runesmith:Empowerment","Runesmith:CraftSpiculum","Runesmith:CraftSpiculum","Runesmith:CraftSpiculum","Runesmith:WhiteBalance","Runesmith:WhiteBalance","Runesmith:WhiteBalance+1","Runesmith:Reinforce","Runesmith:Reinforce","Runesmith:Reinforce","Runesmith:ChaoticBlast","Runesmith:ChaoticBlast","Runesmith:ChaoticBlast","Runesmith:Firestorm","Runesmith:Firestorm","Runesmith:Firestorm","Runesmith:CraftIndustria","Runesmith:CraftIndustria","Runesmith:CraftIndustria","Armaments+1","Armaments+1","Armaments+1","Impervious","Impervious","Impervious","StuffTheSpire:PestControl","StuffTheSpire:PestControl","StuffTheSpire:PestControl","Runesmith:BackupBattery","Runesmith:BackupBattery","Runesmith:BackupBattery","conspire:Blindness","conspire:Blindness","Pummel","Pummel","Pummel","Invigoration","Invigoration","Invigoration","Writhe","Writhe","Twin Strike","Twin Strike","Twin Strike","Runesmith:LightningRod","Runesmith:LightningRod","Runesmith:LightningRod","Carnage","Carnage","Carnage","expansioncontent:AwakenDeath","expansioncontent:AwakenDeath","expansioncontent:AwakenDeath","Runesmith:GoWithTheFlow","Runesmith:GoWithTheFlow","Runesmith:GoWithTheFlow","Sword Boomerang","Sword Boomerang","Sword Boomerang","Double Tap","Double Tap","Double Tap","Shockwave","Shockwave","Shockwave","expansioncontent:DashGenerateEvil","expansioncontent:DashGenerateEvil","expansioncontent:DashGenerateEvil","expansioncontent:DashGenerateEvil","expansioncontent:DashGenerateEvil","expansioncontent:DashGenerateEvil","Dramatic Entrance","Dramatic Entrance","Dramatic Entrance","Dramatic Entrance","Dramatic Entrance","Dramatic Entrance","Clothesline","Clothesline","Clothesline","Inflame","Inflame","Inflame","Sentinel","Sentinel","Sentinel","Runesmith:HeatExchange","Runesmith:HeatExchange","Runesmith:HeatExchange"],"relics":["Unceasing Top","LetterFromLob","hubris:Icosahedron","m_RuneBlood","Akabeko","BicycleWheel","aspiration:IroncladSkillbook","downfall:HeartBlessingRed","ReplayTheSpireMod:CursedCoin","hubris:TinFlute","Guardian:PocketSentry","reliquary:BoilingFlask","hubris:CrystalStatue","conspire:GiftBox","hubris:Backtick","aspiration:Legacy_Headhunter","Oddly Smooth Stone","Replay:Kaleidoscope","reliquary:SilkGlove","StuffTheSpire:Rhapsscallions","halation:NonexistentMirror"],"acts_visited":["Exordium","TheCity","TheBeyond"],"potions_floor_usage":[40,50,50],"damage_taken":[{"damage":14.0,"enemies":"Jaw Worm","floor":2.0,"turns":2.0},{"damage":0.0,"enemies":"downfall:FleeingMerchant","floor":5.0,"turns":4.0},{"damage":20.0,"enemies":"downfall:FleeingMerchant","floor":11.0,"turns":4.0},{"damage":0.0,"enemies":"Small Slimes","floor":13.0,"turns":2.0},{"damage":0.0,"enemies":"2 Louse","floor":15.0,"turns":1.0},{"damage":46.0,"enemies":"DF_ARCHETYPE_STREAMLINE","floor":16.0,"turns":6.0},{"damage":33.0,"enemies":"Spheric Guardian","floor":19.0,"turns":4.0},{"damage":25.0,"enemies":"Centurion and Healer","floor":20.0,"turns":5.0},{"damage":0.0,"enemies":"downfall:FleeingMerchant","floor":22.0,"turns":2.0},{"damage":21.0,"enemies":"Snake Plant","floor":27.0,"turns":2.0},{"damage":27,"enemies":"Gremlin Leader","floor":28,"turns":6},{"damage":0,"enemies":"Sentry and Sphere","floor":32,"turns":3},{"damage":0,"enemies":"WA_ARCHETYPE_CALM","floor":33,"turns":4},{"damage":13,"enemies":"3 Shapes","floor":37,"turns":3},{"damage":60,"enemies":"3 Shapes","floor":40,"turns":4},{"damage":0,"enemies":"3 Darklings","floor":46,"turns":1},{"damage":30,"enemies":"Writhing Mass","floor":48,"turns":2},{"damage":19,"enemies":"Spire Growth","floor":49,"turns":2},{"damage":8,"enemies":"IC_BLOCK_ARCHETYPE","floor":50,"turns":5}],"seed_played":"6564734371354850224","potions_obtained":[{"floor":13.0,"key":"blueLaboratory:NullPotion"},{"floor":15.0,"key":"blueLaboratory:FruitPreserves"},{"floor":20.0,"key":"blueLaboratory:ArtificerPotion"},{"floor":36,"key":"downfall:CursedFountainPotion"}],"is_trial":true,"path_per_floor":["R","M","?","?","$","?","T","R","?","R","$","R","M","?","M","B",null,"R","M","M","?","$","R","T","?","R","M","E","?","R","$","M","B",null,"R","?","M","T","?","?","T","$","R","R","?","M","$","M","M","B",null,null],"character_chosen":"RUNESMITH_CLASS","items_purchased":["Runesmith:CraftSpiculum","Runesmith:WhiteBalance","ReplayTheSpireMod:CursedCoin","hubris:TinFlute","Guardian:PocketSentry","Pummel","Invigoration","hexamod:SoulburnPotion","expansioncontent:AwakenDeath","PowerPotion","Runesmith:GoWithTheFlow","StuffTheSpire:Rhapsscallions","halation:NonexistentMirror","expansioncontent:DashGenerateEvil","Dramatic Entrance","Inflame"],"campfire_rested":9,"item_purchase_floors":[5,5,22,22,22,22,22,22,31,31,31,42,42,42,42,47],"current_hp_per_floor":[70,56,56,56,59,56,56,70,70,70,53,70,70,70,70,27,70,70,44,26,6,13,34,34,34,55,41,21,13,34,34,41,48,70,70,70,64,64,64,36,36,36,57,70,73,73,73,50,38,37,37],"gold":281,"neow_bonus":"","is_daily":false,"chose_seed":false,"campfire_upgraded":0,"win_rate":0.0,"timestamp":1612397780,"path_taken":["R","M","?","?","$","?","T","R","?","R","?","R","?","?","M","BOSS","R","M","M","?","$","R","T","?","R","?","E","?","R","$","M","BOSS","R","?","?","?","?","?","T","$","R","R","?","?","?","?","M","BOSS"],"items_purchased_type":["Card","Card","Relic","Relic","Relic","Card","Card","Potion","Card","Potion","Card","Relic","Relic","Card","Card","Card"],"build_version":"2020-12-22","purchased_purges":0,"victory":true,"max_hp_per_floor":[70,70,70,70,70,70,70,70,70,70,70,70,70,70,70,70,70,70,70,70,70,70,70,70,70,70,70,70,70,70,70,70,70,70,70,70,70,70,70,70,70,70,70,70,73,73,73,73,73,73,73],"card_choices":[{"not_picked":["Runesmith:Augment","Runesmith:OneForEveryone"],"picked":"Runesmith:CraftMagma","floor":0.0},{"not_picked":["Runesmith:ShiftingStrike","Runesmith:EarthShield"],"picked":"Runesmith:Reinforce","floor":0.0},{"not_picked":["Runesmith:Overpower","Runesmith:CraftMagma"],"picked":"Runesmith:BackupBattery","floor":0.0},{"not_picked":["Runesmith:Attraction","Runesmith:ChaoticBlast"],"picked":"Runesmith:CraftMagma","floor":0.0},{"not_picked":["Runesmith:NegativeSpace","Runesmith:StaticCage"],"picked":"Runesmith:ChiselStab","floor":0.0},{"not_picked":["Runesmith:HeatedChisel","Runesmith:Firewall"],"picked":"Runesmith:EarthShield","floor":0.0},{"not_picked":["Runesmith:HammerAndChisel","Runesmith:EarthShield"],"picked":"Runesmith:UnstableHammer","floor":0.0},{"not_picked":["Runesmith:WhiteBalance","Runesmith:HeatExchange"],"picked":"Runesmith:UnstableHammer","floor":0.0},{"not_picked":["Runesmith:MakeshiftArmor","Runesmith:Overpower"],"picked":"Runesmith:FrozenChisel","floor":0.0},{"not_picked":["Runesmith:ShiftingStrike","Runesmith:MakeshiftArmor"],"picked":"Runesmith:HeatExchange","floor":0.0},{"not_picked":["Runesmith:Firewall","Runesmith:HeatExchange"],"picked":"Runesmith:ChiselStab","floor":0.0},{"not_picked":["Runesmith:Prism","Runesmith:HeatedChisel"],"picked":"Runesmith:BackupBattery","floor":0.0},{"not_picked":["Runesmith:MakeshiftArmor","Runesmith:Grindstone"],"picked":"Runesmith:BackupBattery","floor":0.0},{"not_picked":["Runesmith:Superposition","Runesmith:HammerThrow"],"picked":"Runesmith:BackupBattery","floor":0.0},{"not_picked":["Runesmith:UnstableHammer","Runesmith:PoweredAnvil"],"picked":"Runesmith:CraftMagma","floor":0.0},{"not_picked":["Runesmith:CraftReservo","Runesmith:Retool"],"picked":"Runesmith:Reinforce","floor":2.0},{"not_picked":["Bash","Runesmith:HeatedChisel"],"picked":"Runesmith:Empowerment","floor":5.0},{"not_picked":["Runesmith:ShiftingStrike","Runesmith:UnstableHammer"],"picked":"Runesmith:Reinforce","floor":11.0},{"not_picked":["Runesmith:HammerThrow","Runesmith:Terraform"],"picked":"Runesmith:ChaoticBlast","floor":13.0},{"not_picked":["Runesmith:UnstableHammer","Runesmith:ChiselStab"],"picked":"Runesmith:Firestorm","floor":15.0},{"not_picked":["Runesmith:GenerateForcefield","Runesmith:GrandSlam"],"picked":"Runesmith:CraftIndustria","floor":16.0},{"not_picked":["Runesmith:Repurpose","Runesmith:UnstableHammer","Clash"],"picked":"Armaments+1","floor":19.0},{"not_picked":["Evolve+1","Wild Strike","Body Slam"],"picked":"Impervious","floor":20.0},{"not_picked":["Runesmith:Grindstone","Spot Weakness","Runesmith:FrozenChisel"],"picked":"Runesmith:BackupBattery","floor":22.0},{"not_picked":["Power Through","Runesmith:EnergizedChisel","Reckless Charge+1"],"picked":"Twin Strike","floor":27.0},{"not_picked":["Runesmith:MetallurgicalResearch","Runesmith:FissionHammer"],"picked":"Runesmith:LightningRod","floor":28},{"not_picked":["Thunderclap+1","Runesmith:CraftFirestone","Dark Embrace"],"picked":"Carnage","floor":28},{"not_picked":["Runesmith:RuneHurl","Runesmith:Overpower+1","Armaments+1"],"picked":"Sword Boomerang","floor":32},{"not_picked":["Runesmith:ArcReactor","Juggernaut","Runesmith:CraftIndustria"],"picked":"Double Tap","floor":33},{"not_picked":["Dark Embrace+1","StuffTheSpire:Slingshot","Runesmith:Malloc","Sever Soul+1"],"picked":"SKIP","floor":37},{"not_picked":["ReplayTheSpireMod:Strike From Hell","Runesmith:ChiselStab+1","Runesmith:MakeshiftArmor+1"],"picked":"Shockwave","floor":40},{"not_picked":["conspire:Purge","Runesmith:RuneHurl","Iron Wave+1"],"picked":"Clothesline","floor":46},{"not_picked":["Runesmith:Attraction","Runesmith:Grindstone","ReplayTheSpireMod:Strike From Hell+1"],"picked":"Sentinel","floor":48},{"not_picked":["Metallicize","Runesmith:StaticCage+1","Runesmith:DoubleUp+1"],"picked":"Runesmith:HeatExchange","floor":49}],"player_experience":213404,"relics_obtained":[{"floor":2.0,"key":"LetterFromLob"},{"floor":7.0,"key":"BicycleWheel"},{"floor":24.0,"key":"reliquary:BoilingFlask"},{"floor":28,"key":"conspire:GiftBox"},{"floor":38,"key":"Oddly Smooth Stone"},{"floor":40,"key":"Replay:Kaleidoscope"},{"floor":41,"key":"reliquary:SilkGlove"}],"event_choices":[{"damage_healed":0.0,"max_hp_gain":0.0,"max_hp_loss":0.0,"gold_gain":0.0,"event_name":"betterThird:BetterScrap","player_choice":"Relic ","floor":6.0,"gold_loss":0.0,"damage_taken":3.0,"cards_obtained":["ReplaySort"]},{"cards_removed":["Runesmith:UnstableHammer"],"damage_healed":0.0,"max_hp_gain":0.0,"max_hp_loss":0.0,"gold_gain":0.0,"event_name":"The Cleric","player_choice":"Card Removal","floor":14.0,"gold_loss":0.0,"damage_taken":0.0},{"damage_healed":0,"gold_gain":0,"player_choice":"Leave","damage_taken":0,"max_hp_gain":0,"max_hp_loss":0,"event_name":"conspire:Investor","floor":39,"gold_loss":0}],"is_beta":false,"boss_relics":[{"not_picked":["Runesmith:UraniumAnvil","conspire:RunicOctahedron"],"picked":"aspiration:IroncladSkillbook"},{"not_picked":["halation:CatFaceCupcake","reliquary:RedPaperclip"],"picked":"hubris:Backtick"}],"items_purged_floors":[],"is_endless":false,"potions_floor_spawned":[13,15,20,32,33,37],"ascension_level":0}}