{"host":"fuszjwm6fqgjjp4d","time":1612397883,"event":{"mods":["BaseMod","Bestiary","Colored Map","DeckTracker","Minty Spire (QoL Compilation)","Permanent Neow","Relic Sorter","Relic Stats","StSLib"],"gold_per_floor":[110,120,139,159,171,199,199,234,281,291,311,311,311,326,326,400,400,280,34,34,34,34],"floor_reached":21,"language":"ENG","playtime":588,"items_purged":["Strike_B"],"score":382,"play_id":"70822a09-0363-4f38-a5a9-69f32acda607","local_time":"20210203181803","is_ascension_mode":true,"campfire_choices":[{"floor":7.0,"key":"REST"},{"floor":13.0,"key":"REST"},{"data":"Hologram","floor":15.0,"key":"SMITH"}],"circlet_count":0,"master_deck":["AscendersBane","Strike_B","Strike_B","Strike_B","Defend_B","Defend_B","Defend_B","Defend_B","Zap","Dualcast","Electrodynamics","FTL","Hologram+1","Genetic Algorithm","Undo","Ball Lightning","Coolheaded","Chill","Fission","Necronomicurse"],"relics":["Cracked Core","StoneCalendar","Gambling Chip","PreservedInsect","Inserter","Toolbox","Necronomicon"],"acts_visited":["Exordium","TheCity"],"potions_floor_usage":[16,16],"damage_taken":[{"damage":1.0,"enemies":"Cultist","floor":1.0,"turns":3.0},{"damage":7.0,"enemies":"Jaw Worm","floor":2.0,"turns":3.0},{"damage":8.0,"enemies":"Small Slimes","floor":3.0,"turns":3.0},{"damage":0.0,"enemies":"3 Louse","floor":4.0,"turns":2.0},{"damage":6.0,"enemies":"Red Slaver","floor":5.0,"turns":5.0},{"damage":32.0,"enemies":"Gremlin Nob","floor":6.0,"turns":4.0},{"damage":25.0,"enemies":"Lagavulin","floor":8.0,"turns":6.0},{"damage":0.0,"enemies":"2 Fungi Beasts","floor":10.0,"turns":2.0},{"damage":0.0,"enemies":"Exordium Wildlife","floor":11.0,"turns":3.0},{"damage":0.0,"enemies":"Exordium Thugs","floor":14.0,"turns":3.0},{"damage":24,"enemies":"The Guardian","floor":16,"turns":11},{"damage":28,"enemies":"2 Thieves","floor":18,"turns":5},{"damage":9,"enemies":"Shell Parasite","floor":21,"turns":2}],"seed_played":"7449308178558010527","potions_obtained":[{"floor":2.0,"key":"SkillPotion"},{"floor":6.0,"key":"FearPotion"},{"floor":8.0,"key":"PotionOfCapacity"},{"floor":10.0,"key":"SkillPotion"}],"is_trial":false,"path_per_floor":["M","M","M","M","M","E","R","E","T","M","M","?","R","M","R","B",null,"M","$","?","M"],"character_chosen":"DEFECT","items_purchased":["Toolbox"],"campfire_rested":2,"item_purchase_floors":[19],"current_hp_per_floor":[63,56,48,48,42,10,31,6,6,6,6,6,27,27,27,3,54,26,26,5,0,0],"gold":34,"neow_bonus":"ONE_RANDOM_RARE_CARD","is_daily":false,"chose_seed":false,"campfire_upgraded":1,"win_rate":0.0,"timestamp":1612397883,"path_taken":["M","M","?","M","M","E","R","E","T","M","M","?","R","M","R","BOSS","M","$","?","M"],"items_purchased_type":["Relic"],"build_version":"2020-12-22","purchased_purges":1,"victory":false,"max_hp_per_floor":[71,71,71,71,71,71,71,71,71,71,71,71,71,71,71,71,71,71,71,71,71,71],"relic_stats":{"Inserter":[3],"counters":[13,52],"Gambling Chip":[17],"StoneCalendar":[52],"PreservedInsect":0,"Necronomicon":[0],"obtain_stats":[{"Inserter":17,"Gambling Chip":8,"Toolbox":19,"StoneCalendar":6,"PreservedInsect":9,"Necronomicon":20,"Cracked Core":0},{"Inserter":11,"Gambling Chip":7,"Toolbox":12,"StoneCalendar":6,"PreservedInsect":7,"Necronomicon":12,"Cracked Core":0},{"Inserter":45,"Gambling Chip":26,"Toolbox":50,"StoneCalendar":20,"PreservedInsect":26,"Necronomicon":50,"Cracked Core":0}]},"card_choices":[{"not_picked":["Streamline","Aggregate"],"picked":"FTL","floor":1.0},{"not_picked":["Chill","Go for the Eyes"],"picked":"Hologram","floor":2.0},{"not_picked":["Ball Lightning","Scrape"],"picked":"Genetic Algorithm","floor":3.0},{"not_picked":["Blizzard","Compile Driver"],"picked":"Undo","floor":4.0},{"not_picked":["Rebound","Leap"],"picked":"Ball Lightning","floor":5.0},{"not_picked":["Chaos","Go for the Eyes"],"picked":"Coolheaded","floor":6.0},{"not_picked":["Ball Lightning","Go for the Eyes"],"picked":"Chill","floor":8.0},{"not_picked":["Sweeping Beam","Streamline","Machine Learning"],"picked":"SKIP","floor":10.0},{"not_picked":["Coolheaded","Genetic Algorithm","Go for the Eyes"],"picked":"SKIP","floor":11.0},{"not_picked":["Sweeping Beam","Leap","Steam Power"],"picked":"SKIP","floor":14.0},{"not_picked":["Buffer","Reboot"],"picked":"Fission","floor":16},{"not_picked":["Coolheaded","Leap","Gash"],"picked":"SKIP","floor":18}],"player_experience":1431011,"relics_obtained":[{"floor":6.0,"key":"StoneCalendar"},{"floor":8.0,"key":"Gambling Chip"},{"floor":9.0,"key":"PreservedInsect"},{"floor":20,"key":"Necronomicon"}],"event_choices":[{"damage_healed":0.0,"max_hp_gain":0.0,"max_hp_loss":0.0,"gold_gain":0.0,"event_name":"Shining Light","player_choice":"Ignored","floor":12.0,"gold_loss":0.0,"damage_taken":0.0},{"damage_healed":0,"gold_gain":0,"player_choice":"Obtained Book","damage_taken":21,"max_hp_gain":0,"max_hp_loss":0,"event_name":"Cursed Tome","floor":20,"gold_loss":0}],"is_beta":false,"boss_relics":[{"not_picked":["Snecko Eye","Black Star"],"picked":"Inserter"}],"items_purged_floors":[19],"is_endless":false,"potions_floor_spawned":[2,6,8,10],"killed_by":"Shell Parasite","ascension_level":20}}