{"host":"5rycm1ajjg5acc5q","time":1612414890,"event":{"mods":["BaseMod","Better Third Choice","Downfall","Highlight Path","Infinite Spire","Minty Spire (QoL Compilation)","Replay The Spire","StSLib"],"gold_per_floor":[119,30,30,42,57,57,57,91,91,91,91,106,106,116,146,16,16,134,134,164,201,201,237,247,297,297,297,297,334,384,384,384,435,435,538,538,577,627,669,579,593,593,619,638,718,757,160,215,225,329,329,354],"floor_reached":53,"language":"ENG","playtime":7524,"items_purged":["Looming Evil","Strike_R"],"score":962,"play_id":"875084bd-c084-4218-aa91-9c304e68915d","local_time":"20210203230130","is_ascension_mode":false,"campfire_choices":[{"data":"Dark Embrace","floor":6,"key":"SMITH"},{"data":"Berserk","floor":13,"key":"SMITH"},{"data":"Infernal Blade","floor":17,"key":"SMITH"},{"data":"HandOfGreed","floor":31,"key":"SMITH"},{"data":"Secret Technique","floor":34,"key":"SMITH"},{"data":"Demon Form","floor":42,"key":"SMITH"},{"data":"Discovery","floor":51,"key":"SMITH"}],"circlet_count":0,"master_deck":["Strike_R","Strike_R","Strike_R+1","Strike_R+1","Defend_R","Defend_R","Defend_R","Defend_R","Offering+1","Dark Embrace+1","Discovery+1","Replay:Undeath\u0027s Touch","Flame Barrier","Survivor","Neutralize","Berserk+1","Replay:Undeath\u0027s Touch","Replay:Undeath\u0027s Touch","Infernal Blade+1","Secret Technique+1","HandOfGreed+1","Flash of Steel","Reaper","Twin Strike","Armaments+1","Eclipse","Ghostly Armor+1","Flame Barrier","Pummel+1","Entrench+1","Demon Form+1","Thunderclap+1","ReplayTheSpireMod:Limb From Limb+1","Warcry+1","True Grit+1","Hemogenesis","Shrug It Off+1","Replay:Undeath\u0027s Touch+1","Purity+1","Berserk+1","Thinking Ahead+1","Warcry+1","Twin Strike+1","Ghostly Armor+1","ReplayTheSpireMod:Corrosion Curse+1","Armaments+1","Battle Trance","Hemogenesis+1"],"relics":["Burning Blood","Whetstone","White Beast Statue","ReplayFunnel","ReplayTheSpireMod:ShopPack","Coffee Dripper","Ring of Peace","ReplayTheSpireMod:Ring of Exchange","Gambling Chip","Mercury Hourglass","Membership Card","Replay:Bronze Core","infinitespire:ShieldingShard","ReplayTheSpireMod:Lightbulb","Gremlin Horn","Replay:Kaleidoscope","Ring of Chaos","Incense Burner","Chameleon Ring","Golden Egg","Toolbox","Bronze Scales","Bottled Flame","Iron Hammer"],"acts_visited":["Exordium","TheCity","TheBeyond"],"potions_floor_usage":[8,15,23,23,25,29,30,33,35,39,41,41,44,44,48,48,49,52,52,52],"damage_taken":[{"damage":12,"enemies":"Cultist","floor":1,"turns":3},{"damage":1,"enemies":"2 Louse","floor":4,"turns":3},{"damage":0,"enemies":"Small Slimes","floor":5,"turns":3},{"damage":28,"enemies":"Gremlin Nob","floor":8,"turns":4},{"damage":6,"enemies":"Exordium Wildlife","floor":12,"turns":3},{"damage":0,"enemies":"3 Louse","floor":14,"turns":4},{"damage":12,"enemies":"Lagavulin","floor":15,"turns":8},{"damage":7,"enemies":"The Guardian","floor":18,"turns":9},{"damage":6,"enemies":"3 Byrds","floor":20,"turns":3},{"damage":6,"enemies":"Spheric Guardian","floor":21,"turns":2},{"damage":2,"enemies":"Snake Plant","floor":23,"turns":4},{"damage":23,"enemies":"Snecko","floor":24,"turns":8},{"damage":2,"enemies":"Slavers","floor":25,"turns":6},{"damage":37,"enemies":"Sentry and Sphere","floor":29,"turns":7},{"damage":20,"enemies":"Book of Stabbing","floor":30,"turns":6},{"damage":0,"enemies":"Gremlin Leader","floor":33,"turns":9},{"damage":67,"enemies":"Champ","floor":35,"turns":14},{"damage":0,"enemies":"3 Shapes","floor":37,"turns":3},{"damage":0,"enemies":"Mind Bloom Boss Battle","floor":38,"turns":7},{"damage":0,"enemies":"3 Darklings","floor":39,"turns":4},{"damage":0,"enemies":"Writhing Mass","floor":41,"turns":4},{"damage":0,"enemies":"Giant Head","floor":43,"turns":7},{"damage":0,"enemies":"Spire Growth","floor":44,"turns":4},{"damage":0,"enemies":"3 Darklings","floor":46,"turns":4},{"damage":0,"enemies":"Nemesis","floor":48,"turns":5},{"damage":0,"enemies":"Writhing Mass","floor":49,"turns":3},{"damage":0,"enemies":"Donu and Deca","floor":52,"turns":5}],"seed_played":"-1050816920225224673","potions_obtained":[{"floor":5,"key":"FearPotion"},{"floor":12,"key":"Fire Potion"},{"floor":14,"key":"BlessingOfTheForge"},{"floor":15,"key":"LifebloodPotion"},{"floor":18,"key":"Block Potion"},{"floor":21,"key":"BlessingOfTheForge"},{"floor":23,"key":"BlessingOfTheForge"},{"floor":24,"key":"SpeedPotion"},{"floor":25,"key":"Regen Potion"},{"floor":29,"key":"SpeedPotion"},{"floor":30,"key":"Ancient Potion"},{"floor":33,"key":"Venom Potion"},{"floor":35,"key":"SpeedPotion"},{"floor":37,"key":"Languid Potion"},{"floor":38,"key":"Milkshake"},{"floor":39,"key":"Adrenaline Potion"},{"floor":41,"key":"Ancient Potion"},{"floor":43,"key":"Swift Potion"},{"floor":44,"key":"Energy Potion"},{"floor":46,"key":"bronze:BurnAndBuffPotion"},{"floor":48,"key":"Strength Potion"},{"floor":49,"key":"sneckomod:MuddlingPotion"}],"is_trial":false,"path_per_floor":["M","$","?","M","M","R","?","E","T","PTL","PTL","M","R","M","E","$","R","B",null,"M","M","?","M","M","E","?","AVR","T","M","E","R","T","E","R","B",null,"M","?","M","?","M","R","E","M","T","M","$","E","M","?","R","B",null],"character_chosen":"IRONCLAD","items_purchased":["Discovery","ReplayTheSpireMod:ShopPack","Toolbox","Purity","Berserk","Thinking Ahead","Warcry","Bronze Scales","Twin Strike","Ghostly Armor","Bottled Flame"],"campfire_rested":0,"item_purchase_floors":[2,16,47,47,47,47,47,47,47,47,47],"current_hp_per_floor":[74,74,74,79,80,80,80,58,58,58,58,58,58,64,58,58,58,57,80,80,80,80,80,63,78,78,78,78,71,61,61,61,80,80,22,80,80,80,80,80,80,80,80,80,80,80,80,80,80,48,48,70],"gold":354,"neow_bonus":"ONE_RANDOM_RARE_CARD","is_daily":false,"chose_seed":false,"campfire_upgraded":7,"win_rate":0.0,"timestamp":1612414890,"path_taken":["M","?","?","?","M","R","?","E","T","PTL","PTL","M","R","M","E","$","R","BOSS","M","M","?","M","M","E","?","AVR","T","?","E","R","?","E","R","BOSS","M","?","M","?","M","R","E","M","T","?","$","E","M","?","R","BOSS"],"items_purchased_type":["Card","Relic","Relic","Card","Card","Card","Card","Relic","Card","Card","Relic"],"build_version":"2020-12-22","purchased_purges":2,"victory":true,"max_hp_per_floor":[80,80,80,80,80,80,80,80,80,80,80,80,80,80,80,80,80,80,80,80,80,80,80,80,80,80,80,80,80,80,80,80,80,80,80,80,80,80,80,80,80,80,80,80,80,80,80,80,80,80,80,80],"card_choices":[{"not_picked":["Clash","Headbutt"],"picked":"Dark Embrace","floor":1},{"not_picked":["Anger","Body Slam"],"picked":"Replay:Undeath\u0027s Touch","floor":4},{"not_picked":["ReplayTheSpireMod:Strike From Hell","Sword Boomerang"],"picked":"Flame Barrier","floor":5},{"not_picked":["ReplayTheSpireMod:Stacked","Twin Strike"],"picked":"Berserk","floor":8},{"not_picked":["Metallicize","Dropkick"],"picked":"Replay:Undeath\u0027s Touch","floor":12},{"not_picked":["Body Slam","Run Through"],"picked":"Replay:Undeath\u0027s Touch","floor":14},{"not_picked":["Iron Wave","Spot Weakness"],"picked":"Infernal Blade","floor":15},{"not_picked":["Secret Weapon","Transmutation"],"picked":"Secret Technique","floor":16},{"not_picked":["Good Instincts","Trip"],"picked":"HandOfGreed","floor":16},{"not_picked":["Specialist","Poisoned Strike"],"picked":"Flash of Steel","floor":16},{"not_picked":["Barricade","Corruption"],"picked":"Reaper","floor":18},{"not_picked":["ReplayTheSpireMod:Strike From Hell","Cleave+1"],"picked":"Twin Strike","floor":20},{"not_picked":["Replay:Undeath\u0027s Touch","Dark Embrace+1"],"picked":"Armaments+1","floor":21},{"not_picked":["ReplayReversal","Iron Wave"],"picked":"Eclipse","floor":23},{"not_picked":["Combust+1","Flex"],"picked":"Ghostly Armor","floor":24},{"not_picked":["Sword Boomerang+1","Life Link"],"picked":"Flame Barrier","floor":25},{"not_picked":["Blood for Blood","Heavy Blade"],"picked":"Pummel+1","floor":29},{"not_picked":["Clash","Headbutt","Metallicize"],"picked":"SKIP","floor":30},{"not_picked":["Shrug It Off","Flex"],"picked":"Entrench+1","floor":33},{"not_picked":["Double Tap","Juggernaut"],"picked":"Demon Form","floor":35},{"not_picked":["Warcry","Clash+1"],"picked":"Thunderclap+1","floor":37},{"not_picked":["Pommel Strike","Metallicize+1"],"picked":"ReplayTheSpireMod:Limb From Limb+1","floor":38},{"not_picked":["Second Wind","ReplayTheSpireMod:Strike From Hell"],"picked":"Warcry+1","floor":39},{"not_picked":["Searing Blow","Rage+1"],"picked":"True Grit+1","floor":41},{"not_picked":["Iron Wave+1","Blood for Blood+1"],"picked":"Hemogenesis","floor":43},{"not_picked":["Perfected Strike+1","Fire Breathing+1"],"picked":"Shrug It Off+1","floor":44},{"not_picked":["Cleave","Perfected Strike"],"picked":"Replay:Undeath\u0027s Touch+1","floor":46},{"not_picked":["Rage+1","Shrug It Off","Anger"],"picked":"SKIP","floor":48},{"not_picked":["Metallicize+1","Body Slam+1"],"picked":"ReplayTheSpireMod:Corrosion Curse+1","floor":49},{"not_picked":["Cleave","Pommel Strike+1"],"picked":"Armaments+1","floor":50},{"not_picked":["Run Through","Warcry"],"picked":"Battle Trance","floor":50},{"not_picked":["Shrug It Off","Flex+1"],"picked":"Hemogenesis","floor":50}],"player_experience":143708,"relics_obtained":[{"floor":8,"key":"Whetstone"},{"floor":9,"key":"White Beast Statue"},{"floor":15,"key":"ReplayFunnel"},{"floor":22,"key":"Ring of Peace"},{"floor":22,"key":"ReplayTheSpireMod:Ring of Exchange"},{"floor":25,"key":"Gambling Chip"},{"floor":28,"key":"infinitespire:ShieldingShard"},{"floor":30,"key":"ReplayTheSpireMod:Lightbulb"},{"floor":32,"key":"Gremlin Horn"},{"floor":33,"key":"Replay:Kaleidoscope"},{"floor":38,"key":"Incense Burner"},{"floor":43,"key":"Chameleon Ring"},{"floor":45,"key":"Golden Egg"},{"floor":48,"key":"Iron Hammer"}],"event_choices":[{"damage_healed":0,"gold_gain":0,"player_choice":"Upgraded","damage_taken":0,"max_hp_gain":0,"max_hp_loss":0,"event_name":"Upgrade Shrine","floor":3,"gold_loss":0,"cards_upgraded":["Offering"]},{"damage_healed":0,"gold_gain":0,"player_choice":"Fight","damage_taken":0,"max_hp_gain":0,"max_hp_loss":0,"event_name":"MindBloom","floor":38,"gold_loss":0},{"cards_removed":["downfall:Icky"],"damage_healed":0,"gold_gain":0,"player_choice":"Upgrade and Remove","damage_taken":0,"max_hp_gain":0,"max_hp_loss":0,"event_name":"Designer","floor":40,"gold_loss":90,"cards_upgraded":["Ghostly Armor"]}],"is_beta":false,"boss_relics":[{"not_picked":["Mark of Pain","ReplayTheSpireMod:SealedPack"],"picked":"Coffee Dripper"},{"not_picked":["Calling Bell","OrangePellets"],"picked":"Ring of Chaos"}],"items_purged_floors":[27,47],"is_endless":false,"potions_floor_spawned":[5,12,14,15,18,20,21,23,24,25,29,30,33,35,37,38,39,41,43,44,46,48,49],"ascension_level":0}}