{"host":"ipy8buq3e4d47khg","time":1612431610,"event":{"mods":["BaseMod","Colored Map","Colored Powertips","Minty Spire (QoL Compilation)","Quick Restart","Replay The Spire","Shop Mod","StSLib"],"gold_per_floor":[111,111,59,85,102,132,151,176,176,176,195,208,133,149,149,253,253,273,20,20,50,60,60,88,88,113,132,14,33,68,78,78,78,78],"floor_reached":33,"language":"ENG","playtime":3520,"items_purged":["Defend_P"],"score":347,"play_id":"aedf7175-cca8-4ee8-9192-737b7769ddc0","local_time":"20210204014010","is_ascension_mode":false,"campfire_choices":[{"floor":15,"key":"REST"},{"floor":23,"key":"REST"},{"floor":25,"key":"REST"},{"floor":32,"key":"REST"}],"circlet_count":0,"master_deck":["Strike_P","Strike_P","Strike_P","Defend_P","Defend_P","Defend_P","Eruption","Vigilance","PathToVictory","Replay:Hum","PathToVictory","CutThroughFate","Devotion","Prostrate","Replay:DivineShield+1","Consecrate","Weave+1","Replay:Anticipation+1","Establishment","Sanctity","PathToVictory","Prostrate","FlurryOfBlows","Replay:Vibes+1","Prostrate+1","FearNoEvil+1","Sanctity","Prostrate","FlurryOfBlows","CutThroughFate"],"relics":["PureWater","NeowsBlessing","Juzu Bracelet","Mercury Hourglass","Gremlin Food","Eternal Feather","Incense Burner","Busted Crown","Tiny Chest","Red Mask","Replay:Towering Pillar of Hats","Pantograph"],"acts_visited":["Exordium","TheCity"],"potions_floor_usage":[18,21,27,29,33],"damage_taken":[{"damage":0.0,"enemies":"2 Louse","floor":1.0,"turns":1.0},{"damage":0.0,"enemies":"Cultist","floor":5.0,"turns":1.0},{"damage":0.0,"enemies":"3 Sentries","floor":6.0,"turns":2.0},{"damage":0.0,"enemies":"Small Slimes","floor":7.0,"turns":2.0},{"damage":46.0,"enemies":"Lagavulin","floor":8.0,"turns":4.0},{"damage":0.0,"enemies":"3 Louse","floor":11.0,"turns":4.0},{"damage":11,"enemies":"Gremlin Gang","floor":12,"turns":2},{"damage":6,"enemies":"2 Fungi Beasts","floor":14,"turns":4},{"damage":22,"enemies":"Hexaghost","floor":16,"turns":9},{"damage":6,"enemies":"3 Byrds","floor":18,"turns":4},{"damage":31,"enemies":"Masked Bandits","floor":21,"turns":5},{"damage":22,"enemies":"Chosen","floor":22,"turns":6},{"damage":14,"enemies":"Gremlin Leader","floor":24,"turns":4},{"damage":4,"enemies":"Centurion and Healer","floor":27,"turns":6},{"damage":19,"enemies":"Snecko","floor":29,"turns":5},{"damage":20,"enemies":"Replay:Snechameleon","floor":30,"turns":4},{"damage":21,"enemies":"Snake Plant","floor":31,"turns":4},{"damage":72,"enemies":"Collector","floor":33,"turns":5}],"seed_played":"2188397985455915464","potions_obtained":[{"floor":6.0,"key":"Swift Potion"},{"floor":8.0,"key":"FairyPotion"},{"floor":12,"key":"Ancient Potion"},{"floor":14,"key":"Fire Potion"},{"floor":24,"key":"LifebloodPotion"},{"floor":27,"key":"StancePotion"},{"floor":31,"key":"Block Potion"}],"is_trial":false,"path_per_floor":["M","?","$","T","M","E","M","E","T","?","M","M","$","M","R","B",null,"M","$","?","?","M","R","E","R","T","M","$","M","E","M","R","B"],"character_chosen":"WATCHER","items_purchased":["PathToVictory","PathToVictory","Tiny Chest","Prostrate","Prostrate","FlurryOfBlows","CutThroughFate"],"campfire_rested":4,"item_purchase_floors":[3,19,19,19,28,28,28],"current_hp_per_floor":[72,72,72,72,72,72,72,26,26,8,8,21,21,15,45,23,72,66,66,66,35,13,49,35,71,71,67,67,48,28,7,46,0,0],"gold":78,"neow_bonus":"THREE_ENEMY_KILL","is_daily":false,"chose_seed":false,"campfire_upgraded":0,"win_rate":0.0,"timestamp":1612431610,"path_taken":["M","?","$","?","M","E","M","E","T","?","M","M","$","M","R","BOSS","M","$","?","?","M","R","E","R","T","M","$","M","E","M","R","BOSS"],"items_purchased_type":["Card","Card","Relic","Card","Card","Card","Card"],"build_version":"2020-12-22","purchased_purges":1,"victory":false,"max_hp_per_floor":[72,72,72,72,72,72,72,72,72,72,72,72,72,72,72,72,72,72,72,72,72,72,72,72,72,72,72,72,72,72,72,72,72,72],"card_choices":[{"not_picked":["SashWhip","CutThroughFate"],"picked":"PathToVictory","floor":1.0},{"not_picked":["Vengeance","Replay:Cycle"],"picked":"CutThroughFate","floor":5.0},{"not_picked":["Worship","Pray"],"picked":"Devotion","floor":6.0},{"not_picked":["Consecrate","Swivel"],"picked":"Prostrate","floor":7.0},{"not_picked":["WreathOfFlame","Replay:ManipulateFuture"],"picked":"Replay:DivineShield","floor":8.0},{"not_picked":["CutThroughFate","BowlingBash"],"picked":"Consecrate","floor":11.0},{"not_picked":["Crescendo","ReachHeaven"],"picked":"Weave","floor":12},{"not_picked":["Perseverance","Replay:AtTheReady"],"picked":"Replay:Anticipation","floor":14},{"not_picked":["Scrawl","Devotion"],"picked":"Establishment","floor":16},{"not_picked":[],"picked":"Sanctity","floor":18},{"not_picked":[],"picked":"Replay:Vibes","floor":21},{"not_picked":[],"picked":"Prostrate+1","floor":22},{"not_picked":[],"picked":"FearNoEvil+1","floor":24},{"not_picked":[],"picked":"Sanctity","floor":27},{"not_picked":["CrushJoints"],"picked":"SKIP","floor":29},{"not_picked":["SashWhip"],"picked":"SKIP","floor":30},{"not_picked":["Replay:Hum"],"picked":"SKIP","floor":31}],"player_experience":234892,"relics_obtained":[{"floor":4.0,"key":"Juzu Bracelet"},{"floor":6.0,"key":"Mercury Hourglass"},{"floor":8.0,"key":"Gremlin Food"},{"floor":9.0,"key":"Eternal Feather"},{"floor":21,"key":"Red Mask"},{"floor":24,"key":"Replay:Towering Pillar of Hats"},{"floor":30,"key":"Pantograph"}],"event_choices":[{"damage_healed":0.0,"max_hp_gain":0.0,"max_hp_loss":0.0,"gold_gain":0.0,"cards_transformed":["Strike_P"],"event_name":"Transmorgrifier","player_choice":"Transformed","floor":2.0,"gold_loss":0.0,"damage_taken":0.0,"cards_obtained":["Replay:Hum"]},{"damage_healed":0.0,"max_hp_gain":0.0,"max_hp_loss":0.0,"gold_gain":0.0,"event_name":"Scrap Ooze","player_choice":"Success","floor":10.0,"gold_loss":0.0,"damage_taken":18.0,"relics_obtained":["Incense Burner"]},{"damage_healed":0,"gold_gain":0,"player_choice":"1 cards matched","damage_taken":0,"max_hp_gain":0,"max_hp_loss":0,"event_name":"Match and Keep!","floor":20,"gold_loss":0,"cards_obtained":["FlurryOfBlows"]},{"damage_healed":0,"gold_gain":0,"player_choice":"Fought Bandits","damage_taken":0,"max_hp_gain":0,"max_hp_loss":0,"event_name":"Masked Bandits","floor":21,"gold_loss":0}],"is_beta":false,"boss_relics":[{"not_picked":["SacredBark","ChewingGum"],"picked":"Busted Crown"}],"items_purged_floors":[13],"is_endless":false,"potions_floor_spawned":[6,8,12,14,24,27,31],"killed_by":"Collector","ascension_level":0}}