{"host":"8inpc3yxphy2r27y","time":1612424017,"event":{"mods":["100% Spire Juice","Act Like it!","Aspiration","Astrologer","Bard","BaseMod","Better Synergies","Better Vampires","Challenge The Spire","Conspire","Decade(王小明)","Defuse TimeMaze Blight","Downfall","Energized Spire","FutureSeer","Gensokyo","Gremlin Mod","GungeonMod","Hallownest","Highlight Path","HumanHunterMod(怪物杀人mod)","Hunter 猎人","KinomotoSakuraMod(木之本樱)","Lobotomy","LobotomyExtend","Minty Spire (QoL Compilation)","Quick Restart","READ ME - Guardian Mod","Red Circlet Mod","Reimu（博丽灵梦）","Relic Filter Mod","Relic Stats","Replay The Spire","Ryuuou龙王","SIMod","Shop Mod","Spicy Shops","StSLib","The Bug Knight","The Cursed","The Gatherer","The Hierophant","Waifu the Spire","[IsaacMod]以撒尖塔","noobMod","【遗物卡牌】REMEMod","残留之物","篝火指南"],"gold_per_floor":[776,750,28,28,85,119,163,163,216,60,750,361,170,253,301,385,424,492,565,623,635,721,137,190,301,354,366,33,33,124,205,274,350],"floor_reached":34,"language":"ZHS","playtime":2924,"items_purged":["TheCursedMod:Defend_TheCursed","TheCursedMod:Defend_TheCursed"],"score":1830,"play_id":"61f68a57-1cee-445f-b316-4c8f59e734e7","local_time":"20210204153337","daily_mods":["challengethespire:Platinum Difficulty","challengethespire:Modded Elite Rush","Uncertain Future"],"is_ascension_mode":true,"campfire_choices":[{"floor":4.0,"key":"RECALL"},{"data":"BettingIsNotGood","floor":11.0,"key":"SMITH"},{"data":"TheCursedMod:Defend_TheCursed","floor":13.0,"key":"PURGE"}],"circlet_count":0,"master_deck":["AscendersBane","TheCursedMod:Strike_TheCursed+1","TheCursedMod:Strike_TheCursed+1","TheCursedMod:Defend_TheCursed","TheCursedMod:CursedWand","TheCursedMod:CleanUpWorkshop","TheCursedMod:Dregs","BettingIsNotGood+1","Guardian:SentryBeam","TheCursedMod:EmpowerCircles","TheCursedMod:SpitefulPlan","expansioncontent:AwakenDeath","TheCursedMod:HellsGateOpen","TheCursedMod:CircleOfAbyss+1","TheCursedMod:CircleOfFlame+1","TheCursedMod:CircleOfCorruption","TheCursedMod:ShockAndAwe","TheCursedMod:DemonSword","TheCursedMod:LuckyCharm","TheCursedMod:SpitefulPlan","TheCursedMod:HellfireBreathing","TheCursedMod:CursedSpellbook","TheCursedMod:TroublousMinions","TheCursedMod:PrepareRite","TheCursedMod:StingEye+1","TheCursedMod:CursedBlade+1","TheCursedMod:EmpowerCircles+1","TheCursedMod:ManaCirculation","TheCursedMod:SurpriseAttack","TheCursedMod:Hemoplague","Madness","TheCursedMod:Evocation","TheCursedMod:CursedShiv","TheCursedMod:UltimatePain","TheCursedMod:CursedArmor","TheCursedMod:AshesToAshes"],"relics":["TheCursedMod:BlackMagic101","Black Star","Sling","PreservedInsect","HushsDoor","REME_ComplimentaryCards","ice","PokeGo","Divine Protection","Unceasing Top","LetterFromLob","CeramicFish","SteamSale","MerchantsRug","DemoMod:SuperHotWatch","Orichalcum","Replay:Rubber Ducky","Medical Kit","DemoMod:ClearGuonStone","Simple Rune","ReplayTheSpireMod:TigerMarble","DemoMod:WhiteGuonStone","Replay:Bandana","War Paint","Snecko Heart","GuppysTail","PunchingBag","Bottled Flame","Peace Pipe","Pen Nib","Lantern","Orrery","downfall:HeartBlessingRed","downfall:HeartBlessingGreen","TuHaoJin","HowToJump","SalivaCoin","MawBank","DemoMod:PinkGuonStone","Black Star","Astrolabe","Du-Vu Doll","ReplayTheSpireMod:Lightbulb","ReplayTheSpireMod:Ninjato","DemoMod:MonsterBlood","DemoMod:MeltedRock","UnicornStump","DemoMod:ResourcefulSack","Durian","DemoMod:LamentConfigurum","Void","bronze:BronzeIdol","DemoMod:SerJunkan","Replay:PocketPolymizer","DemoMod:Junk","BlankCard","Potion Belt","Omamori","Smiling Mask","Chaos","Art of War","DemoMod:BlueGuonStone","ReplayFunnel","conspire:Flyswatter","Incubus","DemoMod:Relodestone","Replay:Baseball","energizedSpire:NeverEndingSparkler"],"acts_visited":["Hallownest:Greenpath","Gensokyo:Gensokyoest","TheEnding","TheEnding"],"potions_floor_usage":[],"damage_taken":[{"damage":136.0,"enemies":"HollowMod:StalkingDevout","floor":1.0,"turns":11.0},{"damage":0.0,"enemies":"Giant Head","floor":2.0,"turns":5.0},{"damage":0.0,"enemies":"HollowMod:MossKnight","floor":5.0,"turns":9.0},{"damage":0.0,"enemies":"Replay:BlueRogue","floor":6.0,"turns":5.0},{"damage":0.0,"enemies":"3 Sentries","floor":7.0,"turns":5.0},{"damage":28.0,"enemies":"downfall:CharBossMerchant","floor":9.0,"turns":7.0},{"damage":0.0,"enemies":"HollowMod:MossKnight","floor":14.0,"turns":5.0},{"damage":0.0,"enemies":"Replay:BlueRogue","floor":15.0,"turns":3.0},{"damage":0.0,"enemies":"3 Sentries","floor":16.0,"turns":7.0},{"damage":0.0,"enemies":"HollowMod:MossKnight","floor":18.0,"turns":4.0},{"damage":5.0,"enemies":"Replay:BlueRogue","floor":19.0,"turns":4.0},{"damage":0.0,"enemies":"3 Sentries","floor":20.0,"turns":6.0},{"damage":0.0,"enemies":"REME_1_Revenger","floor":24.0,"turns":5.0},{"damage":0.0,"enemies":"Replay:Snechameleon","floor":25.0,"turns":4.0},{"damage":0.0,"enemies":"conspire:SneckoGhost","floor":26.0,"turns":4.0},{"damage":0.0,"enemies":"HollowMod:StalkingDevout","floor":30.0,"turns":4.0},{"damage":0.0,"enemies":"Giant Head","floor":31.0,"turns":6.0},{"damage":0,"enemies":"Nemesis","floor":32,"turns":7},{"damage":10,"enemies":"Shield and Spear","floor":33,"turns":6}],"seed_played":"5892410487803372141","potions_obtained":[{"floor":7.0,"key":"ZuzhouPotion:ReiMu"},{"floor":24.0,"key":"Ancient Potion"},{"floor":26.0,"key":"DistilledChaos"},{"floor":33,"key":"DemoMod:BlankPotion"}],"is_trial":true,"path_per_floor":["E","E","$","R","E","E","E","T","E","$","R","$","R","E","E","E","T","E","E","E","T","$","R","E","E","E","T","$","R","E","E","E","E",null],"character_chosen":"THE_CURSED","items_purchased":["SteamSale","expansioncontent:AwakenDeath","MerchantsRug","DemoMod:SuperHotWatch","Orichalcum","Replay:Rubber Ducky","Medical Kit","TheCursedMod:HellsGateOpen","GuppysTail","TheCursedMod:DemonSword","Lee\u0027s Waffle","Peace Pipe","Pen Nib","Lantern","Orrery","Damocles","DemoMod:LamentConfigurum","Void","bronze:BronzeIdol","DemoMod:SerJunkan","Chaos","Art of War","DemoMod:BlueGuonStone","ReplayFunnel"],"campfire_rested":0,"item_purchase_floors":[3,3,3,3,3,3,3,3,8,10,10,12,12,12,12,17,23,23,23,23,28,28,28,28],"current_hp_per_floor":[69,82,82,82,82,86,86,76,48,83,83,83,83,83,83,90,80,80,82,92,92,92,92,92,92,92,92,92,92,92,92,92,82],"gold":350,"neow_bonus":"","is_daily":false,"chose_seed":false,"campfire_upgraded":1,"win_rate":0.0,"timestamp":1612424017,"path_taken":["E","E","$","R","E","E","E","T","E","$","R","$","R","E","E","E","T","E","E","E","T","$","R","E","E","E","T","$","R","E","E","E","E"],"items_purchased_type":["Relic","Card","Relic","Relic","Relic","Relic","Relic","Card","Relic","Card","Relic","Relic","Relic","Card","Relic","Relic","Relic","Card","Relic","Relic","Card","Relic","Relic","Relic"],"build_version":"2020-12-22","purchased_purges":2,"victory":true,"max_hp_per_floor":[86,86,86,86,86,86,86,76,76,83,83,83,83,83,83,90,80,80,87,92,92,92,92,92,92,92,92,92,92,92,92,92,92],"relic_stats":{"counters":[19,107],"CeramicFish":243,"Astrolabe":["TheCursedMod:StingEye","TheCursedMod:CursedBlade","TheCursedMod:EmpowerCircles"],"PreservedInsect":1119,"Pen Nib":[14],"Orichalcum":[96],"War Paint":["TheCursedMod:CircleOfAbyss","TheCursedMod:CircleOfFlame"],"Medical Kit":[14],"MawBank":156,"Smiling Mask":0,"Peace Pipe":1,"Black Star":29,"Art of War":[0],"obtain_stats":[{"Chaos":28,"Divine Protection":1,"Damocles":17,"DemoMod:BlueGuonStone":28,"CeramicFish":2,"downfall:HeartBlessingGreen":13,"DemoMod:GlassGuonStoneRelic":5,"ice":0,"Sling":0,"DemoMod:SuperHotWatch":3,"DemoMod:MonsterBlood":19,"DemoMod:MeltedRock":19,"DemoMod:LamentConfigurum":23,"TuHaoJin":14,"Diplopia":16,"DemoMod:ClearGuonStone":5,"Void":23,"KeepersGift":0,"TheCursedMod:BlackMagic101":0,"MerchantsRug":3,"PunchingBag":9,"Astrolabe":17,"Pen Nib":12,"War Paint":7,"Incubus":31,"SteamSale":3,"Du-Vu Doll":18,"Bottled Flame":9,"Replay:Baseball":32,"energizedSpire:NeverEndingSparkler":33,"ForgetMeNow":2,"Simple Rune":5,"DemoMod:SerJunkan":23,"DemoMod:Relodestone":32,"Black Star":0,"ReplayTheSpireMod:TigerMarble":6,"DemoMod:ResourcefulSack":20,"HushsDoor":0,"Unceasing Top":1,"conspire:Flyswatter":30,"ReplayFunnel":28,"GuppysTail":8,"Lantern":12,"UnicornStump":20,"Snecko Heart":8,"Replay:PocketPolymizer":24,"DemoMod:WhiteGuonStone":6,"Smiling Mask":26,"Replay:Rubber Ducky":3,"Replay:Bandana":7,"PokeGo":0,"Tiny Chest":19,"DemoMod:Junk":24,"Potion Belt":25,"Lee\u0027s Waffle":10,"ReplayTheSpireMod:Ninjato":18,"downfall:HeartBlessingRed":13,"HowToJump":14,"PreservedInsect":0,"DemoMod:PinkGuonStone":16,"Omamori":25,"Orichalcum":3,"Medical Kit":3,"MawBank":15,"bronze:BronzeIdol":23,"Peace Pipe":12,"Orrery":12,"LetterFromLob":1,"SalivaCoin":15,"Durian":20,"Art of War":28,"BlankCard":25,"ReplayTheSpireMod:Lightbulb":18,"REME_ComplimentaryCards":0},{"Chaos":15,"Divine Protection":1,"Damocles":9,"DemoMod:BlueGuonStone":15,"CeramicFish":2,"downfall:HeartBlessingGreen":6,"DemoMod:GlassGuonStoneRelic":3,"ice":0,"Sling":0,"DemoMod:SuperHotWatch":2,"DemoMod:MonsterBlood":11,"DemoMod:MeltedRock":11,"DemoMod:LamentConfigurum":12,"TuHaoJin":7,"Diplopia":9,"DemoMod:ClearGuonStone":3,"Void":12,"KeepersGift":0,"TheCursedMod:BlackMagic101":0,"MerchantsRug":2,"PunchingBag":6,"Astrolabe":9,"Pen Nib":6,"War Paint":5,"Incubus":17,"SteamSale":2,"Du-Vu Doll":10,"Bottled Flame":6,"Replay:Baseball":18,"energizedSpire:NeverEndingSparkler":19,"ForgetMeNow":2,"Simple Rune":3,"DemoMod:SerJunkan":12,"DemoMod:Relodestone":18,"Black Star":0,"ReplayTheSpireMod:TigerMarble":4,"DemoMod:ResourcefulSack":12,"HushsDoor":0,"Unceasing Top":1,"conspire:Flyswatter":16,"ReplayFunnel":15,"GuppysTail":5,"Lantern":6,"UnicornStump":12,"Snecko Heart":5,"Replay:PocketPolymizer":13,"DemoMod:WhiteGuonStone":4,"Smiling Mask":15,"Replay:Rubber Ducky":2,"Replay:Bandana":5,"PokeGo":0,"Tiny Chest":11,"DemoMod:Junk":13,"Potion Belt":14,"Lee\u0027s Waffle":6,"ReplayTheSpireMod:Ninjato":10,"downfall:HeartBlessingRed":6,"HowToJump":7,"PreservedInsect":0,"DemoMod:PinkGuonStone":9,"Omamori":14,"Orichalcum":2,"Medical Kit":2,"MawBank":8,"bronze:BronzeIdol":12,"Peace Pipe":6,"Orrery":6,"LetterFromLob":1,"SalivaCoin":8,"Durian":12,"Art of War":15,"BlankCard":14,"ReplayTheSpireMod:Lightbulb":10,"REME_ComplimentaryCards":0},{"Chaos":84,"Divine Protection":11,"Damocles":57,"DemoMod:BlueGuonStone":84,"CeramicFish":16,"downfall:HeartBlessingGreen":42,"DemoMod:GlassGuonStoneRelic":25,"ice":0,"Sling":0,"DemoMod:SuperHotWatch":16,"DemoMod:MonsterBlood":65,"DemoMod:MeltedRock":65,"DemoMod:LamentConfigurum":71,"TuHaoJin":47,"Diplopia":57,"DemoMod:ClearGuonStone":25,"Void":71,"KeepersGift":0,"TheCursedMod:BlackMagic101":0,"MerchantsRug":16,"PunchingBag":42,"Astrolabe":57,"Pen Nib":42,"War Paint":35,"Incubus":94,"SteamSale":16,"Du-Vu Doll":61,"Bottled Flame":42,"Replay:Baseball":101,"energizedSpire:NeverEndingSparkler":107,"ForgetMeNow":16,"Simple Rune":25,"DemoMod:SerJunkan":71,"DemoMod:Relodestone":101,"Black Star":0,"ReplayTheSpireMod:TigerMarble":30,"DemoMod:ResourcefulSack":71,"HushsDoor":0,"Unceasing Top":11,"conspire:Flyswatter":88,"ReplayFunnel":84,"GuppysTail":35,"Lantern":42,"UnicornStump":71,"Snecko Heart":35,"Replay:PocketPolymizer":76,"DemoMod:WhiteGuonStone":30,"Smiling Mask":84,"Replay:Rubber Ducky":16,"Replay:Bandana":35,"PokeGo":0,"Tiny Chest":65,"DemoMod:Junk":76,"Potion Belt":80,"Lee\u0027s Waffle":42,"ReplayTheSpireMod:Ninjato":61,"downfall:HeartBlessingRed":42,"HowToJump":47,"PreservedInsect":0,"DemoMod:PinkGuonStone":57,"Omamori":80,"Orichalcum":16,"Medical Kit":16,"MawBank":50,"bronze:BronzeIdol":71,"Peace Pipe":42,"Orrery":42,"LetterFromLob":11,"SalivaCoin":50,"Durian":71,"Art of War":84,"BlankCard":77,"ReplayTheSpireMod:Lightbulb":61,"REME_ComplimentaryCards":0}],"Unceasing Top":[3]},"card_choices":[{"not_picked":[],"picked":"BettingIsNotGood","floor":0.0},{"not_picked":["TheCursedMod:CursedBlade+1","TheCursedMod:Stigma"],"picked":"TheCursedMod:ShockAndAwe","floor":9.0},{"not_picked":["TheCursedMod:SpreadPlague","TheCursedMod:TacticalStrike"],"picked":"TheCursedMod:SpitefulPlan","floor":12.0}],"player_experience":188532,"relics_obtained":[{"floor":1.0,"key":"Divine Protection"},{"floor":1.0,"key":"Unceasing Top"},{"floor":1.0,"key":"LetterFromLob"},{"floor":2.0,"key":"ForgetMeNow"},{"floor":2.0,"key":"CeramicFish"},{"floor":5.0,"key":"DemoMod:ClearGuonStone"},{"floor":5.0,"key":"Simple Rune"},{"floor":6.0,"key":"ReplayTheSpireMod:TigerMarble"},{"floor":6.0,"key":"DemoMod:WhiteGuonStone"},{"floor":7.0,"key":"Replay:Bandana"},{"floor":7.0,"key":"War Paint"},{"floor":9.0,"key":"PunchingBag"},{"floor":9.0,"key":"Bottled Flame"},{"floor":14.0,"key":"TuHaoJin"},{"floor":14.0,"key":"HowToJump"},{"floor":15.0,"key":"SalivaCoin"},{"floor":15.0,"key":"MawBank"},{"floor":16.0,"key":"DemoMod:PinkGuonStone"},{"floor":16.0,"key":"Diplopia"},{"floor":18.0,"key":"Du-Vu Doll"},{"floor":18.0,"key":"ReplayTheSpireMod:Lightbulb"},{"floor":18.0,"key":"ReplayTheSpireMod:Ninjato"},{"floor":19.0,"key":"DemoMod:MonsterBlood"},{"floor":19.0,"key":"Tiny Chest"},{"floor":19.0,"key":"DemoMod:MeltedRock"},{"floor":20.0,"key":"UnicornStump"},{"floor":20.0,"key":"DemoMod:ResourcefulSack"},{"floor":20.0,"key":"Durian"},{"floor":24.0,"key":"Replay:PocketPolymizer"},{"floor":24.0,"key":"DemoMod:Junk"},{"floor":25.0,"key":"Potion Belt"},{"floor":25.0,"key":"Omamori"},{"floor":26.0,"key":"Smiling Mask"},{"floor":26.0,"key":"DemoMod:Junk"},{"floor":30.0,"key":"conspire:Flyswatter"},{"floor":30.0,"key":"DemoMod:Junk"},{"floor":31.0,"key":"DemoMod:Junk"},{"floor":31.0,"key":"Incubus"},{"floor":32,"key":"DemoMod:Relodestone"},{"floor":32,"key":"Replay:Baseball"},{"floor":33,"key":"energizedSpire:NeverEndingSparkler"},{"floor":33,"key":"DemoMod:Junk"}],"event_choices":[],"is_beta":false,"boss_relics":[{"not_picked":["RedLine:ReiMu","Fusion Hammer"],"picked":"Snecko Heart"},{"not_picked":[]},{"not_picked":[]},{"not_picked":["aspiration:SecretTechniqueScroll","Replay:Grab Bag"],"picked":"Astrolabe"},{"not_picked":[]}],"items_purged_floors":[23,23],"is_endless":false,"potions_floor_spawned":[7,14,18,24,26,33],"ascension_level":20}}