{"host":"kdt6w7ix8lwe69i9","time":1612462061,"event":{"mods":["100% Spire Juice","BaseMod","ChefMod","Evolution","Minty Spire (QoL Compilation)","Poor People Problems","Reimu（博丽灵梦）","Robot Space Explorer","Shade Mod","StSLib","The Druid","The Gatherer","TheSurvivalist"],"gold_per_floor":[116,291,291,281,281,281,301,301,327,343,18,18,43,59,59,187,187,208,208,222,222,182,213,213,213,213,213,40,58,77,77,77,74,74],"floor_reached":33,"language":"ENG","playtime":2717,"items_purged":["Poor:ReiMu","Doubt"],"score":271,"play_id":"c8cfda4b-7f72-4090-b51a-f867dd8e344a","local_time":"20210204130741","is_ascension_mode":false,"campfire_choices":[{"data":"theDruid:BriarArmor","floor":6,"key":"SMITH"},{"floor":8,"key":"REST"},{"data":"Apotheosis","floor":12,"key":"SMITH"},{"floor":15,"key":"REST"},{"floor":24,"key":"REST"},{"floor":27,"key":"RECALL"},{"floor":32,"key":"REST"}],"circlet_count":0,"master_deck":["theDruid:Strike_O","theDruid:Strike_O","theDruid:Strike_O","theDruid:Strike_O","theDruid:Defend_O","theDruid:Defend_O","theDruid:Defend_O","theDruid:Defend_O","theDruid:BriarArmor+1","theDruid:WildSlash","theDruid:PouncingStrike","theDruid:ThickHide","Injury","theDruid:Resupply","theDruid:Rabid","Apotheosis+1","theDruid:FeralPlants","theDruid:TakeShelter","theDruid:Swipe","theDruid:IronbarkArmor","theDruid:ThornStrike","theDruid:PlagueClaw","ZunPunch:ReiMu","theDruid:Starfall","Shame","theDruid:Resourcefulness+1","theDruid:BristlingDefense+1","theDruid:ThornStrike"],"relics":["theDruid:CrownOfTheWilds","EVO:Axolotl","YidongShenshe:ReiMu","Golden Idol","Singing Bowl","Tiny Chest","Boot","Cursed Key","Nilry\u0027s Codex","Vajra","Letter Opener","Frozen Egg 2"],"acts_visited":["Exordium","TheCity"],"potions_floor_usage":[7,10,16,23,33],"damage_taken":[{"damage":6,"enemies":"Jaw Worm","floor":1,"turns":5},{"damage":0,"enemies":"Small Slimes","floor":4,"turns":4},{"damage":18,"enemies":"Gremlin Nob","floor":7,"turns":5},{"damage":18,"enemies":"Lagavulin","floor":10,"turns":7},{"damage":0,"enemies":"2 Louse","floor":13,"turns":2},{"damage":3,"enemies":"Large Slime","floor":14,"turns":9},{"damage":6,"enemies":"The Guardian","floor":16,"turns":12},{"damage":11,"enemies":"Spheric Guardian","floor":18,"turns":7},{"damage":8,"enemies":"Chosen","floor":20,"turns":6},{"damage":24,"enemies":"Book of Stabbing","floor":23,"turns":7},{"damage":40,"enemies":"Sentry and Sphere","floor":29,"turns":5},{"damage":26,"enemies":"Snake Plant","floor":30,"turns":5},{"damage":45,"enemies":"Automaton","floor":33,"turns":6}],"seed_played":"759557465392658689","potions_obtained":[{"floor":4,"key":"FearPotion"},{"floor":7,"key":"Swift Potion"},{"floor":14,"key":"FearPotion"},{"floor":16,"key":"Strength Potion"},{"floor":18,"key":"Regen Potion"}],"is_trial":false,"path_per_floor":["M","?","?","M","?","R","E","R","T","E","$","R","M","M","R","B",null,"M","?","M","?","?","E","R","T","T","R","$","M","M","?","R","B"],"character_chosen":"DRUID","items_purchased":["Apotheosis","theDruid:FeralPlants","theDruid:Resourcefulness+1"],"campfire_rested":4,"item_purchase_floors":[11,11,28],"current_hp_per_floor":[62,62,62,62,62,62,44,70,70,52,52,52,52,49,75,69,89,78,78,70,54,54,44,70,70,70,70,70,30,7,7,33,0,0],"gold":74,"neow_bonus":"TWENTY_PERCENT_HP_BONUS","is_daily":false,"chose_seed":false,"campfire_upgraded":2,"win_rate":0.0,"timestamp":1612462061,"path_taken":["M","?","?","M","?","R","E","R","T","E","$","R","M","M","R","BOSS","M","?","M","?","?","E","R","?","T","R","$","?","M","?","R","BOSS"],"items_purchased_type":["Card","Card","Card"],"build_version":"2020-12-22","purchased_purges":2,"victory":false,"max_hp_per_floor":[89,89,89,89,89,89,89,89,89,89,89,89,89,89,89,89,89,89,89,89,89,89,89,89,89,89,89,89,89,89,89,89,89,89],"card_choices":[{"not_picked":["theDruid:FuriousSlash","theDruid:MysticBarrier"],"picked":"theDruid:PouncingStrike","floor":1},{"not_picked":["theDruid:Moonbeam","theDruid:PlagueClaw"],"picked":"theDruid:ThickHide","floor":4},{"not_picked":["theDruid:ExposingSlash","theDruid:NaturalAgility"],"picked":"theDruid:Resupply","floor":7},{"not_picked":["theDruid:BloodiedFur","theDruid:BackupSupplies"],"picked":"theDruid:Rabid","floor":10},{"not_picked":["theDruid:Moonbeam","theDruid:Gore"],"picked":"theDruid:TakeShelter","floor":13},{"not_picked":["theDruid:RockSlide","theDruid:BlessedStrike"],"picked":"theDruid:Swipe","floor":14},{"not_picked":["theDruid:SurvivalCache","theDruid:ApexPredator"],"picked":"theDruid:IronbarkArmor","floor":16},{"not_picked":["theDruid:Gore","theDruid:Resupply"],"picked":"theDruid:ThornStrike","floor":18},{"not_picked":["theDruid:Swipe+1","theDruid:Untamed"],"picked":"theDruid:PlagueClaw","floor":20},{"not_picked":["theDruid:SpiritCall","theDruid:FelineGrace"],"picked":"theDruid:Starfall","floor":23},{"not_picked":["theDruid:Eclipse+1","theDruid:ExposingSlash"],"picked":"theDruid:BristlingDefense+1","floor":29},{"not_picked":["theDruid:FullMoon+1","theDruid:Resupply"],"picked":"theDruid:ThornStrike","floor":30}],"player_experience":1236706,"relics_obtained":[{"floor":7,"key":"Singing Bowl"},{"floor":9,"key":"Tiny Chest"},{"floor":10,"key":"Boot"},{"floor":21,"key":"Nilry\u0027s Codex"},{"floor":23,"key":"Vajra"},{"floor":25,"key":"Letter Opener"},{"floor":26,"key":"Frozen Egg 2"}],"event_choices":[{"damage_healed":0,"gold_gain":175,"player_choice":"AGREE","damage_taken":0,"max_hp_gain":0,"max_hp_loss":0,"event_name":"Liars Game","floor":2,"gold_loss":0,"cards_obtained":["Doubt"]},{"damage_healed":0,"gold_gain":0,"player_choice":"Take Tiny Shrine away","damage_taken":0,"relics_obtained":["YidongShenshe:ReiMu"],"max_hp_gain":0,"max_hp_loss":0,"event_name":"yidonshenshe","floor":3,"gold_loss":0,"cards_obtained":["Poor:ReiMu"]},{"damage_healed":0,"gold_gain":0,"player_choice":"Take Wound","damage_taken":0,"relics_obtained":["Golden Idol"],"max_hp_gain":0,"max_hp_loss":0,"event_name":"Golden Idol","floor":5,"gold_loss":0,"cards_obtained":["Injury"]},{"damage_healed":0,"gold_gain":0,"player_choice":"Ignored","damage_taken":0,"max_hp_gain":0,"max_hp_loss":0,"event_name":"Vampires","floor":19,"gold_loss":0},{"damage_healed":0,"gold_gain":0,"player_choice":"Obtained Book","damage_taken":16,"max_hp_gain":0,"max_hp_loss":0,"event_name":"Cursed Tome","floor":21,"gold_loss":0},{"damage_healed":0,"gold_gain":0,"player_choice":"Hand rover O-miki","damage_taken":0,"max_hp_gain":0,"max_hp_loss":0,"event_name":"ZunEvent","floor":22,"relics_lost":["ZunR:ReiMu"],"gold_loss":0,"cards_obtained":["ZunPunch:ReiMu"]},{"cards_removed":["Pain"],"damage_healed":0,"gold_gain":0,"player_choice":"Elegance","damage_taken":0,"max_hp_gain":0,"max_hp_loss":0,"event_name":"Back to Basics","floor":31,"gold_loss":0}],"is_beta":false,"boss_relics":[{"not_picked":["Velvet Choker","RedLine:ReiMu"],"picked":"Cursed Key"}],"items_purged_floors":[11,28],"is_endless":false,"potions_floor_spawned":[4,7,14,16,18],"killed_by":"Automaton","ascension_level":0}}