{"host":"uc8wz0q199a7d901","time":1612408071,"event":{"mods":["2.2 Compatiblity","BaseMod","Colored Map","DeckTracker","Highlight Path","Minty Spire (QoL Compilation)","Permanent Neow","Quick Restart","SuperFastMode"],"gold_per_floor":[144,144,189,234,279,369,369,414,414,459,504,549,594,19,19,319,319,364,409,90,0,45,135,135,225,275,275,320,365,410,455,455,755,755,800,845,845,121,121,47,137,137,182,182,32,122,122,0,45,45,45],"floor_reached":52,"language":"KOR","playtime":1506,"items_purged":["Pain"],"score":1010,"play_id":"b8378b39-a473-435e-8170-7ef68ae1c2cd","local_time":"20210204120751","daily_mods":["Insanity","Red Cards","Midas"],"is_ascension_mode":false,"campfire_choices":[{"floor":7.0,"key":"REST"},{"floor":15,"key":"REST"},{"floor":24,"key":"REST"},{"floor":27,"key":"REST"},{"floor":32,"key":"REST"},{"floor":47,"key":"REST"},{"floor":50,"key":"REST"}],"circlet_count":0,"master_deck":["Stack","Shrug It Off","Rip and Tear","Havoc","Bloodletting","Disarm","Anger","Flex","Barrage","Warcry","Barrage","Go for the Eyes","Hello World","Dual Wield","Steam","Leap","Blood for Blood","Warcry","Metallicize","Shrug It Off","Flame Barrier","Shrug It Off","Reckless Charge","Conserve Battery","Clothesline","Clothesline","Barrage","Wild Strike","Genetic Algorithm","Shrug It Off","Hologram","Cleave+1","Cold Snap","Force Field","Loop","Scrape","Whirlwind","Undo","Chaos","Chaos","Warcry","Gash","Ball Lightning","Heavy Blade","Tempest","Double Energy","Warcry","Armaments","Creative AI","Loop","Recycle","Seek","Scrape+1","Capacitor","Mind Blast+1","Coolheaded","Turbo","Coolheaded+1","Echo Form","Defragment","Mind Blast+1","Demon Form","Consume","Buffer","Pommel Strike+1","Conserve Battery+1","Flex+1"],"relics":["Cracked Core","WarpedTongs","Gremlin Horn","Cables","Molten Egg 2","Eternal Feather","Philosopher\u0027s Stone","Akabeko","Orichalcum","Happy Flower","Bronze Scales","Nuclear Battery","Toolbox","Bag of Marbles","Shuriken","Ornamental Fan","InkBottle","ClockworkSouvenir","The Courier","Red Mask"],"acts_visited":["Exordium","TheCity","TheBeyond"],"potions_floor_usage":[16,16,16,16,19,23,29,33,33,51,51],"damage_taken":[{"damage":0.0,"enemies":"Small Slimes","floor":1.0,"turns":2.0},{"damage":1.0,"enemies":"Cultist","floor":3.0,"turns":2.0},{"damage":0.0,"enemies":"2 Louse","floor":4.0,"turns":3.0},{"damage":10.0,"enemies":"Exordium Thugs","floor":5.0,"turns":5.0},{"damage":9.0,"enemies":"3 Sentries","floor":6.0,"turns":3.0},{"damage":6.0,"enemies":"Looter","floor":8.0,"turns":2.0},{"damage":17.0,"enemies":"Large Slime","floor":10.0,"turns":4.0},{"damage":0.0,"enemies":"Exordium Wildlife","floor":11.0,"turns":2.0},{"damage":0.0,"enemies":"3 Louse","floor":12.0,"turns":2.0},{"damage":33.0,"enemies":"Large Slime","floor":13.0,"turns":4.0},{"damage":23,"enemies":"Hexaghost","floor":16,"turns":7},{"damage":6,"enemies":"Shell Parasite","floor":18,"turns":4},{"damage":0,"enemies":"3 Byrds","floor":19,"turns":2},{"damage":3,"enemies":"Snake Plant","floor":22,"turns":2},{"damage":0,"enemies":"Slavers","floor":23,"turns":2},{"damage":16,"enemies":"Book of Stabbing","floor":25,"turns":3},{"damage":0,"enemies":"Sentry and Sphere","floor":28,"turns":2},{"damage":0,"enemies":"Chosen and Byrds","floor":29,"turns":2},{"damage":0,"enemies":"Shelled Parasite and Fungi","floor":30,"turns":3},{"damage":0,"enemies":"Snake Plant","floor":31,"turns":1},{"damage":26,"enemies":"Collector","floor":33,"turns":6},{"damage":0,"enemies":"Orb Walker","floor":35,"turns":1},{"damage":3,"enemies":"3 Shapes","floor":36,"turns":1},{"damage":0,"enemies":"Reptomancer","floor":41,"turns":1},{"damage":3,"enemies":"Sphere and 2 Shapes","floor":43,"turns":1},{"damage":0,"enemies":"Nemesis","floor":46,"turns":1},{"damage":0,"enemies":"Spire Growth","floor":49,"turns":1},{"damage":26,"enemies":"Time Eater","floor":51,"turns":8}],"seed_played":"2514053361250750194","potions_obtained":[{"floor":5.0,"key":"Weak Potion"},{"floor":6.0,"key":"Dexterity Potion"},{"floor":12.0,"key":"PotionOfCapacity"},{"floor":13.0,"key":"EntropicBrew"},{"floor":16,"key":"FocusPotion"},{"floor":19,"key":"LiquidMemories"},{"floor":25,"key":"SkillPotion"},{"floor":28,"key":"CultistPotion"},{"floor":29,"key":"AttackPotion"},{"floor":35,"key":"Block Potion"},{"floor":36,"key":"LiquidBronze"}],"is_trial":false,"path_per_floor":["M","?","M","M","M","E","R","M","T","M","M","M","M","$","R","B",null,"M","M","$","?","M","E","R","E","T","R","M","M","M","M","R","B",null,"M","M","M","$","?","$","E","?","M","T","$","E","R","?","M","R","B",null],"character_chosen":"DEFECT","items_purchased":["Molten Egg 2","Eternal Feather","Capacitor","Mind Blast+1","Akabeko","Defragment","Toolbox","Bag of Marbles","Shuriken","Mind Blast+1","Consume","ClockworkSouvenir"],"campfire_rested":7,"item_purchase_floors":[14,14,20,20,20,38,38,38,38,38,40,45],"current_hp_per_floor":[75,75,74,74,64,55,75,69,69,52,52,52,19,19,71,48,75,69,69,69,69,66,66,75,59,59,75,75,75,75,75,75,49,75,75,72,72,72,72,72,72,72,69,69,69,69,75,75,75,75,49],"gold":45,"neow_bonus":"","is_daily":true,"chose_seed":false,"campfire_upgraded":0,"win_rate":0.0,"timestamp":1612408071,"path_taken":["M","?","M","M","M","E","R","M","T","M","?","M","?","$","R","BOSS","M","M","$","?","M","E","R","E","T","R","M","?","M","M","R","BOSS","M","M","M","$","?","?","E","?","M","T","$","E","R","?","M","R","BOSS"],"items_purchased_type":["Relic","Relic","Card","Card","Relic","Card","Relic","Relic","Relic","Card","Card","Relic"],"build_version":"2020-12-22","purchased_purges":1,"victory":true,"max_hp_per_floor":[75,75,75,75,75,75,75,75,75,75,75,75,75,75,75,75,75,75,75,75,75,75,75,75,75,75,75,75,75,75,75,75,75,75,75,75,75,75,75,75,75,75,75,75,75,75,75,75,75,75,75],"card_choices":[{"not_picked":["Rebound","Havoc","Barrage"],"picked":"SKIP","floor":1.0},{"not_picked":["Rebound","Havoc","Barrage"],"picked":"SKIP","floor":1.0},{"not_picked":["Wild Strike","Heavy Blade","Thunderclap"],"picked":"SKIP","floor":3.0},{"not_picked":["Sweeping Beam","Stack"],"picked":"Armaments","floor":4.0},{"not_picked":["Dual Wield","Searing Blow","True Grit"],"picked":"SKIP","floor":5.0},{"not_picked":["BootSequence","Spot Weakness"],"picked":"Creative AI","floor":6.0},{"not_picked":["Ball Lightning","Go for the Eyes","Anger"],"picked":"SKIP","floor":8.0},{"not_picked":["Cold Snap","Blizzard"],"picked":"Loop","floor":10.0},{"not_picked":["True Grit","Headbutt","Warcry"],"picked":"SKIP","floor":11.0},{"not_picked":["Body Slam","Ball Lightning"],"picked":"Recycle","floor":12.0},{"not_picked":["Sword Boomerang","Reprogram","Metallicize"],"picked":"SKIP","floor":13.0},{"not_picked":["Hyperbeam+1","Multi-Cast"],"picked":"Seek","floor":16},{"not_picked":["Steam","Tempest","Warcry"],"picked":"SKIP","floor":18},{"not_picked":["Perfected Strike+1","Flex"],"picked":"Scrape+1","floor":19},{"not_picked":["Melter+1","Sweeping Beam+1","Anger+1"],"picked":"SKIP","floor":22},{"not_picked":["Beam Cell+1","Clash+1","Twin Strike+1"],"picked":"SKIP","floor":23},{"not_picked":["Havoc+1","Sever Soul+1"],"picked":"Coolheaded","floor":25},{"not_picked":["Coolheaded","Clash+1"],"picked":"Turbo","floor":28},{"not_picked":["Metallicize","Hello World"],"picked":"Coolheaded+1","floor":29},{"not_picked":["True Grit","Twin Strike+1","Perfected Strike+1"],"picked":"SKIP","floor":30},{"not_picked":["Go for the Eyes+1","Leap+1","Cold Snap+1"],"picked":"SKIP","floor":31},{"not_picked":["Feed+1","Immolate+1"],"picked":"Echo Form","floor":33},{"not_picked":["Thunderclap+1","Wild Strike+1","Body Slam+1"],"picked":"SKIP","floor":35},{"not_picked":["Heavy Blade+1","Combust","Sword Boomerang+1"],"picked":"SKIP","floor":36},{"not_picked":["Streamline+1","Power Through+1"],"picked":"Buffer","floor":41},{"not_picked":["Headbutt+1","Anger+1"],"picked":"Pommel Strike+1","floor":43},{"not_picked":["Gash+1","Chill"],"picked":"Conserve Battery+1","floor":46},{"not_picked":["Juggernaut","Turbo"],"picked":"Flex+1","floor":49}],"player_experience":722319,"relics_obtained":[{"floor":6.0,"key":"Gremlin Horn"},{"floor":9.0,"key":"Cables"},{"floor":23,"key":"Orichalcum"},{"floor":25,"key":"Happy Flower"},{"floor":26,"key":"Bronze Scales"},{"floor":41,"key":"Ornamental Fan"},{"floor":44,"key":"InkBottle"},{"floor":46,"key":"The Courier"}],"event_choices":[{"damage_healed":0.0,"max_hp_gain":0.0,"max_hp_loss":0.0,"gold_gain":0.0,"event_name":"Accursed Blacksmith","player_choice":"Rummage","floor":2.0,"gold_loss":0.0,"damage_taken":0.0,"relics_obtained":["WarpedTongs"],"cards_obtained":["Pain"]},{"cards_removed":["Clash"],"damage_healed":0,"gold_gain":0,"player_choice":"Upgrade and Remove","damage_taken":0,"max_hp_gain":0,"max_hp_loss":0,"event_name":"Designer","floor":21,"gold_loss":90,"cards_upgraded":["Cleave"]},{"damage_healed":0,"gold_gain":0,"cards_transformed":["Fire Breathing"],"player_choice":"Transformed","damage_taken":0,"max_hp_gain":0,"max_hp_loss":0,"event_name":"Transmorgrifier","floor":39,"gold_loss":0,"cards_obtained":["Demon Form"]},{"cards_removed":["Flex"],"damage_healed":0,"gold_gain":0,"player_choice":"Removed Skill","damage_taken":0,"max_hp_gain":0,"max_hp_loss":0,"event_name":"Falling","floor":42,"gold_loss":0},{"damage_healed":0,"gold_gain":0,"player_choice":"Paid","damage_taken":0,"relics_obtained":["Red Mask"],"max_hp_gain":0,"max_hp_loss":0,"event_name":"Tomb of Lord Red Mask","floor":48,"gold_loss":122}],"is_beta":false,"boss_relics":[{"not_picked":["Empty Cage","Runic Dome"],"picked":"Philosopher\u0027s Stone"},{"not_picked":["Sozu","SacredBark"],"picked":"Nuclear Battery"}],"items_purged_floors":[14],"is_endless":false,"potions_floor_spawned":[5,6,12,13,16,19,25,28,29,35,36],"ascension_level":0}}