{"host":"x5w9zppki4gdwvc7","time":1612436167,"event":{"mods":["AchievementEnabler","BaseMod","Colored Powertips","DeckTracker","Minty Spire (QoL Compilation)"],"gold_per_floor":[119,133,133,143,68,68,95,95,95,95,113,113,122,122,122,233,233,246,257,302,302,315,315,328,328,328,328,328,338,19,37,37,37,37],"floor_reached":33,"language":"ENG","playtime":1525,"items_purged":["Strike_G"],"score":307,"play_id":"93fa6fc8-52d9-40b6-8b19-39fc4555765f","local_time":"20210204115607","is_ascension_mode":true,"campfire_choices":[{"data":"Noxious Fumes","floor":6,"key":"SMITH"},{"data":"Survivor","floor":8,"key":"SMITH"},{"floor":10,"key":"DIG"},{"floor":15,"key":"REST"},{"data":"1","floor":23,"key":"LIFT"},{"data":"A Thousand Cuts","floor":25,"key":"SMITH"},{"data":"2","floor":27,"key":"LIFT"},{"floor":32,"key":"REST"}],"circlet_count":0,"master_deck":["Strike_G+1","Strike_G+1","Strike_G+1","Strike_G+1","Defend_G+1","Defend_G+1","Defend_G+1","Defend_G+1","Defend_G+1","Survivor+1","Neutralize+1","Dagger Spray","Infinite Blades+1","Noxious Fumes+1","Prepared","Acrobatics","Parasite","A Thousand Cuts+1","Ghostly","Ghostly","Ghostly","Ghostly","Ghostly","Flash of Steel"],"relics":["Ring of the Snake","Girya","Shovel","Vajra","CeramicFish","Busted Crown","Nilry\u0027s Codex","Shuriken","Question Card"],"acts_visited":["Exordium","TheCity"],"potions_floor_usage":[16,16,16,16,33,33],"damage_taken":[{"damage":0,"enemies":"Cultist","floor":1,"turns":4},{"damage":0,"enemies":"2 Louse","floor":2,"turns":2},{"damage":1,"enemies":"Jaw Worm","floor":4,"turns":3},{"damage":25,"enemies":"3 Sentries","floor":7,"turns":6},{"damage":5,"enemies":"2 Fungi Beasts","floor":11,"turns":3},{"damage":25,"enemies":"Slime Boss","floor":16,"turns":5},{"damage":16,"enemies":"Spheric Guardian","floor":18,"turns":6},{"damage":2,"enemies":"Chosen","floor":19,"turns":6},{"damage":2,"enemies":"Sentry and Sphere","floor":22,"turns":6},{"damage":1,"enemies":"Centurion and Healer","floor":24,"turns":6},{"damage":3,"enemies":"Shelled Parasite and Fungi","floor":29,"turns":4},{"damage":0,"enemies":"3 Cultists","floor":31,"turns":3},{"damage":27,"enemies":"Collector","floor":33,"turns":6}],"seed_played":"-8972893597634776579","potions_obtained":[{"floor":2,"key":"DuplicationPotion"},{"floor":11,"key":"EntropicBrew"},{"floor":16,"key":"Swift Potion"},{"floor":18,"key":"EssenceOfSteel"},{"floor":19,"key":"FearPotion"}],"is_trial":false,"path_per_floor":["M","M","?","M","$","R","E","R","T","R","M","?","?","$","R","B",null,"M","M","?","?","M","R","M","R","T","R","?","M","$","M","R","B"],"character_chosen":"THE_SILENT","items_purchased":["Question Card","Flash of Steel"],"campfire_rested":2,"item_purchase_floors":[30,30],"current_hp_per_floor":[70,70,70,69,69,69,44,44,44,44,39,6,23,23,44,19,70,54,52,35,19,17,17,16,16,16,16,16,13,13,13,23,0,0],"gold":37,"neow_bonus":"UPGRADE_CARD","is_daily":false,"chose_seed":false,"campfire_upgraded":3,"win_rate":0.0,"timestamp":1612436167,"path_taken":["M","M","?","M","$","R","E","R","T","R","?","?","?","$","R","BOSS","M","M","?","?","M","R","M","R","T","R","?","?","$","M","R","BOSS"],"items_purchased_type":["Relic","Card"],"build_version":"2020-12-22","purchased_purges":1,"victory":false,"max_hp_per_floor":[70,70,70,70,70,70,70,70,70,70,70,70,70,70,70,70,70,70,70,35,35,35,35,35,35,35,35,35,35,35,35,35,35,35],"card_choices":[{"not_picked":["Dagger Throw","Poisoned Stab"],"picked":"Dagger Spray","floor":1},{"not_picked":["Concentrate","Blur"],"picked":"Infinite Blades","floor":2},{"not_picked":["Acrobatics","Backflip"],"picked":"Noxious Fumes","floor":4},{"not_picked":["Concentrate","Underhanded Strike"],"picked":"Prepared","floor":7},{"not_picked":["Prepared","Dodge and Roll"],"picked":"Acrobatics","floor":11},{"not_picked":["Corpse Explosion","Glass Knife"],"picked":"A Thousand Cuts","floor":16},{"not_picked":["Flying Knee"],"picked":"SKIP","floor":18},{"not_picked":["Noxious Fumes"],"picked":"SKIP","floor":19},{"not_picked":["Dodge and Roll"],"picked":"SKIP","floor":22},{"not_picked":["Flying Knee+1"],"picked":"SKIP","floor":24},{"not_picked":["Endless Agony+1"],"picked":"SKIP","floor":29},{"not_picked":["Sucker Punch","Deflect"],"picked":"SKIP","floor":31}],"player_experience":460600,"relics_obtained":[{"floor":7,"key":"Girya"},{"floor":9,"key":"Shovel"},{"floor":10,"key":"Vajra"},{"floor":21,"key":"Nilry\u0027s Codex"},{"floor":26,"key":"Shuriken"}],"event_choices":[{"damage_healed":0,"gold_gain":0,"player_choice":"Upgraded","damage_taken":0,"max_hp_gain":0,"max_hp_loss":0,"event_name":"Upgrade Shrine","floor":3,"gold_loss":0,"cards_upgraded":["Infinite Blades"]},{"damage_healed":0,"gold_gain":0,"player_choice":"Success","damage_taken":33,"relics_obtained":["CeramicFish"],"max_hp_gain":0,"max_hp_loss":0,"event_name":"Scrap Ooze","floor":12,"gold_loss":0},{"damage_healed":17,"gold_gain":0,"player_choice":"Healed and dodged fight","damage_taken":0,"max_hp_gain":0,"max_hp_loss":0,"event_name":"Mushrooms","floor":13,"gold_loss":0,"cards_obtained":["Parasite"]},{"damage_healed":0,"gold_gain":0,"player_choice":"Became a Ghost","damage_taken":0,"max_hp_gain":0,"max_hp_loss":35,"event_name":"Ghosts","floor":20,"gold_loss":0,"cards_obtained":["Ghostly","Ghostly","Ghostly","Ghostly","Ghostly"]},{"damage_healed":0,"gold_gain":0,"player_choice":"Obtained Book","damage_taken":16,"max_hp_gain":0,"max_hp_loss":0,"event_name":"Cursed Tome","floor":21,"gold_loss":0},{"damage_healed":0,"gold_gain":0,"player_choice":"Simplicity","damage_taken":0,"max_hp_gain":0,"max_hp_loss":0,"event_name":"Back to Basics","floor":28,"gold_loss":0,"cards_upgraded":["Strike_G","Strike_G","Strike_G","Strike_G","Defend_G","Defend_G","Defend_G","Defend_G","Defend_G"]}],"is_beta":false,"boss_relics":[{"not_picked":["SlaversCollar","Runic Pyramid"],"picked":"Busted Crown"}],"items_purged_floors":[5],"is_endless":false,"potions_floor_spawned":[2,11,16,18,19],"killed_by":"Collector","ascension_level":3}}