{"host":"d2y4rmbezebiv8aj","time":1612436699,"event":{"mods":["AchievementEnabler","BaseMod","Bestiary","BetterRewards","Colored Map","Colored Powertips","Custom Start","Highlight Path","Minty Spire (QoL Compilation)","Quick Restart","Rare Cards Sparkle","Relic Sorter","Relic Stats","Shop Mod","Slay-I","StSLib","SuperFastMode"],"gold_per_floor":[110,31,31,49,68,68,94,94,146,221,221,236,212,242,242,314,314,331,85,184,184,197,197,197,197],"floor_reached":24,"language":"DEU","playtime":518,"items_purged":[],"score":343,"play_id":"12cadba8-4267-4799-952f-ff966ff639d1","local_time":"20210204120459","is_ascension_mode":true,"campfire_choices":[{"data":"Storm of Steel","floor":6.0,"key":"SMITH"},{"floor":8.0,"key":"REST"},{"floor":15.0,"key":"REST"},{"floor":23,"key":"REST"}],"circlet_count":0,"master_deck":["AscendersBane","Strike_G","Strike_G","Strike_G+1","Strike_G","Strike_G","Defend_G","Defend_G","Defend_G","Defend_G","Defend_G","Survivor","Neutralize","Poisoned Stab+1","Noxious Fumes","Storm of Steel+1","Poisoned Stab","Dagger Spray","Backstab","Backflip","Slice","Bullet Time","Deadly Poison+1","Noxious Fumes","Die Die Die","Good Instincts","Decay","Prepared+1"],"relics":["Ring of the Snake","NeowsBlessing","Smiling Mask","Regal Pillow","Whetstone","Black Star"],"acts_visited":["Exordium","TheCity"],"potions_floor_usage":[],"damage_taken":[{"damage":0.0,"enemies":"Cultist","floor":1.0,"turns":1.0},{"damage":0.0,"enemies":"Small Slimes","floor":4.0,"turns":1.0},{"damage":0.0,"enemies":"2 Louse","floor":5.0,"turns":1.0},{"damage":49.0,"enemies":"3 Sentries","floor":7.0,"turns":9.0},{"damage":4.0,"enemies":"Large Slime","floor":12.0,"turns":5.0},{"damage":23.0,"enemies":"Gremlin Nob","floor":14.0,"turns":4.0},{"damage":29.0,"enemies":"Slime Boss","floor":16.0,"turns":7.0},{"damage":28.0,"enemies":"Shell Parasite","floor":18.0,"turns":5.0},{"damage":14,"enemies":"2 Thieves","floor":22,"turns":4},{"damage":47,"enemies":"Centurion and Healer","floor":24,"turns":8}],"seed_played":"-2112174002201446738","potions_obtained":[{"floor":3.0,"key":"DistilledChaos"},{"floor":3.0,"key":"Regen Potion"},{"floor":14.0,"key":"DistilledChaos"},{"floor":16.0,"key":"SkillPotion"}],"is_trial":false,"path_per_floor":["M","$","?","M","M","R","E","R","T","?","?","M","$","E","R","B",null,"M","$","?","?","M","R","M"],"character_chosen":"THE_SILENT","items_purchased":["Noxious Fumes","Backflip","Noxious Fumes","Die Die Die","Good Instincts"],"campfire_rested":3,"item_purchase_floors":[2,13,19,19,19],"current_hp_per_floor":[59,59,59,59,59,59,24,43,43,32,32,28,28,5,39,10,52,24,24,24,24,10,44,0,0],"gold":197,"neow_bonus":"THREE_ENEMY_KILL","is_daily":false,"chose_seed":false,"campfire_upgraded":1,"win_rate":0.0,"timestamp":1612436699,"path_taken":["M","$","?","M","?","R","E","R","T","?","?","M","$","E","R","BOSS","M","$","?","?","M","R","M"],"items_purchased_type":["Card","Card","Card","Card","Card"],"build_version":"2020-12-22","purchased_purges":0,"victory":false,"max_hp_per_floor":[66,66,66,66,66,66,66,66,66,66,66,66,66,66,66,66,66,66,66,66,66,66,66,66,66],"relic_stats":{"Regal Pillow":30,"counters":[10,45],"Black Star":0,"Whetstone":["Strike_G","Poisoned Stab"],"Smiling Mask":0,"obtain_stats":[{"Regal Pillow":9,"NeowsBlessing":0,"Black Star":17,"Whetstone":14,"Smiling Mask":7,"Ring of the Snake":0},{"Regal Pillow":4,"NeowsBlessing":0,"Black Star":7,"Whetstone":6,"Smiling Mask":4,"Ring of the Snake":0},{"Regal Pillow":12,"NeowsBlessing":0,"Black Star":28,"Whetstone":21,"Smiling Mask":12,"Ring of the Snake":0}],"Ring of the Snake":[20]},"card_choices":[{"not_picked":["Prepared","Leg Sweep"],"picked":"Poisoned Stab","floor":1.0},{"not_picked":["Backflip","Acrobatics"],"picked":"Storm of Steel","floor":4.0},{"not_picked":["Deadly Poison","Bouncing Flask"],"picked":"Poisoned Stab","floor":5.0},{"not_picked":["Catalyst","Dagger Throw"],"picked":"Dagger Spray","floor":7.0},{"not_picked":["Wraith Form v2","Poisoned Stab"],"picked":"Backstab","floor":12.0},{"not_picked":["Wraith Form v2","Bouncing Flask"],"picked":"Slice","floor":14.0},{"not_picked":["Venomology","Burst"],"picked":"Bullet Time","floor":16.0},{"not_picked":["Slice","Setup"],"picked":"Deadly Poison+1","floor":18.0},{"not_picked":["Acrobatics","Deadly Poison"],"picked":"Prepared+1","floor":22}],"player_experience":409722,"relics_obtained":[{"floor":7.0,"key":"Smiling Mask"},{"floor":9.0,"key":"Regal Pillow"},{"floor":14.0,"key":"Whetstone"}],"event_choices":[{"damage_healed":0.0,"max_hp_gain":0.0,"max_hp_loss":0.0,"gold_gain":0.0,"event_name":"Lab","player_choice":"Got Potions","floor":3.0,"gold_loss":0.0,"damage_taken":0.0},{"damage_healed":0.0,"max_hp_gain":0.0,"max_hp_loss":0.0,"gold_gain":75.0,"event_name":"World of Goop","player_choice":"Gather Gold","floor":10.0,"gold_loss":0.0,"damage_taken":11.0},{"damage_healed":0.0,"max_hp_gain":0.0,"max_hp_loss":0.0,"gold_gain":0.0,"event_name":"Golden Wing","player_choice":"Ignored","floor":11.0,"gold_loss":0.0,"damage_taken":0.0},{"damage_healed":0.0,"max_hp_gain":0.0,"max_hp_loss":0.0,"gold_gain":99.0,"event_name":"Nest","player_choice":"Stole From Cult","floor":20.0,"gold_loss":0.0,"damage_taken":0.0},{"damage_healed":0.0,"max_hp_gain":0.0,"max_hp_loss":0.0,"gold_gain":0.0,"event_name":"Forgotten Altar","player_choice":"Smashed Altar","floor":21.0,"gold_loss":0.0,"damage_taken":0.0,"cards_obtained":["Decay"]}],"is_beta":false,"boss_relics":[{"not_picked":["Snecko Eye","Ectoplasm"],"picked":"Black Star"}],"items_purged_floors":[],"is_endless":false,"potions_floor_spawned":[5,14,16],"killed_by":"Centurion and Healer","ascension_level":14}}