{"host":"3po7ngt2j61s4rmj","time":1612467520,"event":{"mods":["Act Like it!","BaseMod","Elementarium","Minty Spire (QoL Compilation)","Relic Stats","Shade Mod","StSLib","The Cursed"],"gold_per_floor":[117,133,133,143,93,125,125,125,125,141,153,5,17,60,60,170,170,199,16,43,43,64,98,98,132,132,132,166,166,266,266,266,376,376,395,35,57,72,72,112,112,152,152,178,196,196,239,262,262,262,262,262,41,85,85],"floor_reached":56,"language":"ENG","playtime":7999,"items_purged":["TheCursedMod:Strike_TheCursed"],"score":1350,"play_id":"e1d59b55-61e6-4854-9e4a-1c4cf83b4d17","local_time":"20210204123840","is_ascension_mode":true,"campfire_choices":[{"data":"TheCursedMod:CleanUpWorkshop","floor":8,"key":"SMITH"},{"data":"TheCursedMod:WearCloak","floor":15,"key":"SMITH"},{"data":"TheCursedMod:AntiAging","floor":24,"key":"SMITH"},{"data":"1","floor":27,"key":"LIFT"},{"data":"2","floor":29,"key":"LIFT"},{"data":"3","floor":32,"key":"LIFT"},{"floor":41,"key":"RECALL"},{"data":"Madness","floor":46,"key":"SMITH"},{"data":"TheCursedMod:CircleOfAbyss","floor":49,"key":"SMITH"},{"data":"TheCursedMod:FleshFromBone","floor":52,"key":"SMITH"}],"circlet_count":0,"master_deck":["TheCursedMod:Strike_TheCursed+1","TheCursedMod:Defend_TheCursed","TheCursedMod:Defend_TheCursed","TheCursedMod:Defend_TheCursed","TheCursedMod:CursedWand+1","TheCursedMod:CleanUpWorkshop+1","TheCursedMod:Dregs","TheCursedMod:FleshFromBone","TheCursedMod:CursedBlade+1","TheCursedMod:Wield","TheCursedMod:FleshFromBone+1","TheCursedMod:SpitefulPray","TheCursedMod:WearCloak+1","TheCursedMod:AbyssShockwave+1","TheCursedMod:Obscuration","TheCursedMod:AntiAging+1","TheCursedMod:SoulReap+1","TheCursedMod:ReleasedStrength","TheCursedMod:CursedStaff","TheCursedMod:TroublousMinions","TheCursedMod:StingEye+1","TheCursedMod:WearCloak","TheCursedMod:CircleOfAbyss+1","TheCursedMod:RapidMovement+1","TheCursedMod:Hemoplague","TheCursedMod:Stigma+1","TheCursedMod:CollectTribute","TheCursedMod:LuckyCharm+1","TheCursedMod:SpitefulPray+1","Madness","Madness+1","TheCursedMod:HellfireBreathing+1","TheCursedMod:CircleOfCorruption+1"],"relics":["TheCursedMod:BlackMagicAdvanced","HornCleat","Orichalcum","Medical Kit","CeramicFish","Potion Belt","Centennial Puzzle","InkBottle","Girya","Letter Opener","Eternal Feather","TungstenRod","Question Card","Elementarium:ElementariumTrophy","TheCursedMod:OminousMark","Pen Nib","TheAbacus","Mercury Hourglass","Whetstone","TheCursedMod:CrystalBall","Boot","OrangePellets","Pocketwatch"],"acts_visited":["Exordium","Exordium","TheBeyond","TheEnding"],"potions_floor_usage":[6,11,23,31,33,55,55],"damage_taken":[{"damage":0,"enemies":"2 Louse","floor":1,"turns":3},{"damage":2,"enemies":"Jaw Worm","floor":2,"turns":5},{"damage":0,"enemies":"Cultist","floor":4,"turns":3},{"damage":12,"enemies":"Gremlin Nob","floor":6,"turns":5},{"damage":0,"enemies":"3 Louse","floor":10,"turns":2},{"damage":0,"enemies":"2 Fungi Beasts","floor":11,"turns":3},{"damage":10,"enemies":"Exordium Wildlife","floor":13,"turns":6},{"damage":11,"enemies":"Lagavulin","floor":14,"turns":14},{"damage":25,"enemies":"The Guardian","floor":16,"turns":21},{"damage":12,"enemies":"Elementarium:MUD_AND_TAR_GOLEMS","floor":18,"turns":5},{"damage":12,"enemies":"Elementarium:Cyclone","floor":20,"turns":7},{"damage":16,"enemies":"Elementarium:VOID_CORRUPTION_AND_TAR_GOLEM","floor":22,"turns":9},{"damage":19,"enemies":"Elementarium:FIRE_NOBILITY","floor":23,"turns":10},{"damage":5,"enemies":"Elementarium:WarGolem","floor":25,"turns":6},{"damage":0,"enemies":"Elementarium:ElementalPortal","floor":28,"turns":6},{"damage":2,"enemies":"Elementarium:FIRE_SANCTUM_HERALD","floor":30,"turns":5},{"damage":1,"enemies":"Elementarium:FIRE_SANCTUM_FIRELORD","floor":30,"turns":4},{"damage":0,"enemies":"Elementarium:Hydrostalker","floor":31,"turns":1},{"damage":5,"enemies":"Elementarium:GolemEmperor","floor":33,"turns":11},{"damage":0,"enemies":"3 Shapes","floor":35,"turns":4},{"damage":0,"enemies":"Orb Walker","floor":37,"turns":3},{"damage":0,"enemies":"Transient","floor":38,"turns":5},{"damage":8,"enemies":"Reptomancer","floor":40,"turns":4},{"damage":18,"enemies":"Nemesis","floor":42,"turns":7},{"damage":0,"enemies":"Maw","floor":44,"turns":7},{"damage":2,"enemies":"Giant Head","floor":47,"turns":8},{"damage":24,"enemies":"Donu and Deca","floor":50,"turns":9},{"damage":46,"enemies":"Shield and Spear","floor":54,"turns":6},{"damage":39,"enemies":"The Heart","floor":55,"turns":10}],"seed_played":"2746160665845455126","potions_obtained":[{"floor":1,"key":"TheCursedMod:DregsPotion"},{"floor":4,"key":"GamblersBrew"},{"floor":13,"key":"SmokeBomb"},{"floor":22,"key":"SkillPotion"},{"floor":28,"key":"SmokeBomb"},{"floor":30,"key":"PowerPotion"},{"floor":35,"key":"Ancient Potion"},{"floor":38,"key":"BlessingOfTheForge"},{"floor":42,"key":"SmokeBomb"}],"is_trial":false,"path_per_floor":["M","M","?","M","?","E","?","R","T","M","M","$","M","E","R","B",null,"M","$","M","?","M","E","R","E","T","R","E","R","?","M","R","B",null,"M","$","M","M","?","E","R","E","T","M","?","R","E","T","R","B",null,"R","$","E","B",null],"character_chosen":"THE_CURSED","items_purchased":["Medical Kit","Potion Belt","TheCursedMod:ReleasedStrength","Pen Nib","TheAbacus","TheCursedMod:Hemoplague","OrangePellets"],"campfire_rested":0,"item_purchase_floors":[12,19,19,36,36,36,53],"current_hp_per_floor":[75,73,66,66,66,54,54,54,54,54,54,54,44,33,33,8,75,65,65,65,50,46,42,42,44,44,44,55,67,82,82,92,95,95,98,98,101,104,104,99,107,92,92,104,91,109,116,116,116,108,119,119,119,85,58],"gold":85,"neow_bonus":"UPGRADE_CARD","is_daily":false,"chose_seed":false,"campfire_upgraded":6,"win_rate":0.0,"timestamp":1612467520,"path_taken":["M","M","?","M","?","E","?","R","T","?","M","$","M","E","R","BOSS","M","?","M","?","M","E","R","E","T","R","E","R","?","?","R","BOSS","M","$","?","M","?","E","R","E","T","M","?","R","E","?","R","BOSS","R","$","E","BOSS"],"items_purchased_type":["Relic","Relic","Card","Relic","Relic","Card","Relic"],"build_version":"2020-12-22","purchased_purges":1,"victory":true,"max_hp_per_floor":[75,75,75,75,75,75,75,75,75,75,75,75,75,75,75,75,75,77,77,79,79,81,83,83,83,83,83,86,86,92,92,92,95,95,98,98,101,104,104,107,107,110,110,113,113,113,116,116,116,119,119,119,119,119,122],"relic_stats":{"counters":[29,188],"CeramicFish":171,"Eternal Feather":48,"Pen Nib":[11],"Letter Opener":[313],"Whetstone":["TheCursedMod:Strike_TheCursed","TheCursedMod:AbyssShockwave"],"Orichalcum":[120],"Medical Kit":[17],"Question Card":9,"Boot":[8],"Mercury Hourglass":[136],"OrangePellets":[3],"Centennial Puzzle":[37],"TheAbacus":[84],"obtain_stats":[{"Potion Belt":19,"TheCursedMod:BlackMagic101":0,"Girya":25,"TheCursedMod:BlackMagicAdvanced":17,"CeramicFish":14,"Eternal Feather":28,"Pen Nib":36,"Letter Opener":26,"Whetstone":42,"Orichalcum":9,"Medical Kit":12,"Question Card":30,"Boot":48,"Mercury Hourglass":40,"OrangePellets":53,"Centennial Puzzle":21,"HornCleat":6,"TheAbacus":36,"Elementarium:ElementariumTrophy":33,"TheCursedMod:OminousMark":34,"TheCursedMod:CrystalBall":47,"InkBottle":23,"TungstenRod":30,"Pocketwatch":54},{"Potion Belt":10,"TheCursedMod:BlackMagic101":0,"Girya":14,"TheCursedMod:BlackMagicAdvanced":9,"CeramicFish":8,"Eternal Feather":15,"Pen Nib":20,"Letter Opener":14,"Whetstone":24,"Orichalcum":4,"Medical Kit":6,"Question Card":17,"Boot":26,"Mercury Hourglass":23,"OrangePellets":27,"Centennial Puzzle":11,"HornCleat":4,"TheAbacus":20,"Elementarium:ElementariumTrophy":19,"TheCursedMod:OminousMark":19,"TheCursedMod:CrystalBall":26,"InkBottle":13,"TungstenRod":17,"Pocketwatch":28},{"Potion Belt":67,"TheCursedMod:BlackMagic101":0,"Girya":99,"TheCursedMod:BlackMagicAdvanced":62,"CeramicFish":41,"Eternal Feather":105,"Pen Nib":130,"Letter Opener":99,"Whetstone":149,"Orichalcum":16,"Medical Kit":21,"Question Card":114,"Boot":164,"Mercury Hourglass":142,"OrangePellets":173,"Centennial Puzzle":74,"HornCleat":16,"TheAbacus":130,"Elementarium:ElementariumTrophy":126,"TheCursedMod:OminousMark":126,"TheCursedMod:CrystalBall":164,"InkBottle":93,"TungstenRod":114,"Pocketwatch":179}],"InkBottle":[47],"TungstenRod":39,"Pocketwatch":[0]},"card_choices":[{"not_picked":["TheCursedMod:Stretching","TheCursedMod:Grudge"],"picked":"TheCursedMod:FleshFromBone","floor":1},{"not_picked":["TheCursedMod:CursedShiv","TheCursedMod:RapidMovement"],"picked":"TheCursedMod:CursedBlade","floor":2},{"not_picked":["TheCursedMod:HellsGateOpen","TheCursedMod:CursedBlade"],"picked":"TheCursedMod:Wield","floor":4},{"not_picked":["TheCursedMod:CursedRelics","TheCursedMod:Stigma"],"picked":"TheCursedMod:FleshFromBone","floor":6},{"not_picked":["TheCursedMod:CircleOfFlame","TheCursedMod:VitalStrike"],"picked":"TheCursedMod:SpitefulPray","floor":10},{"not_picked":["TheCursedMod:HellsGateOpen","TheCursedMod:ReleasedKnowledge"],"picked":"TheCursedMod:WearCloak","floor":11},{"not_picked":["TheCursedMod:Wield","TheCursedMod:RavingStaff"],"picked":"TheCursedMod:AbyssShockwave","floor":13},{"not_picked":["TheCursedMod:CursedMace","TheCursedMod:Wield"],"picked":"TheCursedMod:Obscuration","floor":14},{"not_picked":["TheCursedMod:CircleOfAbyss","TheCursedMod:OutForBlood"],"picked":"TheCursedMod:AntiAging","floor":16},{"not_picked":["TheCursedMod:Stretching","TheCursedMod:Stigma"],"picked":"TheCursedMod:SoulReap+1","floor":18},{"not_picked":["TheCursedMod:WearCloak","TheCursedMod:RavingStaff"],"picked":"TheCursedMod:CursedStaff","floor":20},{"not_picked":["TheCursedMod:CursedSpellbook","TheCursedMod:RapidMovement"],"picked":"TheCursedMod:TroublousMinions","floor":22},{"not_picked":["TheCursedMod:AshesToAshes","TheCursedMod:DarkBarrier"],"picked":"TheCursedMod:StingEye+1","floor":23},{"not_picked":["TheCursedMod:OutForBlood","TheCursedMod:AshesToAshes","TheCursedMod:Wield"],"picked":"SKIP","floor":25},{"not_picked":["TheCursedMod:CircleOfFlame","TheCursedMod:ParallelWorld"],"picked":"TheCursedMod:WearCloak","floor":28},{"not_picked":["TheCursedMod:CursedRelics","TheCursedMod:VoidForm","TheCursedMod:Neurasthenia"],"picked":"TheCursedMod:CircleOfAbyss","floor":33},{"not_picked":["TheCursedMod:Torture","TheCursedMod:CursedBlade","TheCursedMod:CursedAmulet"],"picked":"TheCursedMod:RapidMovement+1","floor":35},{"not_picked":["TheCursedMod:Wield+1","TheCursedMod:VoidForm","TheCursedMod:StingEye"],"picked":"TheCursedMod:Stigma+1","floor":37},{"not_picked":["TheCursedMod:SpreadPlague+1","TheCursedMod:ReleasedKnowledge","TheCursedMod:Mangle","TheCursedMod:SpitefulStrike+1"],"picked":"SKIP","floor":38},{"not_picked":["TheCursedMod:ManaBullet+1","TheCursedMod:CursedRelics","TheCursedMod:TacticalStrike"],"picked":"TheCursedMod:CollectTribute","floor":40},{"not_picked":["TheCursedMod:RapidMovement+1","TheCursedMod:SpitefulStrike+1","TheCursedMod:AshesToAshes"],"picked":"TheCursedMod:LuckyCharm+1","floor":42},{"not_picked":["TheCursedMod:CircleOfWindfury","TheCursedMod:RavingStaff+1","TheCursedMod:WearCloak"],"picked":"TheCursedMod:SpitefulPray+1","floor":44},{"not_picked":["TheCursedMod:LuckyCharm","TheCursedMod:CursedShiv","TheCursedMod:ReleasedKnowledge"],"picked":"TheCursedMod:HellfireBreathing+1","floor":47},{"not_picked":["TheCursedMod:Obscuration+1","TheCursedMod:CircleOfWindfury","TheCursedMod:Stigma+1"],"picked":"TheCursedMod:CircleOfCorruption+1","floor":54}],"player_experience":1044038,"relics_obtained":[{"floor":6,"key":"HornCleat"},{"floor":9,"key":"Orichalcum"},{"floor":14,"key":"CeramicFish"},{"floor":23,"key":"InkBottle"},{"floor":25,"key":"Girya"},{"floor":26,"key":"Letter Opener"},{"floor":28,"key":"Eternal Feather"},{"floor":30,"key":"TungstenRod"},{"floor":30,"key":"Question Card"},{"floor":40,"key":"Mercury Hourglass"},{"floor":42,"key":"Whetstone"},{"floor":47,"key":"TheCursedMod:CrystalBall"},{"floor":48,"key":"Boot"},{"floor":54,"key":"Pocketwatch"}],"event_choices":[{"cards_removed":["TheCursedMod:Strike_TheCursed"],"damage_healed":0,"gold_gain":0,"player_choice":"Card Removal","damage_taken":7,"max_hp_gain":0,"max_hp_loss":0,"event_name":"Golden Wing","floor":3,"gold_loss":0},{"cards_removed":["TheCursedMod:Strike_TheCursed"],"damage_healed":0,"gold_gain":0,"player_choice":"Card Removal","damage_taken":0,"max_hp_gain":0,"max_hp_loss":0,"event_name":"The Cleric","floor":5,"gold_loss":50},{"damage_healed":0,"gold_gain":0,"player_choice":"Grow","damage_taken":0,"max_hp_gain":0,"max_hp_loss":0,"event_name":"Living Wall","floor":7,"gold_loss":0,"cards_upgraded":["TheCursedMod:CursedBlade"]},{"damage_healed":0,"gold_gain":0,"player_choice":"Blood","damage_taken":15,"relics_obtained":["Centennial Puzzle"],"max_hp_gain":0,"max_hp_loss":0,"event_name":"Elementarium:ShatteredPortal","floor":21,"gold_loss":0},{"damage_healed":0,"gold_gain":0,"player_choice":"Fight","damage_taken":0,"max_hp_gain":0,"max_hp_loss":0,"event_name":"Elementarium:FireSanctum","floor":30,"gold_loss":0},{"damage_healed":0,"gold_gain":0,"player_choice":"Confrontation","damage_taken":0,"max_hp_gain":0,"max_hp_loss":0,"event_name":"Elementarium:FireSanctum","floor":30,"gold_loss":0},{"cards_removed":["TheCursedMod:Defend_TheCursed"],"damage_healed":0,"gold_gain":0,"player_choice":"Removed Skill","damage_taken":0,"max_hp_gain":0,"max_hp_loss":0,"event_name":"Falling","floor":39,"gold_loss":0},{"damage_healed":0,"gold_gain":0,"player_choice":"Embrace Madness","damage_taken":14,"max_hp_gain":0,"max_hp_loss":0,"event_name":"Winding Halls","floor":45,"gold_loss":0,"cards_obtained":["Madness","Madness"]}],"is_beta":false,"boss_relics":[{"not_picked":["Black Star","Velvet Choker"],"picked":"TheCursedMod:BlackMagicAdvanced"},{"not_picked":["Empty Cage","Astrolabe"],"picked":"TheCursedMod:OminousMark"}],"items_purged_floors":[53],"is_endless":false,"potions_floor_spawned":[1,4,13,22,28,30,30,35,38,42],"ascension_level":1}}