{"host":"4ih4fq53sefgqhvb","time":1612401568,"event":{"mods":["AchievementEnabler","Aspiration","Bard","BaseMod","BetterRewards","Colored Map","Colored Powertips","Conspire","Downfall","Googly Eyes","Hermit","Highlight Path","Hubris","Infinite Spire","Jedi Mod","Jorbs\u0027s Wanderer Trilogy","Marisa????????","Mimic Mod","Minty Spire (QoL Compilation)","Quick Restart","Relic Stats","Replay The Spire","Shop Mod","StSLib","The Animator","The Cursed","The Disciple","The Jungle","The Runesmith","The Servant 0.9.4"],"gold_per_floor":[99,112,112,212,230,259,293,293,193,207,207,218,240,273,288,391,391,291,305,386,386,399,418,496,396,407,417,417,417,84,102,114,215,215,215,233,253,316,316,316,398,416,435,435,445,525,525,541,559,559,559,559],"floor_reached":50,"language":"ENG","playtime":4297,"items_purged":[],"score":790,"play_id":"3ff2ce33-4a7d-4f39-b855-d1d88976c86f","local_time":"20210203171928","is_ascension_mode":false,"campfire_choices":[{"floor":1,"key":"RECALL"},{"floor":25,"key":"REST"},{"data":"champ:Taunt","floor":29,"key":"SMITH"},{"floor":35,"key":"DIG"},{"floor":47,"key":"REST"}],"circlet_count":0,"master_deck":["champ:Strike","champ:Strike","champ:Strike","champ:Defend","champ:Defend","champ:Defend","champ:Defend","champ:Execute","champ:Taunt+1","champ:BringItOn","champ:StanceDance","champ:RapidStrikes","champ:PreciseThrust","champ:EnGarde+1","champ:TornadoPunch","infinitespire:Collect","champ:Circumvent","champ:PreciseThrust","champ:SetATrap","champ:PreemptiveStrike","champ:Improvising","champ:FlashCut+1","champ:Circumvent+1","champ:EnGarde","champ:FlashCut+1","champ:TornadoPunch","champ:BringItOn","Mind Blast","champ:SwordSigil","champ:DefensiveStyle","champ:PerfectedStrike","expansioncontent:DashGenerateEvil","champ:Devastate","champ:ShieldSigil","champ:HoldFirm","CurseOfTheBell","champ:BringItOn+1","champ:RisingSlash","champ:ShieldSigil+1","Replay:Fractal Strike","champ:Parry+1","champ:FocusedDefense","champ:ViciousMockery+1","champ:StanceDance","champ:ViciousMockery","Parasite","champ:FlashCut"],"relics":["champ:ChampionCrown","Bronze Scales","aspiration:ArtOfWarUpgrade","downfall:HeartBlessingRed","hubris:KleinBottle","Sling","jedi:arcanewood","Odd Mushroom","conspire:GlowingRock","hubris:ScarierMask","downfall:HeartBlessingGreen","downfall:HeartBlessingBlue","Calling Bell","hubris:MobiusCoin","hubris:64BitClover","Replay:Rubber Ducky","jedi:purplefairy","ReplayTheSpireMod:Ring of Collecting","Ring of Fangs","Ring of Fury","hubris:MysteriousPyramids","downfall:TeleportStone","Gremlin Horn","hubris:TenFootPole"],"acts_visited":["Exordium","TheCity","TheBeyond"],"potions_floor_usage":[0,6,6,6,16,16,23,31,33,36,46,49],"damage_taken":[{"damage":20,"enemies":"Jaw Worm","floor":2,"turns":5},{"damage":1,"enemies":"2 Louse","floor":5,"turns":3},{"damage":35,"enemies":"Lagavulin","floor":6,"turns":11},{"damage":10,"enemies":"Small Slimes","floor":7,"turns":7},{"damage":0,"enemies":"Small Slimes","floor":10,"turns":2},{"damage":0,"enemies":"Exordium Thugs","floor":12,"turns":3},{"damage":0,"enemies":"The Mushroom Lair","floor":13,"turns":4},{"damage":10,"enemies":"3 Sentries","floor":14,"turns":5},{"damage":0,"enemies":"Gremlin Gang","floor":15,"turns":3},{"damage":50,"enemies":"DF_ARCHETYPE_STREAMLINE","floor":16,"turns":7},{"damage":0,"enemies":"3 Byrds","floor":19,"turns":3},{"damage":11,"enemies":"conspire:FuzzyDice","floor":22,"turns":4},{"damage":0,"enemies":"conspire:HollyBat","floor":23,"turns":7},{"damage":0,"enemies":"Shelled Parasite and Fungi","floor":26,"turns":4},{"damage":30,"enemies":"Snake Plant","floor":27,"turns":4},{"damage":0,"enemies":"downfall:FleeingMerchant","floor":30,"turns":4},{"damage":23,"enemies":"conspire:HollyBat","floor":31,"turns":10},{"damage":0,"enemies":"Centurion and Healer","floor":32,"turns":2},{"damage":62,"enemies":"IC_MUSHROOM_ARCHETYPE","floor":33,"turns":9},{"damage":9,"enemies":"Orb Walker","floor":36,"turns":2},{"damage":0,"enemies":"3 Shapes","floor":37,"turns":3},{"damage":29,"enemies":"Maw","floor":38,"turns":8},{"damage":0,"enemies":"Sphere and 2 Shapes","floor":42,"turns":4},{"damage":8,"enemies":"4 Shapes","floor":43,"turns":7},{"damage":5,"enemies":"Spire Growth","floor":45,"turns":4},{"damage":14,"enemies":"Giant Head","floor":46,"turns":9},{"damage":12,"enemies":"Jaw Worm Horde","floor":48,"turns":3},{"damage":10,"enemies":"Writhing Mass","floor":49,"turns":5},{"damage":30,"enemies":"WA_ARCHETYPE_DIVINITY","floor":50,"turns":15}],"seed_played":"5985837097497479901","potions_obtained":[{"floor":0,"key":"Fruit Juice"},{"floor":0,"key":"EssenceOfSteel"},{"floor":0,"key":"AttackPotion"},{"floor":5,"key":"SkillPotion"},{"floor":6,"key":"champ:OpenerPotion"},{"floor":10,"key":"Block Potion"},{"floor":14,"key":"SkillPotion"},{"floor":20,"key":"champ:OpenerPotion"},{"floor":20,"key":"jedi:hoardpotion"},{"floor":23,"key":"Elixir"},{"floor":32,"key":"hexamod:SoulburnPotion"},{"floor":33,"key":"sneckomod:MuddlingPotion"},{"floor":37,"key":"Explosive Potion"},{"floor":42,"key":"Fire Potion"},{"floor":48,"key":"sneckomod:MuddlingPotion"}],"is_trial":false,"path_per_floor":["R","M","?","?","M","E","MIM","?","R","M","$","M","?","E","M","B",null,"R","M","?","?","M","M","T","R","M","M","?","R","$","M","M","B",null,"R_BF","M","M","M","?","?","T","M","M","?","M","E","R","M","M","B"],"character_chosen":"THE_CHAMP","items_purchased":["hubris:KleinBottle","Sling","jedi:arcanewood","champ:DefensiveStyle","champ:PerfectedStrike","expansioncontent:DashGenerateEvil"],"campfire_rested":2,"item_purchase_floors":[11,11,11,30,30,30],"current_hp_per_floor":[95,95,95,95,94,79,79,79,79,79,40,40,40,40,40,35,95,95,95,72,72,61,61,61,102,102,87,87,87,87,64,64,2,105,105,96,96,67,67,41,41,41,33,33,28,14,45,33,23,0,0,0],"gold":559,"neow_bonus":"THREE_SMALL_POTIONS","is_daily":false,"chose_seed":false,"campfire_upgraded":1,"win_rate":0.0,"timestamp":1612401568,"path_taken":["R","M","?","?","M","E","MIM","?","R","?","?","M","?","E","M","BOSS","R","M","?","?","?","M","T","R","M","M","?","?","?","?","M","BOSS","R_BF","M","M","M","?","?","T","?","M","?","M","E","R","M","M","BOSS"],"items_purchased_type":["Relic","Relic","Relic","Card","Card","Card"],"build_version":"2020-12-22","purchased_purges":0,"victory":false,"max_hp_per_floor":[95,95,95,95,95,95,95,95,95,95,95,95,95,95,95,95,95,95,95,95,95,95,95,95,105,105,105,105,105,105,105,105,105,105,105,105,105,105,105,105,105,105,105,105,105,105,105,105,105,105,105,105],"relic_stats":{"Gremlin Horn":[1,1],"counters":[29,157],"Bronze Scales":[278],"obtain_stats":[{"Gremlin Horn":46,"champ:ChampionCrown":0,"downfall:HeartBlessingGreen":18,"downfall:TeleportStone":44,"hubris:MysteriousPyramids":41,"Sling":11,"Replay:Rubber Ducky":34,"conspire:GlowingRock":14,"Ring of Fangs":39,"downfall:HeartBlessingBlue":25,"hubris:ScarierMask":17,"aspiration:ArtOfWarUpgrade":18,"hubris:KleinBottle":11,"hubris:MobiusCoin":34,"downfall:HeartBlessingRed":9,"hubris:64BitClover":34,"jedi:purplefairy":35,"Odd Mushroom":13,"Calling Bell":34,"Bronze Scales":6,"ReplayTheSpireMod:Ring of Collecting":39,"Ring of Fury":41,"Art of War":7,"hubris:TenFootPole":48,"jedi:arcanewood":11},{"Gremlin Horn":26,"champ:ChampionCrown":0,"downfall:HeartBlessingGreen":10,"downfall:TeleportStone":24,"hubris:MysteriousPyramids":22,"Sling":5,"Replay:Rubber Ducky":19,"conspire:GlowingRock":8,"Ring of Fangs":22,"downfall:HeartBlessingBlue":13,"hubris:ScarierMask":10,"aspiration:ArtOfWarUpgrade":10,"hubris:KleinBottle":5,"hubris:MobiusCoin":19,"downfall:HeartBlessingRed":4,"hubris:64BitClover":19,"jedi:purplefairy":19,"Odd Mushroom":7,"Calling Bell":19,"Bronze Scales":3,"ReplayTheSpireMod:Ring of Collecting":22,"Ring of Fury":22,"Art of War":4,"hubris:TenFootPole":27,"jedi:arcanewood":5},{"Gremlin Horn":134,"champ:ChampionCrown":0,"downfall:HeartBlessingGreen":50,"downfall:TeleportStone":121,"hubris:MysteriousPyramids":110,"Sling":28,"Replay:Rubber Ducky":97,"conspire:GlowingRock":40,"Ring of Fangs":110,"downfall:HeartBlessingBlue":64,"hubris:ScarierMask":50,"aspiration:ArtOfWarUpgrade":50,"hubris:KleinBottle":28,"hubris:MobiusCoin":97,"downfall:HeartBlessingRed":26,"hubris:64BitClover":97,"jedi:purplefairy":97,"Odd Mushroom":35,"Calling Bell":97,"Bronze Scales":19,"ReplayTheSpireMod:Ring of Collecting":110,"Ring of Fury":110,"Art of War":26,"hubris:TenFootPole":137,"jedi:arcanewood":28}]},"card_choices":[{"not_picked":["champ:Endure","champ:Backstep"],"picked":"champ:BringItOn","floor":2},{"not_picked":["champ:PerfectedStrike","champ:Circumvent"],"picked":"champ:StanceDance","floor":5},{"not_picked":["champ:BladeFlurry","champ:FocusedBerserking"],"picked":"champ:RapidStrikes","floor":6},{"not_picked":["champ:LastStand","champ:CalledShot"],"picked":"champ:PreciseThrust","floor":7},{"not_picked":["champ:Haymaker","champ:BringItOn"],"picked":"champ:TornadoPunch","floor":10},{"not_picked":["infinitespire:Menacing","ReplayTheSpireMod:Haul"],"picked":"infinitespire:Collect","floor":11},{"not_picked":["champ:PerfectedStrike","champ:Endure"],"picked":"champ:Circumvent","floor":12},{"not_picked":["champ:AdrenalArmor","champ:Shatter"],"picked":"champ:PreciseThrust","floor":13},{"not_picked":["champ:PerfectedStrike","champ:RapidStrikes"],"picked":"champ:SetATrap","floor":14},{"not_picked":["champ:GladiatorStyle","champ:TornadoPunch"],"picked":"champ:PreemptiveStrike","floor":15},{"not_picked":["champ:CheapShot","champ:LastStand"],"picked":"champ:Improvising","floor":16},{"not_picked":["champ:Circumvent","champ:Endure"],"picked":"champ:FlashCut+1","floor":19},{"not_picked":["champ:FanOfKnives+1","champ:Shatter+1"],"picked":"champ:Circumvent+1","floor":20},{"not_picked":["champ:AdrenalArmor","champ:Haymaker"],"picked":"champ:EnGarde","floor":22},{"not_picked":["champ:MurderStrike","champ:RapidStrikes"],"picked":"champ:FlashCut+1","floor":23},{"not_picked":["champ:BerserkersShout+1","champ:CrookedStrike"],"picked":"champ:TornadoPunch","floor":26},{"not_picked":["champ:Circumvent","champ:FanOfKnives"],"picked":"champ:BringItOn","floor":27},{"not_picked":["champ:DefensiveShout","champ:Encircle+1"],"picked":"champ:SwordSigil","floor":30},{"not_picked":["champ:RageSigil","champ:Haymaker+1"],"picked":"champ:Devastate","floor":31},{"not_picked":["champ:BerserkersShout","champ:Circumvent"],"picked":"champ:ShieldSigil","floor":32},{"not_picked":["champ:IgnorePain","champ:MurderStrike"],"picked":"champ:HoldFirm","floor":33},{"not_picked":["champ:Backstep+1","champ:TornadoPunch"],"picked":"champ:BringItOn+1","floor":36},{"not_picked":["champ:ShieldSigil+1","champ:FaceSlap"],"picked":"champ:RisingSlash","floor":37},{"not_picked":["champ:BerserkerStyle","champ:CrownThrow"],"picked":"champ:ShieldSigil+1","floor":38},{"not_picked":["ReplayTheSpireMod:Black Plague","infinitespire:TheBestDefense"],"picked":"Replay:Fractal Strike","floor":40},{"not_picked":["champ:BerserkersShout","champ:Backstep"],"picked":"champ:Parry+1","floor":42},{"not_picked":["champ:BerserkersShout","champ:IronFortress"],"picked":"champ:FocusedDefense","floor":43},{"not_picked":["champ:RecklessLeap+1","champ:Endure+1"],"picked":"champ:ViciousMockery+1","floor":45},{"not_picked":["champ:PreemptiveStrike+1","champ:EnGarde"],"picked":"champ:StanceDance","floor":46},{"not_picked":["champ:EnragedBash+1","champ:FaceSlap"],"picked":"champ:ViciousMockery","floor":48},{"not_picked":["champ:AdrenalArmor","champ:EnGarde"],"picked":"champ:FlashCut","floor":49}],"player_experience":968134,"relics_obtained":[{"floor":6,"key":"Bronze Scales"},{"floor":7,"key":"Art of War"},{"floor":13,"key":"Odd Mushroom"},{"floor":14,"key":"conspire:GlowingRock"},{"floor":34,"key":"hubris:MobiusCoin"},{"floor":34,"key":"hubris:64BitClover"},{"floor":34,"key":"Replay:Rubber Ducky"},{"floor":35,"key":"jedi:purplefairy"},{"floor":39,"key":"ReplayTheSpireMod:Ring of Collecting"},{"floor":39,"key":"Ring of Fangs"},{"floor":41,"key":"Ring of Fury"},{"floor":41,"key":"hubris:MysteriousPyramids"},{"floor":46,"key":"Gremlin Horn"},{"floor":48,"key":"hubris:TenFootPole"}],"event_choices":[{"damage_healed":0,"gold_gain":0,"player_choice":"Fought Mushrooms","damage_taken":0,"max_hp_gain":0,"max_hp_loss":0,"event_name":"Mushrooms","floor":13,"gold_loss":0}],"is_beta":false,"boss_relics":[{"not_picked":["hubris:TerracottaHorce","Honey Jar"],"picked":"hubris:ScarierMask"},{"not_picked":["Busted Crown","Runesmith:UraniumAnvil"],"picked":"Calling Bell"}],"items_purged_floors":[],"is_endless":false,"potions_floor_spawned":[5,6,10,14,23,32,33,37,42,48],"killed_by":"WA_ARCHETYPE_DIVINITY","ascension_level":0}}