{"host":"d2y4rmbezebiv8aj","time":1612439938,"event":{"mods":["AchievementEnabler","BaseMod","Bestiary","BetterRewards","Colored Map","Colored Powertips","Custom Start","Highlight Path","Minty Spire (QoL Compilation)","Quick Restart","Rare Cards Sparkle","Relic Sorter","Relic Stats","Shop Mod","Slay-I","StSLib","SuperFastMode"],"gold_per_floor":[118,136,136,64,64,96,114,131,131,151,183,183,195,209,209,281,281,294,314,326,82,101,101,33,49,126,126,141,157,157,168,168,168,168],"floor_reached":33,"language":"DEU","playtime":937,"items_purged":[],"score":493,"play_id":"d6b2de60-85e4-442e-a42c-08ad578c491c","local_time":"20210204125858","is_ascension_mode":true,"campfire_choices":[{"floor":15.0,"key":"REST"},{"floor":23.0,"key":"REST"},{"floor":27.0,"key":"REST"},{"floor":32,"key":"REST"}],"circlet_count":0,"master_deck":["AscendersBane","Strike_G","Strike_G","Strike_G","Strike_G","Defend_G","Defend_G+1","Defend_G","Defend_G","Defend_G","Survivor","Neutralize","Infinite Blades","Blade Dance+1","Infinite Blades","Slice","Slice","Finisher","Blade Dance","Storm of Steel","PiercingWail","Distraction","Dagger Spray","Prepared","Dash","Accuracy","Dagger Spray","Backflip","Flying Knee","J.A.X.","Endless Agony"],"relics":["Ring of the Snake","NeowsBlessing","War Paint","Toy Ornithopter","Mummified Hand","Snake Skull","Philosopher\u0027s Stone","Kunai","InkBottle"],"acts_visited":["Exordium","TheCity"],"potions_floor_usage":[31,33],"damage_taken":[{"damage":0.0,"enemies":"Cultist","floor":1.0,"turns":1.0},{"damage":0.0,"enemies":"Jaw Worm","floor":2.0,"turns":1.0},{"damage":0.0,"enemies":"Gremlin Nob","floor":6.0,"turns":1.0},{"damage":12.0,"enemies":"Small Slimes","floor":7.0,"turns":4.0},{"damage":3.0,"enemies":"Blue Slaver","floor":8.0,"turns":4.0},{"damage":5.0,"enemies":"Red Slaver","floor":10.0,"turns":4.0},{"damage":17.0,"enemies":"3 Sentries","floor":11.0,"turns":6.0},{"damage":0.0,"enemies":"Exordium Wildlife","floor":13.0,"turns":3.0},{"damage":0.0,"enemies":"Blue Slaver","floor":14.0,"turns":2.0},{"damage":29.0,"enemies":"Hexaghost","floor":16.0,"turns":9.0},{"damage":0.0,"enemies":"Chosen","floor":18.0,"turns":3.0},{"damage":14.0,"enemies":"2 Thieves","floor":19.0,"turns":4.0},{"damage":16.0,"enemies":"Chosen and Byrds","floor":20.0,"turns":5.0},{"damage":21.0,"enemies":"Cultist and Chosen","floor":22.0,"turns":5.0},{"damage":11.0,"enemies":"Snecko","floor":25.0,"turns":4.0},{"damage":14.0,"enemies":"Centurion and Healer","floor":28.0,"turns":6.0},{"damage":17.0,"enemies":"Sentry and Sphere","floor":29.0,"turns":4.0},{"damage":17,"enemies":"Snake Plant","floor":31,"turns":6},{"damage":52,"enemies":"Automaton","floor":33,"turns":6}],"seed_played":"2679208472173243743","potions_obtained":[{"floor":1.0,"key":"AttackPotion"},{"floor":3.0,"key":"Fire Potion"},{"floor":16.0,"key":"GamblersBrew"},{"floor":18.0,"key":"FearPotion"},{"floor":20.0,"key":"Dexterity Potion"},{"floor":22.0,"key":"CultistPotion"},{"floor":28.0,"key":"Energy Potion"},{"floor":29.0,"key":"PowerPotion"}],"is_trial":false,"path_per_floor":["M","M","?","$","T","E","M","M","T","M","E","?","M","M","R","B",null,"M","M","M","$","M","R","$","M","T","R","M","M","?","M","R","B"],"character_chosen":"THE_SILENT","items_purchased":["Infinite Blades","Kunai","Accuracy"],"campfire_rested":4,"item_purchase_floors":[4,21,24],"current_hp_per_floor":[59,59,59,59,59,59,47,44,44,39,22,22,27,27,46,22,55,55,41,25,25,14,33,33,22,22,41,27,15,15,3,22,0,0],"gold":168,"neow_bonus":"THREE_ENEMY_KILL","is_daily":false,"chose_seed":false,"campfire_upgraded":0,"win_rate":0.0,"timestamp":1612439938,"path_taken":["M","M","?","?","?","E","M","M","T","?","E","?","M","M","R","BOSS","M","M","M","$","?","R","$","M","T","R","?","M","?","M","R","BOSS"],"items_purchased_type":["Card","Relic","Card"],"build_version":"2020-12-22","purchased_purges":0,"victory":false,"max_hp_per_floor":[66,66,66,66,66,66,66,66,66,66,66,66,66,66,66,66,66,66,66,66,66,66,66,66,66,66,66,66,66,66,66,66,66,66],"relic_stats":{"counters":[19,78],"Mummified Hand":[30],"Snake Skull":[0],"Kunai":[37],"War Paint":["Blade Dance","Defend_G"],"obtain_stats":[{"NeowsBlessing":0,"Mummified Hand":9,"Philosopher\u0027s Stone":17,"Snake Skull":11,"Kunai":21,"War Paint":5,"Toy Ornithopter":6,"InkBottle":26,"Ring of the Snake":0},{"NeowsBlessing":0,"Mummified Hand":5,"Philosopher\u0027s Stone":10,"Snake Skull":7,"Kunai":13,"War Paint":2,"Toy Ornithopter":3,"InkBottle":15,"Ring of the Snake":0},{"NeowsBlessing":0,"Mummified Hand":11,"Philosopher\u0027s Stone":35,"Snake Skull":21,"Kunai":47,"War Paint":2,"Toy Ornithopter":3,"InkBottle":56,"Ring of the Snake":0}],"Toy Ornithopter":35,"InkBottle":[15],"Ring of the Snake":[38]},"card_choices":[{"not_picked":["Noxious Fumes","Dodge and Roll"],"picked":"Infinite Blades","floor":1.0},{"not_picked":["Deadly Poison","Deflect"],"picked":"Blade Dance","floor":2.0},{"not_picked":["Sucker Punch","Concentrate"],"picked":"Slice","floor":6.0},{"not_picked":["Quick Slash","Bane"],"picked":"Slice","floor":7.0},{"not_picked":["Prepared","Acrobatics"],"picked":"Finisher","floor":8.0},{"not_picked":["Flying Knee","Underhanded Strike"],"picked":"Blade Dance","floor":10.0},{"not_picked":["Prepared","Deflect"],"picked":"Storm of Steel","floor":11.0},{"not_picked":["Calculated Gamble","Eviscerate"],"picked":"PiercingWail","floor":13.0},{"not_picked":["Choke","Outmaneuver"],"picked":"Distraction","floor":14.0},{"not_picked":["Deflect+1","Acrobatics"],"picked":"Dagger Spray","floor":18.0},{"not_picked":["Riddle With Holes","Bane+1"],"picked":"Prepared","floor":19.0},{"not_picked":["Blade Dance","Deadly Poison"],"picked":"Dash","floor":20.0},{"not_picked":["Bane+1","Expertise","Bouncing Flask"],"picked":"SKIP","floor":22.0},{"not_picked":["Blur+1","Underhanded Strike"],"picked":"Dagger Spray","floor":25.0},{"not_picked":["Flying Knee","Calculated Gamble"],"picked":"Backflip","floor":28.0},{"not_picked":["Dagger Spray","Calculated Gamble"],"picked":"Flying Knee","floor":29.0},{"not_picked":["Choke","Acrobatics"],"picked":"Endless Agony","floor":31}],"player_experience":411662,"relics_obtained":[{"floor":5.0,"key":"War Paint"},{"floor":6.0,"key":"Toy Ornithopter"},{"floor":9.0,"key":"Mummified Hand"},{"floor":11.0,"key":"Snake Skull"},{"floor":26.0,"key":"InkBottle"}],"event_choices":[{"damage_healed":0.0,"max_hp_gain":0.0,"max_hp_loss":0.0,"gold_gain":0.0,"event_name":"Lab","player_choice":"Got Potions","floor":3.0,"gold_loss":0.0,"damage_taken":0.0},{"cards_removed":["Strike_G"],"damage_healed":0.0,"max_hp_gain":0.0,"max_hp_loss":0.0,"gold_gain":0.0,"event_name":"Bonfire Elementals","player_choice":"Offered Basic","floor":12.0,"gold_loss":0.0,"damage_taken":0.0},{"damage_healed":0.0,"max_hp_gain":0.0,"max_hp_loss":0.0,"gold_gain":0.0,"event_name":"Drug Dealer","player_choice":"Obtain J.A.X.","floor":30.0,"gold_loss":0.0,"damage_taken":0.0,"cards_obtained":["J.A.X."]}],"is_beta":false,"boss_relics":[{"not_picked":["Ring of the Serpent","HoveringKite"],"picked":"Philosopher\u0027s Stone"}],"items_purged_floors":[],"is_endless":false,"potions_floor_spawned":[1,10,11,16,18,20,22,28,29],"killed_by":"Automaton","ascension_level":14}}