{"host":"p9jk0mlyvhgdzcz4","time":1612415663,"event":{"mods":["BaseMod","Colored Map","Minty Spire (QoL Compilation)","Quick Restart","Slay the Streamer","SuperFastMode"],"gold_per_floor":[20,37,47,64,82,100,100,126,205,205,205,205,223,223,242,242,344,344,354,371,388,399,414,414,414],"floor_reached":24,"language":"ENG","playtime":1259,"items_purged":[],"score":206,"play_id":"5f225f13-3ba3-46dc-8bf4-3c94da0d09cc","local_time":"20210203231423","is_ascension_mode":false,"campfire_choices":[{"data":"Echo Form","floor":7,"key":"SMITH"},{"data":"Conserve Battery","floor":12,"key":"SMITH"},{"data":"Barrage","floor":16,"key":"SMITH"}],"circlet_count":0,"master_deck":["Cold Snap","Echo Form+1","Rainbow+1","Capacitor+1","Ball Lightning","Conserve Battery+1","Conserve Battery","Barrage","Glacier","Glacier","Barrage","Auto Shields","Blizzard","Coolheaded","Cold Snap","Beam Cell","Barrage+1","Buffer","Cold Snap","Go for the Eyes+1","Conserve Battery+1"],"relics":["Cracked Core","Bag of Marbles","Kunai","Busted Crown"],"acts_visited":["Exordium","TheCity"],"potions_floor_usage":[],"damage_taken":[{"damage":0,"enemies":"Cultist","floor":1,"turns":3},{"damage":0,"enemies":"2 Louse","floor":2,"turns":2},{"damage":0,"enemies":"Jaw Worm","floor":3,"turns":4},{"damage":0,"enemies":"Large Slime","floor":4,"turns":5},{"damage":0,"enemies":"Red Slaver","floor":5,"turns":4},{"damage":0,"enemies":"Exordium Thugs","floor":6,"turns":4},{"damage":19,"enemies":"3 Sentries","floor":8,"turns":7},{"damage":0,"enemies":"Large Slime","floor":13,"turns":3},{"damage":0,"enemies":"Looter","floor":15,"turns":3},{"damage":13,"enemies":"Hexaghost","floor":17,"turns":7},{"damage":20,"enemies":"2 Thieves","floor":19,"turns":4},{"damage":21,"enemies":"3 Byrds","floor":20,"turns":5},{"damage":15,"enemies":"Centurion and Healer","floor":21,"turns":6},{"damage":2,"enemies":"Chosen and Byrds","floor":22,"turns":4},{"damage":13,"enemies":"Sentry and Sphere","floor":23,"turns":6},{"damage":10,"enemies":"Gremlin Leader","floor":24,"turns":2}],"seed_played":"1231975560797344151","potions_obtained":[{"floor":1,"key":"FocusPotion"},{"floor":3,"key":"AttackPotion"},{"floor":5,"key":"Swift Potion"},{"floor":15,"key":"PowerPotion"}],"is_trial":false,"path_per_floor":["M","M","M","M","M","M","R","E","T","T","?","R","M","?","M","R","B",null,"M","M","M","M","M","E"],"character_chosen":"DEFECT","items_purchased":[],"campfire_rested":0,"item_purchase_floors":[],"current_hp_per_floor":[75,75,75,75,75,75,75,56,56,56,56,56,56,56,56,56,43,75,55,34,19,17,4,0,0],"gold":414,"neow_bonus":"TRANSFORM_TWO_CARDS","is_daily":false,"chose_seed":false,"campfire_upgraded":3,"win_rate":0.0,"timestamp":1612415663,"path_taken":["M","M","M","M","?","M","R","E","T","?","R","M","?","?","R","BOSS","M","M","?","M","M","E"],"items_purchased_type":[],"build_version":"2020-12-22","purchased_purges":0,"victory":false,"max_hp_per_floor":[75,75,75,75,75,75,75,75,75,75,75,75,75,75,75,75,75,75,75,75,75,75,75,75,75],"card_choices":[{"not_picked":["Steam","Conserve Battery"],"picked":"Barrage","floor":1},{"not_picked":["Aggregate","Cold Snap"],"picked":"Auto Shields","floor":2},{"not_picked":["Hello World","Cold Snap"],"picked":"Blizzard","floor":3},{"not_picked":["Heatsinks","Skim"],"picked":"Coolheaded","floor":4},{"not_picked":["Aggregate","Loop"],"picked":"Cold Snap","floor":6},{"not_picked":["Defragment","Sweeping Beam"],"picked":"Beam Cell","floor":13},{"not_picked":["Hologram","Steam"],"picked":"Barrage","floor":15},{"not_picked":["Multi-Cast","Reboot"],"picked":"Buffer","floor":17},{"not_picked":[],"picked":"Cold Snap","floor":19},{"not_picked":["Barrage"],"picked":"SKIP","floor":20},{"not_picked":[],"picked":"Go for the Eyes+1","floor":21},{"not_picked":[],"picked":"Conserve Battery+1","floor":22},{"not_picked":["Glacier"],"picked":"SKIP","floor":23}],"player_experience":34414,"relics_obtained":[{"floor":8,"key":"Bag of Marbles"},{"floor":9,"key":"Kunai"}],"event_choices":[{"damage_healed":0,"gold_gain":0,"player_choice":"Grow","damage_taken":0,"max_hp_gain":0,"max_hp_loss":0,"event_name":"Living Wall","floor":11,"gold_loss":0,"cards_upgraded":["Rainbow"]},{"damage_healed":0,"gold_gain":0,"player_choice":"Forge","damage_taken":0,"max_hp_gain":0,"max_hp_loss":0,"event_name":"Accursed Blacksmith","floor":14,"gold_loss":0,"cards_upgraded":["Capacitor"]}],"is_beta":false,"boss_relics":[{"not_picked":["Fusion Hammer","SlaversCollar"],"picked":"Busted Crown"}],"items_purged_floors":[],"is_endless":false,"potions_floor_spawned":[1,3,5,13,15,19],"killed_by":"Gremlin Leader","ascension_level":0}}