{"host":"r53pw7z744tg3fxg","time":1612446800,"event":{"mods":["AchievementEnabler","BaseMod","Colored Map","Colored Powertips","Highlight Path","Minty Spire (QoL Compilation)","Quick Restart","Transform Curses"],"gold_per_floor":[116,116,7,26,26,26,42,68,93,93,112,29,29,60,60,136,136,156,156,235,235,235],"floor_reached":21,"language":"ENG","playtime":649,"items_purged":[],"score":399,"play_id":"86e3503a-3290-49f2-9651-5d09e0cae8f0","local_time":"20210204065320","is_ascension_mode":true,"campfire_choices":[{"data":"Eruption","floor":6.0,"key":"SMITH"},{"floor":10,"key":"REST"},{"floor":13,"key":"REST"},{"data":"ForeignInfluence","floor":15,"key":"SMITH"}],"circlet_count":0,"master_deck":["AscendersBane","Strike_P","Strike_P","Strike_P","Strike_P","Defend_P","Defend_P","Defend_P","Defend_P","Eruption+1","Vigilance","BowlingBash","FlurryOfBlows","Prostrate","TalkToTheHand","CutThroughFate","FollowUp","ForeignInfluence+1","ClearTheMind","Establishment","SpiritShield","ThirdEye","Writhe"],"relics":["PureWater","NeowsBlessing","Dream Catcher","Lantern","Bag of Marbles","SlaversCollar","Anchor","Blue Candle"],"acts_visited":["Exordium","TheCity"],"potions_floor_usage":[16,18],"damage_taken":[{"damage":0.0,"enemies":"2 Louse","floor":1.0,"turns":1.0},{"damage":0.0,"enemies":"Jaw Worm","floor":4.0,"turns":1.0},{"damage":0.0,"enemies":"Cultist","floor":7.0,"turns":1.0},{"damage":37,"enemies":"3 Sentries","floor":8,"turns":12},{"damage":0,"enemies":"Large Slime","floor":11,"turns":2},{"damage":0,"enemies":"Gremlin Nob","floor":14,"turns":2},{"damage":37,"enemies":"Slime Boss","floor":16,"turns":8},{"damage":18,"enemies":"Shell Parasite","floor":18,"turns":8},{"damage":46,"enemies":"Chosen","floor":21,"turns":5}],"seed_played":"331077185486928851","potions_obtained":[{"floor":8,"key":"LiquidMemories"},{"floor":14,"key":"Strength Potion"}],"is_trial":false,"path_per_floor":["M","?","$","M","?","R","M","E","T","R","M","$","R","E","R","B",null,"M","?","T","M"],"character_chosen":"WATCHER","items_purchased":["FlurryOfBlows","Prostrate","ForeignInfluence"],"campfire_rested":2,"item_purchase_floors":[3,3,12],"current_hp_per_floor":[61,61,61,61,61,61,61,24,24,44,44,44,64,64,64,27,58,40,40,40,0,0],"gold":235,"neow_bonus":"THREE_ENEMY_KILL","is_daily":false,"chose_seed":false,"campfire_upgraded":2,"win_rate":0.0,"timestamp":1612446800,"path_taken":["M","?","$","M","?","R","M","E","T","R","M","$","R","E","R","BOSS","M","?","?","M"],"items_purchased_type":["Card","Card","Card"],"build_version":"2020-12-22","purchased_purges":0,"victory":false,"max_hp_per_floor":[68,68,68,68,68,68,68,68,68,68,68,68,68,68,68,68,68,68,68,68,68,68],"card_choices":[{"not_picked":["FlyingSleeves","Swivel"],"picked":"BowlingBash","floor":1.0},{"not_picked":["SashWhip","Indignation","CrushJoints"],"picked":"SKIP","floor":4.0},{"not_picked":["Halt","Prostrate"],"picked":"TalkToTheHand","floor":7.0},{"not_picked":["Tantrum","Alpha"],"picked":"CutThroughFate","floor":8},{"not_picked":["Fasting2","Worship"],"picked":"FollowUp","floor":11},{"not_picked":["MentalFortress","CutThroughFate"],"picked":"ClearTheMind","floor":13},{"not_picked":["CrushJoints","JustLucky"],"picked":"Establishment","floor":14},{"not_picked":["ConjureBlade","Vault"],"picked":"SpiritShield","floor":16},{"not_picked":["ForeignInfluence","CutThroughFate"],"picked":"ThirdEye","floor":18}],"player_experience":1434702,"relics_obtained":[{"floor":8,"key":"Dream Catcher"},{"floor":9,"key":"Lantern"},{"floor":14,"key":"Bag of Marbles"},{"floor":20,"key":"Blue Candle"}],"event_choices":[{"damage_healed":0.0,"max_hp_gain":0.0,"max_hp_loss":0.0,"gold_gain":0.0,"event_name":"Liars Game","player_choice":"Ignored","floor":2.0,"gold_loss":0.0,"damage_taken":0.0},{"damage_healed":0.0,"max_hp_gain":0.0,"max_hp_loss":0.0,"gold_gain":0.0,"event_name":"Golden Wing","player_choice":"Ignored","floor":5.0,"gold_loss":0.0,"damage_taken":0.0},{"damage_healed":0,"gold_gain":0,"player_choice":"Opened","damage_taken":0,"relics_obtained":["Anchor"],"max_hp_gain":0,"max_hp_loss":0,"event_name":"The Mausoleum","floor":19,"gold_loss":0,"cards_obtained":["Writhe"]}],"is_beta":false,"boss_relics":[{"not_picked":["Philosopher\u0027s Stone","Fusion Hammer"],"picked":"SlaversCollar"}],"items_purged_floors":[],"is_endless":false,"potions_floor_spawned":[8,14],"killed_by":"Chosen","ascension_level":18}}