{"host":"njo8qgvy2a57fcny","time":1612421433,"event":{"mods":["Aspiration","BaseMod","BetterRewards","CCEM2","Colored Map","Colored Powertips","Conspire","Custom Start","Downfall","Energized Spire","GifTheSpireLib","Halation","Hermit","Hubris","Infinite Spire","Jedi Mod","Jorbs\u0027s Wanderer Trilogy","Mimic Mod","Minty Spire (QoL Compilation)","Quick Restart","Random Character Button","Random Character Mod","Rare Cards Sparkle","Relic Sorter","Reliquary","Replay The Spire","Shop Mod","StSLib","Stuff the Spire","The Animator","The Jungle","The Runesmith","The Servant 0.9.4","Unceasing Turn Reminder","thorton"],"gold_per_floor":[0,13,13,25,25,10,10,39,65,65,75,75,91,105,125,227,227,104,118,128,228,279,290,290,290,290],"floor_reached":24,"language":"ENG","playtime":1879,"items_purged":[],"score":233,"play_id":"bbb23139-cb33-4513-bd6b-184e17bd783a","local_time":"20210204175033","is_ascension_mode":true,"campfire_choices":[{"data":"champ:Taunt","floor":1,"key":"SMITH"},{"data":"champ:Duel","floor":10,"key":"SMITH"},{"floor":12,"key":"RECALL"}],"circlet_count":0,"master_deck":["champ:Strike","champ:Strike","champ:Strike","champ:Strike","champ:Defend","champ:Defend","champ:Defend","champ:Defend","champ:Execute","champ:Taunt+1","champ:AdrenalArmor","champ:Duel+1","champ:StanceDance","champ:AdrenalArmor","champ:CalledShot","champ:GutPunch","champ:SteelEdge","champ:Endure","champ:Shatter","champ:GladiatorForm","champ:AdrenalArmor+1","champ:IronFortress+1","champ:GutPunch"],"relics":["champ:ChampionCrown","hubris:Towel","halation:EternalFortune","CCEMRelics:JestersCrown","Odd Mushroom","downfall:HeartBlessingGreen","downfall:HeartBlessingRed","jedi:archwizardhat"],"acts_visited":["Exordium","TheCity"],"potions_floor_usage":[4,9,16,16,20,22,24],"damage_taken":[{"damage":10,"enemies":"2 Louse","floor":2,"turns":3},{"damage":23,"enemies":"Jaw Worm","floor":4,"turns":3},{"damage":45,"enemies":"downfall:FleeingMerchant","floor":6,"turns":4},{"damage":75,"enemies":"Replay:BlueRogue","floor":8,"turns":7},{"damage":40,"enemies":"The Mushroom Lair","floor":9,"turns":5},{"damage":10,"enemies":"Small Slimes","floor":11,"turns":3},{"damage":21,"enemies":"2 Fungi Beasts","floor":13,"turns":3},{"damage":50,"enemies":"Exordium Thugs","floor":14,"turns":4},{"damage":47,"enemies":"Blue Slaver","floor":15,"turns":4},{"damage":116,"enemies":"DF_ARCHETYPE_STREAMLINE","floor":16,"turns":8},{"damage":120,"enemies":"3 Byrds","floor":19,"turns":8},{"damage":75,"enemies":"Chosen","floor":20,"turns":7},{"damage":88,"enemies":"conspire:MimicChest","floor":22,"turns":11},{"damage":142,"enemies":"3 Cultists","floor":23,"turns":8},{"damage":35,"enemies":"Shelled Parasite and Fungi","floor":24,"turns":4}],"seed_played":"3481628686276175676","potions_obtained":[{"floor":2,"key":"Flashbang"},{"floor":8,"key":"Energy Potion"},{"floor":9,"key":"Weak Potion"},{"floor":13,"key":"jedi:holywater"},{"floor":14,"key":"champ:OpenerPotion"},{"floor":20,"key":"sneckomod:MuddlingPotion"},{"floor":22,"key":"Elixir"}],"is_trial":false,"path_per_floor":["R","M","?","M","?","$","T","E","?","R","M","R","M","M","M","B",null,"R_BF","M","M","?","?","M","MIM"],"character_chosen":"THE_CHAMP","items_purchased":[],"campfire_rested":0,"item_purchase_floors":[],"current_hp_per_floor":[108,108,108,105,108,108,108,103,93,93,93,93,92,82,80,54,111,111,106,106,106,91,34,0,0,0],"gold":290,"neow_bonus":"TWENTY_PERCENT_HP_BONUS","is_daily":false,"chose_seed":false,"campfire_upgraded":2,"win_rate":0.0,"timestamp":1612421433,"path_taken":["R","M","?","M","?","?","T","E","?","R","M","R","M","?","M","BOSS","R_BF","M","M","?","?","?","MIM"],"items_purchased_type":[],"build_version":"2020-12-22","purchased_purges":0,"victory":false,"max_hp_per_floor":[108,108,108,108,111,111,111,111,111,111,111,111,111,111,111,111,111,111,111,111,111,114,114,114,114,114],"card_choices":[{"not_picked":["champ:EnGarde","champ:DeathBlow"],"picked":"champ:AdrenalArmor","floor":2},{"not_picked":["champ:BerserkersShout","champ:HeartStrike"],"picked":"champ:Duel","floor":4},{"not_picked":["champ:CheapShot","champ:BringItOn"],"picked":"champ:StanceDance","floor":6},{"not_picked":["champ:Circumvent","champ:Backstep"],"picked":"champ:AdrenalArmor","floor":8},{"not_picked":["champ:FalseCounter","champ:DefensiveShout"],"picked":"champ:CalledShot","floor":9},{"not_picked":["champ:CrownThrow","champ:Duel"],"picked":"champ:GutPunch","floor":11},{"not_picked":["champ:TornadoPunch","champ:FlashCut"],"picked":"champ:SteelEdge","floor":13},{"not_picked":["champ:Haymaker","champ:PreciseThrust"],"picked":"champ:Endure","floor":14},{"not_picked":["champ:CrookedStrike","champ:RecklessLeap"],"picked":"champ:Shatter","floor":15},{"not_picked":["champ:VampiricStrike","champ:TripleStrike"],"picked":"champ:GladiatorForm","floor":16},{"not_picked":["champ:CrookedStrike","champ:Backstep"],"picked":"champ:AdrenalArmor+1","floor":19},{"not_picked":["champ:RecklessLeap","champ:BringItOn","champ:BladeFlurry"],"picked":"SKIP","floor":20},{"not_picked":["champ:BringItOn","champ:PreciseThrust"],"picked":"champ:IronFortress+1","floor":22},{"not_picked":["champ:BringItOn","champ:DefensiveShout"],"picked":"champ:GutPunch","floor":23}],"player_experience":759589,"relics_obtained":[{"floor":8,"key":"CCEMRelics:JestersCrown"},{"floor":9,"key":"Odd Mushroom"},{"floor":22,"key":"jedi:archwizardhat"},{"floor":22,"key":"halation:EternalFortune"}],"event_choices":[{"damage_healed":0,"gold_gain":0,"player_choice":"Fought Mushrooms","damage_taken":0,"max_hp_gain":0,"max_hp_loss":0,"event_name":"Mushrooms","floor":9,"gold_loss":0}],"is_beta":false,"boss_relics":[{"not_picked":["aspiration:FutureDiary","CCEMRelics:GreenEgg","StuffTheSpire:ModemDavis"]}],"items_purged_floors":[],"is_endless":false,"potions_floor_spawned":[2,8,9,13,14,20,22,23],"killed_by":"Shelled Parasite and Fungi","ascension_level":1}}