{"host":"344lv32hnei0mdhu","time":1612419908,"event":{"mods":["Act Like it!","BaseMod","Better Match","Better Sensory Stone","Better Skull","Better Third Choice","Better Vampires","Colored Powertips","Highlight Path","Minty Spire (QoL Compilation)","Quick Restart","Random Character Button","Rare Cards Sparkle","StSLib"],"gold_per_floor":[111,31,31,50,70,96,96,131,201,220,220,5,5,5,5,133,133,156,156,116,116,131,131,142,142,142,142,167,181,181,181],"floor_reached":30,"language":"ENG","playtime":827,"items_purged":[],"score":422,"play_id":"1894067e-4744-4848-b4a6-f2b23580131b","local_time":"20210204002508","is_ascension_mode":true,"campfire_choices":[{"data":"Whirlwind","floor":7.0,"key":"SMITH"},{"floor":13.0,"key":"RECALL"},{"data":"Shockwave","floor":15.0,"key":"SMITH"},{"floor":23,"key":"REST"},{"data":"Spot Weakness","floor":25,"key":"SMITH"},{"data":"Dramatic Entrance","floor":27,"key":"SMITH"}],"circlet_count":0,"master_deck":["AscendersBane","Strike_R","Strike_R","Strike_R","Strike_R","Strike_R","Defend_R","Defend_R","Defend_R","Defend_R","Bash","Thunderclap","Metallicize","Dramatic Entrance+1","Wild Strike","Twin Strike","Whirlwind+1","Intimidate","Shockwave+1","Feed","Fire Breathing","Fire Breathing","Spot Weakness+1","Shockwave"],"relics":["Burning Blood","NeowsBlessing","CaptainsWheel","Oddly Smooth Stone","Shuriken","Bloody Idol","Runic Pyramid","Nloth\u0027s Gift","Letter Opener","Ornamental Fan"],"acts_visited":["Exordium","TheCity"],"potions_floor_usage":[18,18,24],"damage_taken":[{"damage":0.0,"enemies":"Jaw Worm","floor":1.0,"turns":1.0},{"damage":0.0,"enemies":"2 Louse","floor":4.0,"turns":1.0},{"damage":0.0,"enemies":"Cultist","floor":5.0,"turns":1.0},{"damage":26.0,"enemies":"3 Sentries","floor":6.0,"turns":6.0},{"damage":17.0,"enemies":"Lagavulin","floor":8.0,"turns":6.0},{"damage":8.0,"enemies":"3 Louse","floor":10.0,"turns":2.0},{"damage":74.0,"enemies":"Hexaghost","floor":16.0,"turns":10.0},{"damage":10,"enemies":"2 Thieves","floor":18,"turns":3},{"damage":18,"enemies":"Shell Parasite","floor":22,"turns":7},{"damage":26,"enemies":"Sentry and Sphere","floor":24,"turns":7},{"damage":57,"enemies":"Book of Stabbing","floor":28,"turns":6},{"damage":29,"enemies":"Centurion and Healer","floor":29,"turns":8},{"damage":22,"enemies":"Slavers","floor":30,"turns":1}],"seed_played":"-7282017505299708971","potions_obtained":[{"floor":5.0,"key":"DistilledChaos"},{"floor":10.0,"key":"FearPotion"},{"floor":16.0,"key":"SteroidPotion"},{"floor":22,"key":"Dexterity Potion"}],"is_trial":false,"path_per_floor":["M","$","?","M","M","E","R","E","T","M","?","$","R","?","R","B",null,"M","?","$","?","M","R","M","R","T","R","E","M","E"],"character_chosen":"IRONCLAD","items_purchased":["Metallicize","Lee\u0027s Waffle","Shockwave","Fire Breathing"],"campfire_rested":1,"item_purchase_floors":[2,12,12,20],"current_hp_per_floor":[78,78,78,80,80,60,60,49,49,47,47,87,87,87,87,19,70,69,69,69,69,65,92,80,80,80,80,37,22,0,0],"gold":181,"neow_bonus":"THREE_ENEMY_KILL","is_daily":false,"chose_seed":false,"campfire_upgraded":4,"win_rate":0.0,"timestamp":1612419908,"path_taken":["M","$","?","?","M","E","R","E","T","M","?","$","R","?","R","BOSS","M","?","$","?","M","R","?","R","T","R","E","M","E"],"items_purchased_type":["Card","Relic","Card","Card"],"build_version":"2020-12-22","purchased_purges":0,"victory":false,"max_hp_per_floor":[80,80,80,80,80,80,80,80,80,80,80,87,87,87,87,87,87,90,90,90,90,93,93,96,96,96,96,99,102,102,102],"card_choices":[{"not_picked":["Carnage","Entrench"],"picked":"Thunderclap","floor":1.0},{"not_picked":["Finesse","Deep Breath"],"picked":"Dramatic Entrance","floor":3.0},{"not_picked":["Shrug It Off","Combust"],"picked":"Wild Strike","floor":4.0},{"not_picked":["Feel No Pain","Iron Wave"],"picked":"Twin Strike","floor":5.0},{"not_picked":["Searing Blow","Limit Break"],"picked":"Whirlwind","floor":6.0},{"not_picked":["True Grit","Iron Wave","Havoc"],"picked":"SKIP","floor":8.0},{"not_picked":["Seeing Red","Flex"],"picked":"Intimidate","floor":10.0},{"not_picked":["Juggernaut","Berserk"],"picked":"Feed","floor":16.0},{"not_picked":["Twin Strike","Clothesline","Clash"],"picked":"SKIP","floor":18},{"not_picked":["Perfected Strike","Cleave"],"picked":"Fire Breathing","floor":22},{"not_picked":["Warcry","Second Wind"],"picked":"Spot Weakness","floor":24},{"not_picked":["Perfected Strike","Blood for Blood+1"],"picked":"Shockwave","floor":28},{"not_picked":["Body Slam+1","Warcry+1","Havoc+1"],"picked":"SKIP","floor":29}],"player_experience":400979,"relics_obtained":[{"floor":6.0,"key":"CaptainsWheel"},{"floor":8.0,"key":"Oddly Smooth Stone"},{"floor":9.0,"key":"Shuriken"},{"floor":26,"key":"Letter Opener"},{"floor":28,"key":"Ornamental Fan"}],"event_choices":[{"damage_healed":0.0,"max_hp_gain":0.0,"max_hp_loss":0.0,"gold_gain":1.0,"event_name":"betterStone:BetterStone","player_choice":"1","floor":3.0,"gold_loss":0.0,"damage_taken":0.0},{"damage_healed":0.0,"max_hp_gain":0.0,"max_hp_loss":0.0,"gold_gain":0.0,"event_name":"Golden Idol","player_choice":"Take Wound","floor":11.0,"gold_loss":0.0,"damage_taken":0.0,"relics_obtained":["Golden Idol"],"cards_obtained":["Injury"]},{"cards_removed":["Injury"],"damage_healed":0.0,"max_hp_gain":0.0,"max_hp_loss":0.0,"gold_gain":0.0,"event_name":"Living Wall","player_choice":"Forget","floor":14.0,"gold_loss":0.0,"damage_taken":0.0},{"damage_healed":0,"gold_gain":0,"player_choice":"Gave Idol","damage_taken":0,"relics_obtained":["Bloody Idol"],"max_hp_gain":0,"max_hp_loss":0,"event_name":"Forgotten Altar","floor":19,"relics_lost":["Golden Idol"],"gold_loss":0},{"damage_healed":0,"gold_gain":0,"player_choice":"Traded Relic","damage_taken":0,"relics_obtained":["Nloth\u0027s Gift"],"max_hp_gain":0,"max_hp_loss":0,"event_name":"N\u0027loth","floor":21,"relics_lost":["Lee\u0027s Waffle"],"gold_loss":0}],"is_beta":false,"boss_relics":[{"not_picked":["Busted Crown","Runic Dome"],"picked":"Runic Pyramid"}],"items_purged_floors":[],"is_endless":false,"potions_floor_spawned":[5,10,16,22],"killed_by":"Slavers","ascension_level":11}}