{"host":"vzygucmp2u9s1xuv","time":1612454775,"event":{"mods":["BaseMod","Colored Map","DeckTracker","Keyboard Shortcuts","Minty Spire (QoL Compilation)","Quick Restart","StSLib","SuperFastMode"],"gold_per_floor":[118,137,147,160,160,160,189,78,105,134,134,170,206,239,251,263,263],"floor_reached":16,"language":"KOR","playtime":330,"items_purged":[],"score":196,"play_id":"c41e9330-cc06-4693-a816-28d1e880bdc7","local_time":"20210205010615","is_ascension_mode":true,"campfire_choices":[{"data":"Blade Dance","floor":6,"key":"SMITH"},{"floor":11,"key":"REST"},{"floor":15,"key":"REST"}],"circlet_count":0,"master_deck":["AscendersBane","Strike_G","Strike_G","Strike_G","Strike_G","Strike_G","Defend_G","Defend_G","Defend_G","Defend_G","Defend_G","Survivor","Neutralize","Endless Agony","Accuracy","Blade Dance+1","Choke","Blade Dance","Endless Agony","Crippling Poison","Finisher","Endless Agony","Backflip"],"relics":["Ring of the Snake","NeowsBlessing","CeramicFish","Smiling Mask","MawBank"],"acts_visited":["Exordium"],"potions_floor_usage":[14,16],"damage_taken":[{"damage":0.0,"enemies":"Cultist","floor":1.0,"turns":1.0},{"damage":0.0,"enemies":"Jaw Worm","floor":2.0,"turns":1.0},{"damage":0.0,"enemies":"Small Slimes","floor":3.0,"turns":1.0},{"damage":11,"enemies":"Blue Slaver","floor":4,"turns":6},{"damage":11,"enemies":"Looter","floor":7,"turns":2},{"damage":9,"enemies":"2 Fungi Beasts","floor":10,"turns":2},{"damage":37,"enemies":"3 Sentries","floor":12,"turns":7},{"damage":5,"enemies":"Blue Slaver","floor":13,"turns":3},{"damage":2,"enemies":"3 Louse","floor":14,"turns":3},{"damage":22,"enemies":"The Guardian","floor":16,"turns":7}],"seed_played":"-8057625456744972343","potions_obtained":[{"floor":1.0,"key":"Block Potion"},{"floor":3.0,"key":"Weak Potion"},{"floor":14,"key":"DistilledChaos"}],"is_trial":false,"path_per_floor":["M","M","M","M","?","R","M","$","T","M","R","E","M","M","R","B"],"character_chosen":"THE_SILENT","items_purchased":["Blade Dance","Endless Agony"],"campfire_rested":2,"item_purchase_floors":[8,8],"current_hp_per_floor":[59,59,59,48,48,48,37,37,37,28,47,10,5,3,22,0,0],"gold":263,"neow_bonus":"THREE_ENEMY_KILL","is_daily":false,"chose_seed":false,"campfire_upgraded":1,"win_rate":0.0,"timestamp":1612454775,"path_taken":["M","M","M","M","?","R","?","$","T","M","R","E","?","M","R","BOSS"],"items_purchased_type":["Card","Card"],"build_version":"2020-12-22","purchased_purges":0,"victory":false,"max_hp_per_floor":[66,66,66,66,66,66,66,66,66,66,66,66,66,66,66,66,66],"card_choices":[{"not_picked":["Acrobatics","Blade Dance"],"picked":"All Out Attack","floor":1.0},{"not_picked":["Terror","Underhanded Strike"],"picked":"Endless Agony","floor":2.0},{"not_picked":["Flying Knee","Cloak And Dagger"],"picked":"Accuracy","floor":3.0},{"not_picked":["Prepared","Poisoned Stab"],"picked":"Blade Dance","floor":4},{"not_picked":["Dodge and Roll","Escape Plan"],"picked":"Choke","floor":7},{"not_picked":["Quick Slash","Catalyst"],"picked":"Crippling Poison","floor":10},{"not_picked":["Deadly Poison","Dagger Throw"],"picked":"Finisher","floor":12},{"not_picked":["Poisoned Stab","Heel Hook"],"picked":"Endless Agony","floor":13},{"not_picked":["PiercingWail","Outmaneuver"],"picked":"Backflip","floor":14}],"player_experience":665779,"relics_obtained":[{"floor":9,"key":"Smiling Mask"},{"floor":12,"key":"MawBank"}],"event_choices":[{"cards_removed":["All Out Attack"],"damage_healed":0,"gold_gain":0,"player_choice":"Gave Card","damage_taken":0,"relics_obtained":["CeramicFish"],"max_hp_gain":0,"max_hp_loss":0,"event_name":"WeMeetAgain","floor":5,"gold_loss":0}],"is_beta":false,"boss_relics":[],"items_purged_floors":[],"is_endless":false,"potions_floor_spawned":[1,3,4,13,14],"killed_by":"The Guardian","ascension_level":17}}