{"host":"xhm1ik3sxl6w66st","time":1612406062,"event":{"mods":["BaseMod","Colored Powertips","Downfall","Hermit","Minty Spire (QoL Compilation)","READ ME - Guardian Mod","Replay The Spire","StSLib","The Bug Knight","The Cursed","The Disciple","The Jungle","The Servant 0.9.4"],"gold_per_floor":[109,123,123,134,209,237,24,38,91,153,153,153,166,184,184,184,184],"floor_reached":16,"language":"ENG","playtime":1096,"items_purged":["TheCursedMod:Defend_TheCursed"],"score":102,"play_id":"eadc1ab5-4e6a-46d0-a061-de5da54d7909","local_time":"20210203193422","is_ascension_mode":false,"campfire_choices":[{"floor":12,"key":"REST"},{"data":"TheCursedMod:CursedWand","floor":15,"key":"SMITH"}],"circlet_count":0,"master_deck":["TheCursedMod:Strike_TheCursed","TheCursedMod:Strike_TheCursed","TheCursedMod:Strike_TheCursed","TheCursedMod:Strike_TheCursed","TheCursedMod:Defend_TheCursed+1","TheCursedMod:Defend_TheCursed+1","TheCursedMod:CursedWand+1","TheCursedMod:CleanUpWorkshop","TheCursedMod:Dregs","TheCursedMod:FleshFromBone","TheCursedMod:RapidMovement","TheCursedMod:SpitefulStrike","TheCursedMod:CircleOfBlood","TheCursedMod:HellsGateOpen","TheCursedMod:AbyssShockwave+1","Injury","TheCursedMod:SpitefulStrike","TheCursedMod:RapidMovement"],"relics":["TheCursedMod:BlackMagic101","War Paint","Onion Ring","Replay:Wax Seal","Bag of Preparation","Golden Idol"],"acts_visited":["Exordium"],"potions_floor_usage":[10,16,16,16],"damage_taken":[{"damage":0,"enemies":"Cultist","floor":1,"turns":4},{"damage":0,"enemies":"2 Louse","floor":2,"turns":3},{"damage":0,"enemies":"Jaw Worm","floor":4,"turns":5},{"damage":2,"enemies":"Gremlin Nob","floor":6,"turns":4},{"damage":5,"enemies":"2 Fungi Beasts","floor":8,"turns":3},{"damage":34,"enemies":"Lagavulin Event","floor":10,"turns":7},{"damage":0,"enemies":"3 Louse","floor":13,"turns":1},{"damage":0,"enemies":"Blue Slaver","floor":14,"turns":1},{"damage":55,"enemies":"Hexaghost","floor":16,"turns":11}],"seed_played":"-1143179767912779117","potions_obtained":[{"floor":1,"key":"Adrenaline Potion"},{"floor":8,"key":"Strength Potion"},{"floor":10,"key":"ColorlessPotion"},{"floor":13,"key":"champ:CounterPotion"}],"is_trial":false,"path_per_floor":["M","M","?","M","?","E","$","M","T","?","?","R","M","M","R","B"],"character_chosen":"THE_CURSED","items_purchased":["TheCursedMod:HellsGateOpen","TheCursedMod:AbyssShockwave+1"],"campfire_rested":1,"item_purchase_floors":[7,7],"current_hp_per_floor":[75,75,68,68,57,55,55,54,54,22,22,44,44,50,50,0,0],"gold":184,"neow_bonus":"RANDOM_COMMON_RELIC","is_daily":false,"chose_seed":false,"campfire_upgraded":1,"win_rate":0.0,"timestamp":1612406062,"path_taken":["M","?","?","M","?","E","$","M","T","?","?","R","M","?","R","BOSS"],"items_purchased_type":["Card","Card"],"build_version":"2020-12-22","purchased_purges":1,"victory":false,"max_hp_per_floor":[75,75,75,75,75,75,75,75,75,75,75,75,75,75,75,75,75],"card_choices":[{"not_picked":["TheCursedMod:StingEye","TheCursedMod:SmokeScreen"],"picked":"TheCursedMod:FleshFromBone","floor":1},{"not_picked":["TheCursedMod:VitalStrike","TheCursedMod:SurpriseAttack"],"picked":"TheCursedMod:RapidMovement","floor":2},{"not_picked":["TheCursedMod:TacticalStrike","TheCursedMod:CursedMace"],"picked":"TheCursedMod:SpitefulStrike","floor":4},{"not_picked":["TheCursedMod:CircleOfWindfury","TheCursedMod:AshesToAshes"],"picked":"TheCursedMod:CircleOfBlood","floor":6},{"not_picked":["TheCursedMod:Torture","TheCursedMod:Stretching","TheCursedMod:HellsGateOpen"],"picked":"SKIP","floor":8},{"not_picked":["TheCursedMod:WearCloak","TheCursedMod:CursedRelics"],"picked":"TheCursedMod:SpitefulStrike","floor":13},{"not_picked":["TheCursedMod:TacticalStrike","TheCursedMod:SurpriseAttack"],"picked":"TheCursedMod:RapidMovement","floor":14}],"player_experience":173504,"relics_obtained":[{"floor":6,"key":"Onion Ring"},{"floor":9,"key":"Replay:Wax Seal"}],"event_choices":[{"cards_removed":["TheCursedMod:Defend_TheCursed"],"damage_healed":0,"gold_gain":0,"player_choice":"Card Removal","damage_taken":7,"max_hp_gain":0,"max_hp_loss":0,"event_name":"Golden Wing","floor":3,"gold_loss":0},{"damage_healed":0,"gold_gain":75,"player_choice":"Gather Gold","damage_taken":11,"max_hp_gain":0,"max_hp_loss":0,"event_name":"World of Goop","floor":5,"gold_loss":0},{"damage_healed":0,"gold_gain":0,"player_choice":"Searched \u00272\u0027 times","damage_taken":0,"relics_obtained":["Bag of Preparation"],"max_hp_gain":0,"max_hp_loss":0,"event_name":"Dead Adventurer","floor":10,"gold_loss":0},{"damage_healed":0,"gold_gain":0,"player_choice":"Take Wound","damage_taken":0,"relics_obtained":["Golden Idol"],"max_hp_gain":0,"max_hp_loss":0,"event_name":"Golden Idol","floor":11,"gold_loss":0,"cards_obtained":["Injury"]}],"is_beta":false,"boss_relics":[],"items_purged_floors":[7],"is_endless":false,"potions_floor_spawned":[1,8,10,13],"killed_by":"Hexaghost","ascension_level":0}}