{"host":"phy652c7lim9lcu2","time":1612432983,"event":{"mods":["BaseMod","BetterRewards","Colored Powertips","Downfall","Googly Eyes","Hubris","Minty Spire (QoL Compilation)","Relic Stats","Spicy Shops","StSLib","everything is the same but u backflip on backflip"],"gold_per_floor":[111,111,131,148,159,189,201,227,227,252,268,297,311,371,371,473,473,483,96,112,112,131,160,175,190,245,245,278,278,305,319,319,414,414,433,444,444,213,213,240,240,257,305,337,348,363,381,281,281,281,281,281,8,36,36],"floor_reached":56,"language":"ENG","playtime":1586,"items_purged":["Strike_R","Strike_R","Strike_R"],"score":2364,"play_id":"60670f9f-c643-4fa2-a5f6-634c0498d10d","local_time":"20210204200303","is_ascension_mode":true,"campfire_choices":[{"data":"Whirlwind","floor":15.0,"key":"SMITH"},{"data":"Flex","floor":27.0,"key":"SMITH"},{"data":"Whirlwind","floor":32.0,"key":"SMITH"},{"data":"Battle Trance","floor":41.0,"key":"SMITH"},{"floor":49.0,"key":"RECALL"},{"data":"Dual Wield","floor":52.0,"key":"SMITH"}],"circlet_count":0,"master_deck":["Strike_R","Defend_R","Defend_R","Defend_R","Defend_R","Bash","Dual Wield+1","Reaper","Whirlwind+1","Battle Trance+1","Flex+1","Seeing Red","Feed","Whirlwind+1","Whirlwind","Demon Form","Shrug It Off","Offering+1","Necronomicurse","Flex+1"],"relics":["Burning Blood","ClockworkSouvenir","Bronze Scales","Lee\u0027s Waffle","MealTicket","PreservedInsect","Vajra","Strawberry","Akabeko","hubris:CuriousFeather","Art of War","Lantern","Coffee Dripper","Chemical X","Gremlin Horn","CultistMask","Eternal Feather","Dream Catcher","hubris:SphereOfDissonance","Necronomicon","Blood Vial","Busted Crown","Brimstone","Darkstone Periapt","Toy Ornithopter","Pantograph","hubris:ToyBattleship","hubris:PeanutButter"],"acts_visited":["Exordium","TheCity","TheBeyond","TheEnding"],"potions_floor_usage":[55,55,55],"damage_taken":[{"damage":2.0,"enemies":"Jaw Worm","floor":1.0,"turns":3.0},{"damage":0.0,"enemies":"Cultist","floor":3.0,"turns":3.0},{"damage":0.0,"enemies":"2 Louse","floor":4.0,"turns":1.0},{"damage":2.0,"enemies":"Large Slime","floor":5.0,"turns":4.0},{"damage":20.0,"enemies":"3 Sentries","floor":6.0,"turns":4.0},{"damage":16.0,"enemies":"Looter","floor":7.0,"turns":5.0},{"damage":30.0,"enemies":"Lagavulin","floor":8.0,"turns":5.0},{"damage":0.0,"enemies":"3 Sentries","floor":10.0,"turns":1.0},{"damage":4.0,"enemies":"Red Slaver","floor":11.0,"turns":2.0},{"damage":30.0,"enemies":"Lagavulin","floor":12.0,"turns":6.0},{"damage":13.0,"enemies":"Blue Slaver","floor":13.0,"turns":2.0},{"damage":15.0,"enemies":"Lagavulin Event","floor":14.0,"turns":3.0},{"damage":38.0,"enemies":"Hexaghost","floor":16.0,"turns":8.0},{"damage":0.0,"enemies":"3 Byrds","floor":18.0,"turns":3.0},{"damage":14.0,"enemies":"Shell Parasite","floor":20.0,"turns":2.0},{"damage":0.0,"enemies":"Snake Plant","floor":22.0,"turns":2.0},{"damage":20.0,"enemies":"Book of Stabbing","floor":23.0,"turns":2.0},{"damage":0.0,"enemies":"Shelled Parasite and Fungi","floor":24.0,"turns":1.0},{"damage":0.0,"enemies":"Sentry and Sphere","floor":25.0,"turns":1.0},{"damage":16.0,"enemies":"Slavers","floor":28.0,"turns":2.0},{"damage":0.0,"enemies":"Book of Stabbing","floor":30.0,"turns":1.0},{"damage":0.0,"enemies":"Snake Plant","floor":31.0,"turns":1.0},{"damage":0.0,"enemies":"Automaton","floor":33.0,"turns":2.0},{"damage":0.0,"enemies":"Orb Walker","floor":35.0,"turns":1.0},{"damage":0.0,"enemies":"3 Darklings","floor":36.0,"turns":1.0},{"damage":6.0,"enemies":"Reptomancer","floor":40.0,"turns":2.0},{"damage":6.0,"enemies":"Writhing Mass","floor":42.0,"turns":1.0},{"damage":0.0,"enemies":"Giant Head","floor":44.0,"turns":1.0},{"damage":21.0,"enemies":"4 Shapes","floor":45.0,"turns":3.0},{"damage":9.0,"enemies":"Spire Growth","floor":46.0,"turns":2.0},{"damage":0.0,"enemies":"Maw","floor":47.0,"turns":1.0},{"damage":26.0,"enemies":"Time Eater","floor":50.0,"turns":2.0},{"damage":0.0,"enemies":"Shield and Spear","floor":54.0,"turns":1.0},{"damage":100,"enemies":"The Heart","floor":55,"turns":5}],"seed_played":"-6426550713178184723","potions_obtained":[{"floor":6.0,"key":"Fruit Juice"},{"floor":8.0,"key":"LiquidBronze"},{"floor":12.0,"key":"SpeedPotion"},{"floor":13.0,"key":"PowerPotion"},{"floor":22.0,"key":"Fire Potion"}],"is_trial":false,"path_per_floor":["M","?","M","M","M","E","M","E","T","E","M","E","M","?","R","B",null,"M","$","M","?","M","E","M","M","T","R","E","?","E","M","R","B",null,"M","M","?","$","?","E","R","M","T","E","M","M","M","$","R","B",null,"R","$","E","B",null],"character_chosen":"IRONCLAD","items_purchased":["ClockworkSouvenir","Bronze Scales","Lee\u0027s Waffle","MealTicket","Dual Wield","PreservedInsect","Reaper","Whirlwind","Battle Trance","Vajra","Flex","Chemical X","Gremlin Horn","Brimstone","hubris:ToyBattleship"],"campfire_rested":0,"item_purchase_floors":[0,0,0,0,0,0,0,0,0,0,0,19,19,38,53],"current_hp_per_floor":[83,83,87,87,87,92,85,61,61,67,72,51,49,40,40,8,83,110,111,103,103,109,95,101,107,107,111,101,85,91,99,111,114,114,114,114,108,108,108,108,108,108,108,108,96,95,103,111,111,91,106,111,111,111,22],"gold":36,"neow_bonus":"","is_daily":false,"chose_seed":false,"campfire_upgraded":5,"win_rate":0.0,"timestamp":1612432983,"path_taken":["M","?","M","M","M","E","M","E","T","E","M","E","?","?","R","BOSS","M","$","M","?","?","E","M","M","T","R","E","?","E","M","R","BOSS","M","M","?","$","?","E","R","M","T","E","M","M","M","$","R","BOSS","R","$","E","BOSS"],"items_purchased_type":["Relic","Relic","Relic","Relic","Card","Relic","Card","Card","Card","Relic","Card","Relic","Relic","Relic","Relic"],"build_version":"2020-12-22","purchased_purges":3,"victory":true,"max_hp_per_floor":[87,87,87,87,87,94,97,97,97,97,100,103,108,108,108,108,108,111,111,111,111,111,111,111,111,111,111,111,111,111,111,111,114,114,114,114,108,108,108,108,108,108,108,108,111,111,111,111,111,111,111,111,111,111,111],"relic_stats":{"Darkstone Periapt":0,"Lee\u0027s Waffle":63,"Gremlin Horn":[6,6],"counters":[166,651],"Eternal Feather":21,"PreservedInsect":1038,"Burning Blood":574,"Blood Vial":27,"Dream Catcher":0,"Busted Crown":18,"Bronze Scales":[177],"Pantograph":0,"MealTicket":9,"Art of War":[3],"Necronomicon":[18],"Chemical X":[80],"obtain_stats":[{"Tiny House":34,"Calipers":54,"Gremlin Horn":17,"CeramicFish":31,"Vajra":0,"Runic Capacitor":0,"Whetstone":54,"Boot":7,"Blood Vial":26,"Centennial Puzzle":8,"DollysMirror":47,"Strawberry":6,"MealTicket":0,"downfall:ExtraCursedKey":13,"Necronomicon":29,"Kunai":53,"Toxic Egg 2":11,"hubris:TinFlute":7,"Pear":24,"Happy Flower":27,"hubris:DuctTape":47,"Astrolabe":17,"Blue Candle":36,"Oddly Smooth Stone":0,"hubris:SphereOfDissonance":28,"Eternal Feather":23,"Pen Nib":26,"Letter Opener":41,"Question Card":24,"Akabeko":14,"Shuriken":45,"Brimstone":0,"Bronze Scales":0,"hubris:PeanutButter":9,"CultistMask":21,"hubris:ToyBattleship":30,"StrikeDummy":10,"Darkstone Periapt":27,"Lantern":14,"SacredBark":17,"Juzu Bracelet":6,"Incense Burner":48,"Bag of Preparation":26,"hubris:EmptyBottle":12,"Smiling Mask":14,"Ancient Tea Set":0,"Empty Cage":17,"Burning Blood":0,"ClockworkSouvenir":19,"Nunchaku":26,"Dream Catcher":26,"hubris:Icosahedron":41,"hubris:Backtick":34,"Gambling Chip":21,"Pantograph":44,"Tiny Chest":17,"hubris:IronBody":23,"hubris:FunFungus":46,"hubris:CuriousFeather":10,"Red Mask":0,"Chemical X":0,"Cracked Core":0,"hubris:GlazedTorus":8,"Potion Belt":6,"Lee\u0027s Waffle":0,"Golden Idol":2,"PreservedInsect":0,"The Courier":9,"Orichalcum":0,"hubris:Towel":22,"Calling Bell":17,"Strange Spoon":36,"Busted Crown":17,"hubris:Spice":26,"Turnip":17,"Art of War":12,"Coffee Dripper":17,"Membership Card":4,"hubris:CrackedHourglass":17,"PureWater":0,"TungstenRod":0,"Toy Ornithopter":11,"hubris:BottledRain":27},{"Tiny House":47,"Calipers":131,"Gremlin Horn":41,"CeramicFish":46,"Vajra":132,"Runic Capacitor":5,"Whetstone":57,"Boot":91,"Blood Vial":100,"Centennial Puzzle":22,"DollysMirror":128,"Strawberry":20,"MealTicket":132,"downfall:ExtraCursedKey":12,"Necronomicon":152,"Kunai":56,"Toxic Egg 2":24,"hubris:TinFlute":36,"Pear":44,"Happy Flower":45,"hubris:DuctTape":54,"Astrolabe":14,"Blue Candle":48,"Oddly Smooth Stone":32,"hubris:SphereOfDissonance":152,"Eternal Feather":149,"Pen Nib":31,"Letter Opener":52,"Question Card":72,"Akabeko":40,"Shuriken":53,"Brimstone":107,"Bronze Scales":132,"hubris:PeanutButter":11,"CultistMask":147,"hubris:ToyBattleship":45,"StrikeDummy":114,"Darkstone Periapt":101,"Lantern":143,"SacredBark":116,"Juzu Bracelet":10,"Incense Burner":82,"Bag of Preparation":120,"hubris:EmptyBottle":24,"Smiling Mask":12,"Ancient Tea Set":32,"Empty Cage":66,"Burning Blood":0,"ClockworkSouvenir":42,"Nunchaku":44,"Dream Catcher":151,"hubris:Icosahedron":80,"hubris:Backtick":124,"Gambling Chip":29,"Pantograph":160,"Tiny Chest":41,"hubris:IronBody":99,"hubris:FunFungus":128,"hubris:CuriousFeather":140,"Red Mask":0,"Chemical X":0,"Cracked Core":0,"hubris:GlazedTorus":63,"Potion Belt":111,"Lee\u0027s Waffle":132,"Golden Idol":108,"PreservedInsect":0,"The Courier":63,"Orichalcum":14,"hubris:Towel":29,"Calling Bell":41,"Strange Spoon":48,"Busted Crown":94,"hubris:Spice":73,"Turnip":41,"Art of War":142,"Coffee Dripper":145,"Membership Card":8,"hubris:CrackedHourglass":27,"PureWater":0,"TungstenRod":0,"Toy Ornithopter":37,"hubris:BottledRain":73},{"Tiny House":200,"Calipers":564,"Gremlin Horn":169,"CeramicFish":191,"Vajra":567,"Runic Capacitor":13,"Whetstone":252,"Boot":423,"Blood Vial":473,"Centennial Puzzle":80,"DollysMirror":557,"Strawberry":73,"MealTicket":567,"downfall:ExtraCursedKey":43,"Necronomicon":627,"Kunai":247,"Toxic Egg 2":86,"hubris:TinFlute":151,"Pear":181,"Happy Flower":183,"hubris:DuctTape":234,"Astrolabe":56,"Blue Candle":203,"Oddly Smooth Stone":131,"hubris:SphereOfDissonance":627,"Eternal Feather":623,"Pen Nib":122,"Letter Opener":222,"Question Card":326,"Akabeko":165,"Shuriken":229,"Brimstone":506,"Bronze Scales":567,"hubris:PeanutButter":38,"CultistMask":619,"hubris:ToyBattleship":183,"StrikeDummy":524,"Darkstone Periapt":478,"Lantern":603,"SacredBark":530,"Juzu Bracelet":34,"Incense Burner":379,"Bag of Preparation":541,"hubris:EmptyBottle":86,"Smiling Mask":43,"Ancient Tea Set":131,"Empty Cage":292,"Burning Blood":0,"ClockworkSouvenir":172,"Nunchaku":181,"Dream Catcher":625,"hubris:Icosahedron":368,"hubris:Backtick":551,"Gambling Chip":115,"Pantograph":637,"Tiny Chest":169,"hubris:IronBody":469,"hubris:FunFungus":557,"hubris:CuriousFeather":593,"Red Mask":0,"Chemical X":0,"Cracked Core":0,"hubris:GlazedTorus":278,"Potion Belt":516,"Lee\u0027s Waffle":567,"Golden Idol":509,"PreservedInsect":0,"The Courier":278,"Orichalcum":56,"hubris:Towel":115,"Calling Bell":169,"Strange Spoon":203,"Busted Crown":443,"hubris:Spice":331,"Turnip":169,"Art of War":601,"Coffee Dripper":614,"Membership Card":24,"hubris:CrackedHourglass":107,"PureWater":0,"TungstenRod":0,"Toy Ornithopter":156,"hubris:BottledRain":331}],"Toy Ornithopter":155},"card_choices":[{"not_picked":["Havoc","Clothesline","Wild Strike"],"picked":"SKIP","floor":1.0},{"not_picked":["Second Wind","Flex","Clothesline"],"picked":"SKIP","floor":3.0},{"not_picked":["Flex","Clothesline"],"picked":"Seeing Red","floor":4.0},{"not_picked":["Havoc","Iron Wave","Thunderclap"],"picked":"SKIP","floor":5.0},{"not_picked":["Rampage","Inflame"],"picked":"Feed","floor":6.0},{"not_picked":["Shrug It Off","Flex"],"picked":"Whirlwind","floor":7.0},{"not_picked":["Rampage","True Grit","Anger"],"picked":"SKIP","floor":8.0},{"not_picked":["Twin Strike","Sentinel","hubris:ReadiedAction"],"picked":"SKIP","floor":10.0},{"not_picked":["Anger","Dark Embrace","Dual Wield"],"picked":"SKIP","floor":11.0},{"not_picked":["Body Slam","Sword Boomerang","Iron Wave"],"picked":"SKIP","floor":12.0},{"not_picked":["True Grit","Heavy Blade"],"picked":"Whirlwind","floor":13.0},{"not_picked":["Bludgeon","Exhume"],"picked":"Demon Form","floor":16.0},{"not_picked":["Metallicize","Warcry","Iron Wave"],"picked":"SKIP","floor":18.0},{"not_picked":["Clothesline+1","Iron Wave","Sever Soul"],"picked":"SKIP","floor":20.0},{"not_picked":["Wild Strike","Rupture"],"picked":"Shrug It Off","floor":22.0},{"not_picked":["Searing Blow","Iron Wave","Clash"],"picked":"SKIP","floor":23.0},{"not_picked":["Burning Pact","Shrug It Off"],"picked":"Offering","floor":24.0},{"not_picked":["Anger","Havoc","Warcry"],"picked":"SKIP","floor":25.0},{"not_picked":["Twin Strike","Corruption","Pommel Strike+1"],"picked":"SKIP","floor":28.0},{"not_picked":["Pummel","Ghostly Armor"],"picked":"Flex+1","floor":30.0},{"not_picked":["Pummel","Sword Boomerang+1","Anger+1"],"picked":"SKIP","floor":31.0},{"not_picked":["Fire Breathing+1"],"picked":"SKIP","floor":35.0},{"not_picked":["Flex"],"picked":"SKIP","floor":36.0},{"not_picked":["Iron Wave+1"],"picked":"SKIP","floor":40.0},{"not_picked":["Sword Boomerang+1"],"picked":"SKIP","floor":42.0},{"not_picked":["Metallicize+1"],"picked":"SKIP","floor":44.0},{"not_picked":["Twin Strike+1"],"picked":"SKIP","floor":45.0},{"not_picked":["Cleave+1"],"picked":"SKIP","floor":46.0},{"not_picked":["Clash+1"],"picked":"SKIP","floor":47.0},{"not_picked":["True Grit"],"picked":"SKIP","floor":54.0}],"player_experience":301465,"relics_obtained":[{"floor":6.0,"key":"Strawberry"},{"floor":8.0,"key":"Akabeko"},{"floor":10.0,"key":"hubris:CuriousFeather"},{"floor":12.0,"key":"Art of War"},{"floor":23.0,"key":"Eternal Feather"},{"floor":26.0,"key":"Dream Catcher"},{"floor":28.0,"key":"hubris:SphereOfDissonance"},{"floor":29.0,"key":"Necronomicon"},{"floor":30.0,"key":"Blood Vial"},{"floor":40.0,"key":"Darkstone Periapt"},{"floor":43.0,"key":"Toy Ornithopter"},{"floor":44.0,"key":"Pantograph"},{"floor":54.0,"key":"hubris:PeanutButter"}],"event_choices":[{"cards_removed":["Strike_R"],"damage_healed":0.0,"max_hp_gain":0.0,"max_hp_loss":0.0,"gold_gain":0.0,"event_name":"Wheel of Change","player_choice":"Card Removal","floor":2.0,"gold_loss":0.0,"damage_taken":0.0},{"damage_healed":0.0,"max_hp_gain":0.0,"max_hp_loss":0.0,"gold_gain":30.0,"event_name":"Dead Adventurer","player_choice":"Searched \u00273\u0027 times","floor":14.0,"gold_loss":0.0,"damage_taken":0.0,"relics_obtained":["Lantern"]},{"damage_healed":0.0,"max_hp_gain":0.0,"max_hp_loss":0.0,"gold_gain":0.0,"event_name":"FaceTrader","player_choice":"Trade","floor":21.0,"gold_loss":0.0,"damage_taken":0.0,"relics_obtained":["CultistMask"]},{"damage_healed":0.0,"max_hp_gain":0.0,"max_hp_loss":0.0,"gold_gain":0.0,"event_name":"Cursed Tome","player_choice":"Obtained Book","floor":29.0,"gold_loss":0.0,"damage_taken":16.0},{"damage_healed":0.0,"max_hp_gain":0.0,"max_hp_loss":6.0,"gold_gain":0.0,"event_name":"Winding Halls","player_choice":"Max HP","floor":37.0,"gold_loss":0.0,"damage_taken":0.0},{"damage_healed":0.0,"max_hp_gain":0.0,"max_hp_loss":0.0,"gold_gain":0.0,"event_name":"Upgrade Shrine","player_choice":"Upgraded","floor":39.0,"gold_loss":0.0,"damage_taken":0.0,"cards_upgraded":["Offering"]}],"is_beta":false,"boss_relics":[{"not_picked":["hubris:BlackHole","Runic Dome"],"picked":"Coffee Dripper"},{"not_picked":["Pandora\u0027s Box","Calling Bell"],"picked":"Busted Crown"}],"items_purged_floors":[38,48,53],"is_endless":false,"potions_floor_spawned":[6,8,12,13,14,16,20,22,24,31,42,44,45],"ascension_level":8}}