{"host":"00f1p9ihhzi7hxfk","time":1612440369,"event":{"mods":["AchievementEnabler","BaseMod","Colored Map","Colored Powertips","Minty Spire (QoL Compilation)","Rare Cards Sparkle","Relic Stats"],"gold_per_floor":[112,112,33,50,50,50,60,60,60,60,235,235,79,93,93,93,93],"floor_reached":16,"language":"DEU","playtime":854,"items_purged":[],"score":88,"play_id":"ce060f8c-3a09-4db8-85d6-f47177ce942d","local_time":"20210204130609","is_ascension_mode":false,"campfire_choices":[{"floor":6,"key":"REST"},{"data":"Protect","floor":8,"key":"SMITH"},{"data":"DeceiveReality","floor":12,"key":"SMITH"},{"floor":15,"key":"REST"}],"circlet_count":0,"master_deck":["Strike_P","Strike_P","Strike_P","Defend_P","Defend_P","Defend_P","Defend_P","Eruption","Vigilance","Protect+1","DeceiveReality+1","Perseverance","Parasite","Doubt","Swivel"],"relics":["PureWater","White Beast Statue","Mummified Hand","Cauldron"],"acts_visited":["Exordium"],"potions_floor_usage":[],"damage_taken":[{"damage":5,"enemies":"Jaw Worm","floor":1,"turns":8},{"damage":16,"enemies":"2 Louse","floor":4,"turns":6},{"damage":22,"enemies":"Cultist","floor":7,"turns":6},{"damage":61,"enemies":"Large Slime","floor":14,"turns":10},{"damage":94,"enemies":"Slime Boss","floor":16,"turns":6}],"seed_played":"4856389560747055173","potions_obtained":[{"floor":4,"key":"Dexterity Potion"},{"floor":7,"key":"FairyPotion"},{"floor":13,"key":"Swift Potion"},{"floor":13,"key":"Fire Potion"},{"floor":13,"key":"Fruit Juice"}],"is_trial":false,"path_per_floor":["M","?","?","M","?","R","M","R","T","?","?","R","$","M","R","B"],"character_chosen":"WATCHER","items_purchased":["Cauldron"],"campfire_rested":2,"item_purchase_floors":[13],"current_hp_per_floor":[74,79,79,63,56,79,57,57,57,76,76,76,76,15,38,0,0],"gold":93,"neow_bonus":"TEN_PERCENT_HP_BONUS","is_daily":false,"chose_seed":false,"campfire_upgraded":2,"win_rate":0.0,"timestamp":1612440369,"path_taken":["M","?","?","?","?","R","M","R","T","?","?","R","$","M","R","BOSS"],"items_purchased_type":["Relic"],"build_version":"2020-12-22","purchased_purges":0,"victory":false,"max_hp_per_floor":[79,79,79,79,79,79,79,79,79,79,79,79,79,79,79,79,79],"relic_stats":{"counters":[5,36],"Mummified Hand":[0],"obtain_stats":[{"Cauldron":13,"Mummified Hand":9,"PureWater":0,"White Beast Statue":3},{"Cauldron":3,"Mummified Hand":3,"PureWater":0,"White Beast Statue":1},{"Cauldron":20,"Mummified Hand":20,"PureWater":0,"White Beast Statue":8}]},"card_choices":[{"not_picked":["Crescendo","FlurryOfBlows"],"picked":"Protect","floor":1},{"not_picked":["SandsOfTime","BattleHymn"],"picked":"DeceiveReality","floor":4},{"not_picked":["BowlingBash","EmptyMind"],"picked":"Perseverance","floor":7},{"not_picked":["BowlingBash","JustLucky"],"picked":"Swivel","floor":14}],"player_experience":96084,"relics_obtained":[{"floor":9,"key":"Mummified Hand"}],"event_choices":[{"damage_healed":26,"gold_gain":0,"player_choice":"Banana","damage_taken":0,"max_hp_gain":0,"max_hp_loss":0,"event_name":"Big Fish","floor":2,"gold_loss":0},{"damage_healed":0,"gold_gain":0,"player_choice":"Paid Gold","damage_taken":0,"relics_obtained":["White Beast Statue"],"max_hp_gain":0,"max_hp_loss":0,"event_name":"WeMeetAgain","floor":3,"gold_loss":79},{"cards_removed":["Strike_P"],"damage_healed":0,"gold_gain":0,"player_choice":"Card Removal","damage_taken":7,"max_hp_gain":0,"max_hp_loss":0,"event_name":"Golden Wing","floor":5,"gold_loss":0},{"damage_healed":19,"gold_gain":0,"player_choice":"Healed and dodged fight","damage_taken":0,"max_hp_gain":0,"max_hp_loss":0,"event_name":"Mushrooms","floor":10,"gold_loss":0,"cards_obtained":["Parasite"]},{"damage_healed":0,"gold_gain":175,"player_choice":"AGREE","damage_taken":0,"max_hp_gain":0,"max_hp_loss":0,"event_name":"Liars Game","floor":11,"gold_loss":0,"cards_obtained":["Doubt"]}],"is_beta":false,"boss_relics":[],"items_purged_floors":[],"is_endless":false,"potions_floor_spawned":[4,7,14],"killed_by":"Slime Boss","ascension_level":0}}