{"host":"nwavcs7i011ziyjx","time":1612466879,"event":{"mods":["AchievementEnabler","BaseMod","Colored Map","Colored Powertips","Marisa（F雨　魔理沙）","Minty Spire (QoL Compilation)","MostiFishMod","Quick Restart","Rare Cards Sparkle","Remilia（蕾米莉亚）","Replay The Spire","Spicy Shops","StSLib","TestMod","The Servant 0.9.4","Uncapped","UnlockEverythingMod","WarShipGirlsR/战舰少女R mod","noobMod"],"gold_per_floor":[113,59,75,92,102,127,127,162,162,8000,6950,6995,5940,6033,6033,6253,6253,6297,6297,5112,5130,5204,5238,5238,5298,5298,5309,4542,4542,4620,4684,4684,4780,4780,4790,4834,4884,3956,4070,4070,4130,4130,4130,3600,3619,3654,3312,3342,3342,3342],"floor_reached":51,"language":"ZHS","playtime":2394,"items_purged":["Strike_MRS","Strike_MRS","Strike_MRS","MasterSpark","MilkyWay"],"score":1545,"play_id":"5bc3e6b4-4cef-4d37-a6ce-78ebaa56a0e1","local_time":"20210205032759","is_ascension_mode":true,"campfire_choices":[{"data":"MilkyWay","floor":7,"key":"SMITH"},{"data":"Strike_MRS","floor":15,"key":"PURGE"},{"data":"Pot Of Greed","floor":24,"key":"SMITH"},{"data":"UltimateShortwave","floor":29,"key":"SMITH"},{"data":"ReplayTheSpireMod:Private Reserves","floor":40,"key":"SMITH"},{"data":"CollectingQuirk","floor":42,"key":"SMITH"},{"data":"BlazeAway","floor":49,"key":"SMITH"},{"data":"Pot Of Greed","floor":49,"key":"SMITH"}],"circlet_count":0,"master_deck":["Defend_MRS","Defend_MRS","Defend_MRS","Defend_MRS","UpSweep","DoubleSpark+1","MilkyWay+1","6A+1","NonDirectionalLaser+1","TreasureHunter+1","MaximisePower","Flash of Steel","WitchOfGreed","MostiFishMod:ForestofLight+1","Panacea","UltimateShortwave+1","BinaryStars","RefractionSpark","Pot Of Greed+1","Pot Of Greed+1","CollectingQuirk+1","ReplayTheSpireMod:Private Reserves+1","Singularity+1","BlazeAway+1","RefractionSpark"],"relics":["BewitchedHakkero","ice","DaveBox","testmod-TestBox","FeatherPendant","testmod-Nyarlathotep","NeowsBlessing","SynthV:TestCard","testmod-ConstraintPeriapt","Replay:WaspNest","AmplifyWand","Sundial","Ornamental Fan","MawBank","ReplayTheSpireMod:ShopPack","Kunai","testmod-Hope","Strange Spoon","WingedGreaves","Whetstone","testmod-TurbochargingSystem","Cauldron","testmod-GoldenSoul","HandmadeGrimoire","Replay:PocketPolymizer","Replay:Baseball","Grinning Jar","Eternal Feather","testmod-BalancedPeriapt","Toy Ornithopter","Guide Book","testmod-IntensifyImprint","Mango","Anchor","testmod-Maize","Quantum Egg","Calipers","Membership Card","Replay:Accelerometer","CatCart","Mummified Hand","OriginationStaff","Iron Hammer","BirthdayGift-Icosahedron","Juzu Bracelet","testmod-InjuryResistance","Replay:Ringing Soul","testmod-LifeArmor","Omamori","Replay:Arrowhead","Chemical X","Potion Belt","Nunchaku"],"acts_visited":["Exordium","TheCity","TheBeyond"],"potions_floor_usage":[13,16,18,25],"damage_taken":[{"damage":0.0,"enemies":"Cultist","floor":1.0,"turns":1.0},{"damage":0,"enemies":"2 Louse","floor":3,"turns":2},{"damage":0,"enemies":"Small Slimes","floor":4,"turns":1},{"damage":0,"enemies":"Exordium Thugs","floor":5,"turns":3},{"damage":0,"enemies":"Gremlin Nob","floor":6,"turns":2},{"damage":0,"enemies":"Lagavulin","floor":8,"turns":3},{"damage":0,"enemies":"Gremlin Nob","floor":10,"turns":2},{"damage":0,"enemies":"Large Slime","floor":12,"turns":2},{"damage":2,"enemies":"Fading Forest","floor":16,"turns":10},{"damage":0,"enemies":"3 Byrds","floor":18,"turns":2},{"damage":0,"enemies":"Spheric Guardian","floor":21,"turns":1},{"damage":0,"enemies":"Cultist and Chosen","floor":22,"turns":1},{"damage":0,"enemies":"Book of Stabbing","floor":23,"turns":1},{"damage":0,"enemies":"Slavers","floor":25,"turns":2},{"damage":0,"enemies":"Snake Plant","floor":27,"turns":2},{"damage":0,"enemies":"Sentry and Sphere","floor":30,"turns":1},{"damage":0,"enemies":"Gremlin Leader","floor":31,"turns":2},{"damage":0,"enemies":"Champ","floor":33,"turns":2},{"damage":0,"enemies":"3 Shapes","floor":35,"turns":1},{"damage":0,"enemies":"Orb Walker","floor":36,"turns":1},{"damage":0,"enemies":"Mind Bloom Boss Battle","floor":37,"turns":1},{"damage":0,"enemies":"Orin","floor":39,"turns":2},{"damage":0,"enemies":"R_Hoarder","floor":41,"turns":3},{"damage":0,"enemies":"3 Darklings","floor":45,"turns":1},{"damage":0,"enemies":"Nemesis","floor":46,"turns":1},{"damage":0,"enemies":"R_Hoarder","floor":48,"turns":1},{"damage":0,"enemies":"Donu and Deca","floor":50,"turns":1}],"seed_played":"-5041026486202059545","potions_obtained":[{"floor":4,"key":"ColorlessPotion"},{"floor":8,"key":"Block Potion"},{"floor":10,"key":"SkillPotion"},{"floor":13,"key":"Adrenaline Potion"},{"floor":13,"key":"EntropicBrew"},{"floor":13,"key":"Flashbang"},{"floor":16,"key":"Fruit Juice"},{"floor":16,"key":"BottledSpark"},{"floor":18,"key":"BottledSpark"},{"floor":25,"key":"Block Potion"},{"floor":37,"key":"Milkshake"}],"is_trial":false,"path_per_floor":["M","$","M","M","M","E","R","E","T","E","$","M","$","?","R_BF","B",null,"M","?","$","M","M","E","R","E","T","M","$","R","M","E","R_BF","B",null,"M","M","?","$","?","R","E","R","T","$","M","E","$","E","R","B",null],"character_chosen":"MARISA","items_purchased":["MilkyWay","ReplayTheSpireMod:ShopPack","Kunai","testmod-Hope","Strange Spoon","Flash of Steel","WitchOfGreed","WingedGreaves","Whetstone","testmod-TurbochargingSystem","Cauldron","testmod-SpacePotion","CultistPotion","PowerPotion","HandmadeGrimoire","Replay:PocketPolymizer","Replay:Baseball","BinaryStars","Guide Book","testmod-IntensifyImprint","Mango","Quantum Egg","Calipers","Membership Card","Replay:Accelerometer","ReplayTheSpireMod:Private Reserves","BirthdayGift-Icosahedron","Juzu Bracelet","testmod-InjuryResistance","Replay:Ringing Soul","Omamori","Replay:Arrowhead","Chemical X","Potion Belt","BlazeAway"],"campfire_rested":0,"item_purchase_floors":[2,11,11,11,11,11,11,13,13,13,13,13,13,13,20,20,20,20,28,28,28,38,38,38,38,38,44,44,44,44,47,47,47,47,47],"current_hp_per_floor":[75,75,75,75,75,75,75,75,75,75,75,75,75,57,57,68,20,20,20,20,20,20,23,23,23,23,23,25,25,25,25,25,25,25,25,25,25,25,25,25,25,25,25,25,25,25,25,25,25,25],"gold":3342,"neow_bonus":"THREE_ENEMY_KILL","is_daily":false,"chose_seed":false,"campfire_upgraded":7,"win_rate":0.0,"timestamp":1612466879,"path_taken":["M","$","M","M","M","E","R","E","T","E","$","?","?","?","R_BF","BOSS","M","?","$","M","M","E","R","E","T","M","$","R","M","E","R_BF","BOSS","M","M","?","$","?","R","E","R","T","$","M","E","$","E","R","BOSS"],"items_purchased_type":["Card","Relic","Relic","Relic","Relic","Card","Card","Relic","Relic","Relic","Relic","Potion","Potion","Potion","Relic","Relic","Relic","Card","Relic","Relic","Relic","Relic","Relic","Relic","Relic","Card","Relic","Relic","Relic","Relic","Relic","Relic","Relic","Relic","Card"],"build_version":"2020-12-22","purchased_purges":5,"victory":true,"max_hp_per_floor":[75,75,75,75,75,75,75,75,75,75,75,75,75,75,75,80,20,20,25,25,25,25,25,25,25,25,25,25,25,25,25,25,25,25,25,25,25,25,25,25,25,25,25,25,25,25,25,25,25,25],"card_choices":[{"not_picked":["LuminesStrike","GravityBeat"],"picked":"DoubleSpark","floor":1.0},{"not_picked":["SporeBomb","UnstableBomb","MagicChant","OortCloud","LuminesStrike"],"picked":"SKIP","floor":3},{"not_picked":["DeepEcoloBomb","AsteroidBelt","GravityBeat","WitchLeyline"],"picked":"6A","floor":4},{"not_picked":["EnergyRecoil","OpenUniverse","MeteoricShower","DC"],"picked":"NonDirectionalLaser","floor":5},{"not_picked":["DoubleSpark","OrrerysSun","OneTimeOff","IllusionStar"],"picked":"TreasureHunter","floor":6},{"not_picked":["FairyDestructionRay","NonDirectionalLaser","Acceleration","DarkSpark","OneTimeOff"],"picked":"SKIP","floor":8},{"not_picked":["LuminesStrike","GravityBeat","IllusionStar","FairyDestructionRay"],"picked":"MaximisePower","floor":10},{"not_picked":["MostiFishMod:StoryBook","testmod-TreasureHunter","testmod-SunMoon","MostiFishMod:JungleRules"],"picked":"MostiFishMod:ForestofLight","floor":11},{"not_picked":["MostiFishMod:BrokenBlackCloak","testmod-DeathImprint","testmod-HandmadeProducts","Replay:BasicMightCard"],"picked":"Panacea","floor":11},{"not_picked":["WitchOfGreed","GalacticHalo","IllusionStar","DC","EnergyFlow"],"picked":"SKIP","floor":12},{"not_picked":["StarlightTyphoon","OrrerysSun","Orbital","SporeBomb"],"picked":"MilkyWay","floor":14},{"not_picked":["BigCrunch","SatelliteIllusion","EscapeVelocity","StarDustReverie"],"picked":"UltimateShortwave","floor":16},{"not_picked":["WitchOfGreed+1","IllusionStar+1","DC+1","GrandCross","SporeBomb"],"picked":"SKIP","floor":18},{"not_picked":["SporeBomb+1","NonDirectionalLaser","StarlightTyphoon","ShootingEcho+1","IllusionStar"],"picked":"SKIP","floor":21},{"not_picked":["NonDirectionalLaser","EventHorizon","ShootingEcho","MysteriousBeam"],"picked":"RefractionSpark","floor":22},{"not_picked":["WitchOfGreed+1","DoubleSpark+1","ManaRampage","PowerUp","BlazingStar"],"picked":"SKIP","floor":23},{"not_picked":["MilkyWay","WitchLeyline+1","DragonMeteor","MysteriousBeam","ShootingEcho"],"picked":"SKIP","floor":25},{"not_picked":["GasGiant","AlicesGift","AsteroidBelt","ChargeUpSpray+1","ShootTheMoon"],"picked":"SKIP","floor":27},{"not_picked":["ManaConvection+1","DC","UnstableBomb","WitchLeyline","OortCloud"],"picked":"SKIP","floor":30},{"not_picked":["SprinkleStarSeal","IllusionStar+1","PowerUp+1","MysteriousBeam","WitchOfGreed"],"picked":"SKIP","floor":31},{"not_picked":["FinalSpark","MaximisePower","StarDustReverie","AbsoluteMagnitude"],"picked":"CollectingQuirk","floor":33},{"not_picked":["NonDirectionalLaser+1","EarthLightRay","UnstableBomb","AlicesGift","DeepEcoloBomb+1"],"picked":"SKIP","floor":35},{"not_picked":["SprinkleStarSeal+1","IllusionStar+1","OpenUniverse","DarkMatter","ChargeUpSpray"],"picked":"SKIP","floor":36},{"not_picked":["EarthLightRay+1","BinaryStars","WitchLeyline","NonDirectionalLaser"],"picked":"Singularity+1","floor":41},{"not_picked":["Acceleration","ShootingEcho","Occultation+1","ManaConvection","StarlightTyphoon"],"picked":"SKIP","floor":45},{"not_picked":["DoubleSpark","EnergyFlow","EnergyRecoil+1","ShootingEcho+1","WitchLeyline"],"picked":"SKIP","floor":46},{"not_picked":["EnergyRecoil+1","NonDirectionalLaser+1","6A+1","SporeBomb+1"],"picked":"RefractionSpark","floor":48}],"player_experience":250672,"relics_obtained":[{"floor":1.0,"key":"SynthV:TestCard"},{"floor":6,"key":"testmod-ConstraintPeriapt"},{"floor":8,"key":"Replay:WaspNest"},{"floor":8,"key":"AmplifyWand"},{"floor":9,"key":"Sundial"},{"floor":10,"key":"Ornamental Fan"},{"floor":10,"key":"MawBank"},{"floor":23,"key":"Grinning Jar"},{"floor":25,"key":"Eternal Feather"},{"floor":25,"key":"testmod-BalancedPeriapt"},{"floor":26,"key":"Toy Ornithopter"},{"floor":31,"key":"Anchor"},{"floor":37,"key":"testmod-Maize"},{"floor":39,"key":"CatCart"},{"floor":39,"key":"Mummified Hand"},{"floor":41,"key":"OriginationStaff"},{"floor":43,"key":"Iron Hammer"},{"floor":46,"key":"testmod-LifeArmor"},{"floor":48,"key":"Nunchaku"}],"event_choices":[{"damage_healed":0,"gold_gain":0,"player_choice":"Shed Blood","damage_taken":5,"max_hp_gain":5,"max_hp_loss":0,"event_name":"Forgotten Altar","floor":19,"gold_loss":0},{"damage_healed":0,"gold_gain":0,"player_choice":"Fight","damage_taken":0,"max_hp_gain":0,"max_hp_loss":0,"event_name":"MindBloom","floor":37,"gold_loss":0},{"damage_healed":0,"gold_gain":0,"player_choice":"Fight","damage_taken":0,"max_hp_gain":0,"max_hp_loss":0,"event_name":"OrinTheCat","floor":39,"gold_loss":0}],"is_beta":false,"boss_relics":[{"not_picked":["Tiny House","Astrolabe"],"picked":"testmod-GoldenSoul"},{"not_picked":["Fusion Hammer","Kintsugi"],"picked":"BewitchedHakkero"}],"items_purged_floors":[11,11,13,20,20],"is_endless":false,"potions_floor_spawned":[4,8,10,12,22,25,30,33,36,37,45,46],"ascension_level":5}}