{"host":"sad04l3m69qtnhom","time":1612451810,"event":{"mods":["AchievementEnabler","BaseMod","Colored Map","Colored Powertips","DeckTracker","Highlight Path","Minty Spire (QoL Compilation)","Permanent Neow","Quick Restart","SuperFastMode","everything is the same but u backflip on backflip"],"gold_per_floor":[115,134,153,9,29,63,75,89,89,89,115,115,129,129,129,200,200,213,231,156,169,180,209,209,238,238,238,238,267,277,302,302,379,379,397,397,416,427,427,427,427],"floor_reached":40,"language":"KOR","playtime":2425,"items_purged":["Decay"],"score":833,"play_id":"c58b1738-7777-4b2d-8749-1200d4c03344","local_time":"20210205001650","is_ascension_mode":true,"campfire_choices":[{"data":"After Image","floor":10,"key":"SMITH"},{"data":"Accuracy","floor":12,"key":"SMITH"},{"data":"Finisher","floor":15,"key":"SMITH"},{"data":"Blade Dance","floor":24,"key":"SMITH"},{"data":"Blade Dance","floor":28,"key":"SMITH"},{"data":"Finisher","floor":32,"key":"SMITH"}],"circlet_count":0,"master_deck":["AscendersBane","Strike_G","Defend_G+1","Defend_G","Defend_G+1","Defend_G","Survivor","Neutralize","After Image+1","Blade Dance+1","Finisher+1","Cloak And Dagger","Backstab","Blade Dance+1","Finisher+1","Accuracy+1","Backflip","Tools of the Trade","Backflip+1","Setup+1","Poisoned Stab+1","Caltrops","Footwork","Envenom","Bullet Time","Accuracy","Tactician"],"relics":["Mummified Hand","War Paint","Toy Ornithopter","Astrolabe","Bag of Preparation","Bottled Flame","Ninja Scroll","Nloth\u0027s Gift","Pantograph","Tiny Chest","Sozu","Bottled Lightning"],"acts_visited":["Exordium","TheCity","TheBeyond"],"potions_floor_usage":[6,11,16,21,22,23,31,31],"damage_taken":[{"damage":4,"enemies":"Small Slimes","floor":1,"turns":5},{"damage":3,"enemies":"Cultist","floor":2,"turns":4},{"damage":11,"enemies":"Jaw Worm","floor":3,"turns":3},{"damage":5,"enemies":"Lots of Slimes","floor":5,"turns":5},{"damage":7,"enemies":"Lagavulin","floor":6,"turns":6},{"damage":4,"enemies":"Exordium Thugs","floor":7,"turns":4},{"damage":1,"enemies":"Exordium Wildlife","floor":8,"turns":3},{"damage":0,"enemies":"3 Sentries","floor":11,"turns":6},{"damage":1,"enemies":"Blue Slaver","floor":13,"turns":2},{"damage":8,"enemies":"The Guardian","floor":16,"turns":7},{"damage":4,"enemies":"2 Thieves","floor":18,"turns":4},{"damage":3,"enemies":"Chosen","floor":19,"turns":5},{"damage":0,"enemies":"Centurion and Healer","floor":21,"turns":2},{"damage":1,"enemies":"Snake Plant","floor":22,"turns":4},{"damage":10,"enemies":"Gremlin Leader","floor":23,"turns":7},{"damage":14,"enemies":"Book of Stabbing","floor":25,"turns":5},{"damage":9,"enemies":"Gremlin Leader","floor":29,"turns":4},{"damage":0,"enemies":"Snecko","floor":30,"turns":3},{"damage":1,"enemies":"Book of Stabbing","floor":31,"turns":4},{"damage":61,"enemies":"Collector","floor":33,"turns":10},{"damage":0,"enemies":"3 Shapes","floor":35,"turns":3},{"damage":0,"enemies":"Orb Walker","floor":37,"turns":1},{"damage":40,"enemies":"4 Shapes","floor":38,"turns":3},{"damage":18,"enemies":"Reptomancer","floor":40,"turns":2}],"seed_played":"8313610565161968821","potions_obtained":[{"floor":1,"key":"Ancient Potion"},{"floor":5,"key":"SmokeBomb"},{"floor":6,"key":"PowerPotion"},{"floor":11,"key":"SteroidPotion"},{"floor":19,"key":"CunningPotion"},{"floor":21,"key":"PowerPotion"},{"floor":22,"key":"Weak Potion"},{"floor":25,"key":"Swift Potion"},{"floor":30,"key":"PowerPotion"}],"is_trial":false,"path_per_floor":["M","M","M","$","M","E","M","M","T","R","E","R","M","?","R","B",null,"M","M","$","M","M","E","R","E","T","?","R","E","M","E","R","B",null,"M","?","M","M","T","E"],"character_chosen":"THE_SILENT","items_purchased":["Backstab","Footwork"],"campfire_rested":0,"item_purchase_floors":[4,20],"current_hp_per_floor":[59,56,45,45,40,33,29,28,28,28,28,28,27,27,27,24,59,55,52,52,57,61,56,56,42,42,42,42,33,33,42,42,6,54,54,54,54,14,14,0,0],"gold":427,"neow_bonus":"THREE_RARE_CARDS","is_daily":false,"chose_seed":false,"campfire_upgraded":6,"win_rate":0.0,"timestamp":1612451810,"path_taken":["M","M","M","$","M","E","M","M","T","R","E","R","M","?","R","BOSS","M","M","?","M","M","E","R","E","T","?","R","E","?","E","R","BOSS","M","?","M","?","?","E"],"items_purchased_type":["Card","Card"],"build_version":"2020-12-22","purchased_purges":1,"victory":false,"max_hp_per_floor":[70,70,70,70,70,70,70,70,70,70,70,70,70,70,70,70,70,70,70,70,70,70,70,70,70,70,70,70,70,70,70,70,70,70,70,70,70,70,70,70,70],"card_choices":[{"not_picked":["Wraith Form v2","Unload"],"picked":"After Image","floor":0},{"not_picked":["Prepared","Dagger Spray"],"picked":"Blade Dance","floor":1},{"not_picked":["Poisoned Stab","Dodge and Roll"],"picked":"Finisher","floor":2},{"not_picked":["Slice","Dagger Spray"],"picked":"Cloak And Dagger","floor":3},{"not_picked":["Predator","Dodge and Roll"],"picked":"Blade Dance","floor":5},{"not_picked":["Flying Knee","Masterful Stab"],"picked":"Finisher","floor":6},{"not_picked":["PiercingWail","Reflex","Skewer"],"picked":"SKIP","floor":7},{"not_picked":["Crippling Poison","Backstab","PiercingWail"],"picked":"SKIP","floor":8},{"not_picked":["A Thousand Cuts","Dash"],"picked":"Accuracy","floor":11},{"not_picked":["Prepared","Acrobatics","Flechettes"],"picked":"SKIP","floor":13},{"not_picked":["Glass Knife","Doppelganger"],"picked":"Tools of the Trade","floor":16},{"not_picked":["Deadly Poison","Deflect","Masterful Stab"],"picked":"SKIP","floor":18},{"not_picked":["Dash","Predator"],"picked":"Caltrops","floor":19},{"not_picked":["Deflect","Slice","Backstab"],"picked":"SKIP","floor":21},{"not_picked":["PiercingWail","Setup","Slice"],"picked":"SKIP","floor":22},{"not_picked":["Quick Slash","Finisher","Prepared"],"picked":"SKIP","floor":23},{"not_picked":["Deflect","Poisoned Stab","Dagger Spray"],"picked":"SKIP","floor":25},{"not_picked":["Glass Knife","Phantasmal Killer"],"picked":"Envenom","floor":29},{"not_picked":["Catalyst","Dagger Throw","Deflect"],"picked":"SKIP","floor":30},{"not_picked":["Distraction","Outmaneuver+1","Bane"],"picked":"SKIP","floor":31},{"not_picked":["Phantasmal Killer","A Thousand Cuts"],"picked":"Bullet Time","floor":33},{"not_picked":["Sucker Punch","Crippling Poison"],"picked":"Accuracy","floor":35},{"not_picked":["Backstab","Dodge and Roll"],"picked":"Tactician","floor":37},{"not_picked":["Acrobatics","Dagger Throw","PiercingWail"],"picked":"SKIP","floor":38}],"player_experience":443817,"relics_obtained":[{"floor":6,"key":"Mummified Hand"},{"floor":9,"key":"War Paint"},{"floor":11,"key":"Toy Ornithopter"},{"floor":23,"key":"Bag of Preparation"},{"floor":25,"key":"Bottled Flame"},{"floor":26,"key":"Ninja Scroll"},{"floor":29,"key":"Pantograph"},{"floor":31,"key":"Tiny Chest"},{"floor":39,"key":"Bottled Lightning"}],"event_choices":[{"damage_healed":0,"gold_gain":0,"cards_transformed":["Strike_G"],"player_choice":"Transformed","damage_taken":0,"max_hp_gain":0,"max_hp_loss":0,"event_name":"Transmorgrifier","floor":14,"gold_loss":0,"cards_obtained":["Backflip"]},{"damage_healed":0,"gold_gain":0,"player_choice":"Traded Relic","damage_taken":0,"relics_obtained":["Nloth\u0027s Gift"],"max_hp_gain":0,"max_hp_loss":0,"event_name":"N\u0027loth","floor":27,"relics_lost":["Ring of the Snake"],"gold_loss":0},{"cards_removed":["Strike_G"],"damage_healed":0,"gold_gain":0,"player_choice":"Purged","damage_taken":0,"max_hp_gain":0,"max_hp_loss":0,"event_name":"Purifier","floor":36,"gold_loss":0}],"is_beta":false,"boss_relics":[{"not_picked":["SacredBark","Runic Pyramid"],"picked":"Astrolabe"},{"not_picked":["Tiny House","Black Star"],"picked":"Sozu"}],"items_purged_floors":[4],"is_endless":false,"potions_floor_spawned":[1,5,6,7,11,19,21,22,25,30,37],"killed_by":"Reptomancer","ascension_level":13}}