{"host":"gttgmv2wah99hzdm","time":1612470794,"event":{"mods":["AchievementEnabler","BaseMod","Bestiary","Block Reminder","Filter the Spire","Minty Spire (QoL Compilation)","Relic Stats","Weighted Paths","ojb\u0027s Info Mod"],"gold_per_floor":[162,172,182,202,202,202,237,251,251,251,2,2,47,73,73,146,146,156,156,56,68,96,96,96],"floor_reached":23,"language":"ENG","playtime":1304,"items_purged":["Strike_R","Strike_R"],"score":398,"play_id":"ee741e05-555d-4859-80e9-ae664ac1f8dd","local_time":"20210204143314","is_ascension_mode":true,"campfire_choices":[{"data":"Evolve","floor":6.0,"key":"SMITH"},{"floor":10.0,"key":"REST"},{"data":"Uppercut","floor":15,"key":"SMITH"}],"circlet_count":0,"master_deck":["AscendersBane","Strike_R","Strike_R","Strike_R","Defend_R","Defend_R","Defend_R","Defend_R","Bash+1","Wild Strike","Pommel Strike","Uppercut+1","Evolve+1","Wild Strike","Feel No Pain","Corruption","Power Through","Impervious","Shockwave"],"relics":["Tiny House","Shuriken","Calipers","Charon\u0027s Ashes","Art of War","Pocketwatch","Snecko Eye","Nilry\u0027s Codex","Red Mask"],"acts_visited":["Exordium","TheCity"],"potions_floor_usage":[14,14,14,16],"damage_taken":[{"damage":0.0,"enemies":"Cultist","floor":1.0,"turns":2.0},{"damage":19.0,"enemies":"Small Slimes","floor":2.0,"turns":4.0},{"damage":7.0,"enemies":"Jaw Worm","floor":3.0,"turns":4.0},{"damage":9.0,"enemies":"3 Louse","floor":4.0,"turns":4.0},{"damage":30.0,"enemies":"3 Sentries","floor":7.0,"turns":7.0},{"damage":11.0,"enemies":"Blue Slaver","floor":8.0,"turns":3.0},{"damage":6,"enemies":"Gremlin Nob","floor":14,"turns":3},{"damage":6,"enemies":"Slime Boss","floor":16,"turns":7},{"damage":10,"enemies":"Shell Parasite","floor":18,"turns":4},{"damage":1,"enemies":"2 Thieves","floor":21,"turns":3},{"damage":14,"enemies":"Masked Bandits","floor":22,"turns":3},{"damage":25,"enemies":"Book of Stabbing","floor":23,"turns":4}],"seed_played":"-591259640709631451","potions_obtained":[{"floor":0.0,"key":"BloodPotion"},{"floor":1.0,"key":"EntropicBrew"},{"floor":7.0,"key":"BloodPotion"},{"floor":14,"key":"HeartOfIron"},{"floor":18,"key":"Block Potion"},{"floor":22,"key":"Energy Potion"}],"is_trial":false,"path_per_floor":["M","M","M","M","?","R","E","M","T","R","$","?","T","E","R","B",null,"M","?","$","M","?","E"],"character_chosen":"IRONCLAD","items_purchased":["Corruption"],"campfire_rested":1,"item_purchase_floors":[11],"current_hp_per_floor":[73,54,47,38,27,27,13,2,2,26,26,26,26,36,36,30,68,58,37,37,36,22,0,0],"gold":96,"neow_bonus":"BOSS_RELIC","is_daily":false,"chose_seed":false,"campfire_upgraded":2,"win_rate":0.0,"timestamp":1612470794,"path_taken":["M","M","?","M","?","R","E","M","T","R","$","?","?","E","R","BOSS","M","?","$","M","?","E"],"items_purchased_type":["Card"],"build_version":"2020-12-22","purchased_purges":2,"victory":false,"max_hp_per_floor":[80,80,80,80,80,80,80,80,80,80,80,80,80,80,80,80,80,80,80,80,80,80,80,80],"relic_stats":{"counters":[12,48],"Shuriken":[9],"Snecko Eye":[34,17,28,26],"Charon\u0027s Ashes":[147],"Art of War":[2],"obtain_stats":[{"Tiny House":0,"Calipers":7,"Shuriken":5,"Nilry\u0027s Codex":19,"Snecko Eye":17,"Charon\u0027s Ashes":9,"Art of War":13,"Red Mask":22,"Burning Blood":0,"Pocketwatch":14},{"Tiny House":0,"Calipers":5,"Shuriken":4,"Nilry\u0027s Codex":9,"Snecko Eye":8,"Charon\u0027s Ashes":6,"Art of War":6,"Red Mask":11,"Burning Blood":0,"Pocketwatch":7},{"Tiny House":0,"Calipers":21,"Shuriken":14,"Nilry\u0027s Codex":38,"Snecko Eye":34,"Charon\u0027s Ashes":24,"Art of War":24,"Red Mask":44,"Burning Blood":0,"Pocketwatch":27}],"Pocketwatch":[27]},"card_choices":[{"not_picked":["Feel No Pain","Pommel Strike"],"picked":"Wild Strike","floor":0.0},{"not_picked":["Dark Embrace","Armaments"],"picked":"Pommel Strike","floor":1.0},{"not_picked":["Clothesline","Twin Strike"],"picked":"Uppercut","floor":2.0},{"not_picked":["Shrug It Off","Rampage"],"picked":"Evolve","floor":3.0},{"not_picked":["Body Slam","Dropkick"],"picked":"Wild Strike","floor":4.0},{"not_picked":["Intimidate","Havoc"],"picked":"Feel No Pain","floor":7.0},{"not_picked":["Pummel","Wild Strike","Berserk"],"picked":"SKIP","floor":8.0},{"not_picked":["Headbutt","Heavy Blade"],"picked":"Power Through","floor":14},{"not_picked":["Juggernaut","Demon Form"],"picked":"Impervious","floor":16},{"not_picked":["Heavy Blade","Rage"],"picked":"Shockwave","floor":18},{"not_picked":["Seeing Red","Body Slam+1","Metallicize"],"picked":"SKIP","floor":21}],"player_experience":1097837,"relics_obtained":[{"floor":7.0,"key":"Calipers"},{"floor":9.0,"key":"Charon\u0027s Ashes"},{"floor":13.0,"key":"Art of War"},{"floor":14,"key":"Pocketwatch"},{"floor":19,"key":"Nilry\u0027s Codex"},{"floor":22,"key":"Red Mask"}],"event_choices":[{"damage_healed":0.0,"max_hp_gain":0.0,"max_hp_loss":0.0,"gold_gain":0.0,"event_name":"Scrap Ooze","player_choice":"Success","floor":5.0,"gold_loss":0.0,"damage_taken":11.0,"relics_obtained":["Shuriken"]},{"damage_healed":0.0,"max_hp_gain":0.0,"max_hp_loss":0.0,"gold_gain":0.0,"event_name":"Shining Light","player_choice":"Ignored","floor":12.0,"gold_loss":0.0,"damage_taken":0.0},{"damage_healed":0,"gold_gain":0,"player_choice":"Obtained Book","damage_taken":21,"max_hp_gain":0,"max_hp_loss":0,"event_name":"Cursed Tome","floor":19,"gold_loss":0},{"damage_healed":0,"gold_gain":0,"player_choice":"Fought Bandits","damage_taken":0,"max_hp_gain":0,"max_hp_loss":0,"event_name":"Masked Bandits","floor":22,"gold_loss":0}],"is_beta":false,"boss_relics":[{"not_picked":["Runic Pyramid","SacredBark"],"picked":"Snecko Eye"}],"items_purged_floors":[11,20],"is_endless":false,"potions_floor_spawned":[1,7,14,18,22],"killed_by":"Book of Stabbing","ascension_level":20}}