{"host":"6dypmz777xraikqf","time":1612450526,"event":{"mods":["AchievementEnabler","BaseMod","BetterRewards","Colored Map","Colored Powertips","Downfall","Highlight Path","Hubris","Infinite Spire","Minty Spire (QoL Compilation)","Replay The Spire","StSLib"],"gold_per_floor":[112,126,140,140,160,160,125,152,152,152,169,199,199,199,199,301,301,311,323,336,356,356,387,401,431,484,512,512,532,567,577,577,672,672,687,700,700,718,335,362,362,391,465,465,475,505,430,444,444,444,444,444,56,284,284],"floor_reached":56,"language":"ENG","playtime":2404,"items_purged":["Strike_R","Strike_R","Strike_R","Defend_R","Defend_R"],"score":2975,"play_id":"48f2bb26-ac5a-4820-bae1-ea8679ed1873","local_time":"20210204145526","is_ascension_mode":true,"campfire_choices":[{"data":"1","floor":6.0,"key":"LIFT"},{"data":"Apotheosis","floor":15,"key":"SMITH"},{"floor":32,"key":"DIG"},{"floor":41,"key":"RECALL"},{"data":"Offering","floor":44,"key":"SMITH"},{"data":"sneckomod:QuickBite","floor":49,"key":"SMITH"},{"data":"hubris:InfiniteBlow+31","floor":52,"key":"SMITH"}],"circlet_count":0,"master_deck":["AscendersBane","Strike_R+1","Strike_R+1","Bash","Replay:Dark Deal","Apotheosis+1","hubris:InfiniteBlow+32","Offering+1","Havoc","Clothesline","Sever Soul","Impervious","sneckomod:QuickBite+1","Shrug It Off","Flex","Havoc","Havoc","Feel No Pain","Whirlwind","Power Through","Feel No Pain","Headbutt","Reaper","Fire Breathing","Warcry+1","Life Link+1","Finesse","Guardian:Recover+1","sneckomod:UnendingSupply","Battle Trance","Evolve","Stack+1"],"relics":["Burning Blood","Simple Rune","Lizard Tail","Membership Card","Girya","hubris:GlazedTorus","Replay:Baseball","Kunai","Shuriken","Replay:Mystery Machine","Honey Jar","Boot","hubris:PeanutButter","hubris:TenFootPole","Replay:Ringing Soul","Ancient Tea Set","infinitespire:Lucky Rock","hubris:GrandSneckoEye","Replay:Bottled Steam","ReplayTheSpireMod:Spearhead","PrismaticShard","Blue Doll","infinitespire:Beetle Shell","hubris:MobiusCoin","ClockworkSouvenir","Bag of Marbles","ReplayFunnel","Centennial Puzzle"],"acts_visited":["Exordium","TheCity","TheBeyond","TheEnding"],"potions_floor_usage":[54,55],"damage_taken":[{"damage":12.0,"enemies":"Small Slimes","floor":1.0,"turns":4.0},{"damage":8.0,"enemies":"2 Louse","floor":2.0,"turns":3.0},{"damage":8.0,"enemies":"Jaw Worm","floor":3.0,"turns":4.0},{"damage":5.0,"enemies":"Large Slime","floor":5.0,"turns":7.0},{"damage":25.0,"enemies":"Gremlin Gang","floor":11.0,"turns":8.0},{"damage":4.0,"enemies":"3 Sentries","floor":12.0,"turns":7.0},{"damage":0,"enemies":"The Guardian","floor":16,"turns":1},{"damage":0,"enemies":"2 Thieves","floor":18,"turns":1},{"damage":0,"enemies":"Shell Parasite","floor":19,"turns":1},{"damage":6,"enemies":"Cultist and Chosen","floor":20,"turns":2},{"damage":0,"enemies":"3 Cultists","floor":21,"turns":3},{"damage":20,"enemies":"Slavers","floor":23,"turns":3},{"damage":0,"enemies":"Shelled Parasite and Fungi","floor":24,"turns":2},{"damage":6,"enemies":"Replay:Snechameleon","floor":25,"turns":1},{"damage":0,"enemies":"Gremlin Leader","floor":27,"turns":1},{"damage":0,"enemies":"Cultist and Chosen","floor":29,"turns":2},{"damage":0,"enemies":"Replay:Snechameleon","floor":30,"turns":2},{"damage":0,"enemies":"Snecko","floor":31,"turns":1},{"damage":0,"enemies":"hubris:MusketHawk","floor":33,"turns":2},{"damage":0,"enemies":"3 Shapes","floor":35,"turns":2},{"damage":0,"enemies":"Orb Walker","floor":36,"turns":1},{"damage":0,"enemies":"Maw","floor":38,"turns":1},{"damage":0,"enemies":"Reptomancer","floor":40,"turns":2},{"damage":0,"enemies":"R_Hoarder","floor":42,"turns":3},{"damage":0,"enemies":"3 Darklings","floor":45,"turns":4},{"damage":1,"enemies":"Nemesis","floor":46,"turns":3},{"damage":0,"enemies":"Sphere and 2 Shapes","floor":48,"turns":2},{"damage":0,"enemies":"Time Eater","floor":50,"turns":2},{"damage":5,"enemies":"Shield and Spear","floor":54,"turns":3},{"damage":5,"enemies":"The Heart","floor":55,"turns":6}],"seed_played":"5538412536735664313","potions_obtained":[{"floor":2.0,"key":"Energy Potion"},{"floor":5.0,"key":"Weak Potion"},{"floor":18,"key":"BlessingOfTheForge"},{"floor":20,"key":"Swift Potion"},{"floor":21,"key":"Explosive Potion"},{"floor":24,"key":"DuplicationPotion"},{"floor":30,"key":"EssenceOfSteel"},{"floor":33,"key":"Guardian:BlockOnCardUsePotion"},{"floor":38,"key":"Fire Potion"},{"floor":40,"key":"Block Potion"},{"floor":54,"key":"LifebloodPotion"}],"is_trial":false,"path_per_floor":["M","M","M","?","M","R","?","T","T","?","M","E","AVR","?","R","B",null,"M","M","M","M","?","E","M","E","T","E","?","M","E","M","R_BF","B",null,"M","M","?","M","$","E","R","E","T","R","M","E","$","M","R","B",null,"R","$","E","B",null],"character_chosen":"IRONCLAD","items_purchased":["Simple Rune","Membership Card","Replay:Dark Deal","Apotheosis","Replay:Bottled Steam","ReplayTheSpireMod:Spearhead","PrismaticShard","Finesse","ClockworkSouvenir","Bag of Marbles","ReplayFunnel","Battle Trance","Evolve"],"campfire_rested":0,"item_purchase_floors":[0,0,0,0,39,39,39,39,53,53,53,53,53],"current_hp_per_floor":[42,40,38,31,32,32,52,52,52,52,33,35,35,61,61,67,77,80,80,80,80,80,66,72,72,72,81,84,89,92,95,95,98,98,101,104,104,107,110,113,113,116,116,116,116,116,116,116,116,116,116,116,119,122,122],"gold":284,"neow_bonus":"","is_daily":false,"chose_seed":false,"campfire_upgraded":4,"win_rate":0.0,"timestamp":1612450526,"path_taken":["M","M","M","?","M","R","?","?","T","?","?","E","$","?","R","BOSS","M","M","M","M","?","E","M","E","T","E","?","M","E","M","R_BF","BOSS","M","M","?","M","$","E","R","E","T","R","M","E","$","?","R","BOSS","R","$","E","BOSS"],"items_purchased_type":["Relic","Relic","Card","Card","Relic","Relic","Relic","Card","Relic","Relic","Relic","Card","Card"],"build_version":"2020-12-22","purchased_purges":5,"victory":true,"max_hp_per_floor":[80,80,80,80,80,80,80,80,80,80,80,80,80,80,80,80,80,80,80,80,80,80,80,80,80,80,83,86,89,92,95,95,98,98,101,104,104,107,110,113,113,116,116,116,116,116,116,116,116,116,116,116,119,122,122],"card_choices":[{"not_picked":["Replay:Undeath\u0027s Touch","Run Through","Inflame"],"picked":"SKIP","floor":1.0},{"not_picked":["Life Link","Thunderclap","Flex"],"picked":"SKIP","floor":2.0},{"not_picked":["Clash","Sever Soul","Carnage"],"picked":"SKIP","floor":3.0},{"not_picked":["ReplayTheSpireMod:Muscle Training","Anger","Perfected Strike"],"picked":"SKIP","floor":5.0},{"not_picked":["Perfected Strike","Spot Weakness","Hemogenesis"],"picked":"SKIP","floor":11.0},{"not_picked":["Combust","Bloodletting","Clash"],"picked":"SKIP","floor":12.0},{"not_picked":["Immolate","Eclipse"],"picked":"Offering","floor":16},{"not_picked":["Anger","Cleave","Heavy Blade"],"picked":"Havoc","floor":18},{"not_picked":["Perfected Strike","Bloodletting","Entrench"],"picked":"Clothesline","floor":19},{"not_picked":["Blood for Blood","Twin Strike+1","hubris:CleavingFinish"],"picked":"Sever Soul","floor":20},{"not_picked":["hubris:CleavingFinish","Anger","Dual Wield"],"picked":"Impervious","floor":21},{"not_picked":["Havoc","Cleave+1","Ghostly Armor"],"picked":"Shrug It Off","floor":23},{"not_picked":["Defy Death","Inflame","ReplayTheSpireMod:Strike From Hell"],"picked":"Flex","floor":24},{"not_picked":["Twin Strike","Reaper","Clothesline"],"picked":"Havoc","floor":25},{"not_picked":["Replay:Undeath\u0027s Touch","Perfected Strike","Body Slam"],"picked":"Havoc","floor":27},{"not_picked":["ReplayTheSpireMod:Corrosion Curse","Entrench","Armaments"],"picked":"Power Through","floor":29},{"not_picked":["Wild Strike","Flex+1","Replay:Undeath\u0027s Touch"],"picked":"Feel No Pain","floor":30},{"not_picked":["Spot Weakness","Replay:Undeath\u0027s Touch","Iron Wave"],"picked":"Headbutt","floor":31},{"not_picked":["Replay:Many Hands","Immolate","Hemogenesis"],"picked":"Reaper","floor":33},{"not_picked":["ReplayTheSpireMod:Strike From Hell","Clash","Rupture+1"],"picked":"Fire Breathing","floor":35},{"not_picked":["Clothesline","Anger","Perfected Strike"],"picked":"Warcry+1","floor":36},{"not_picked":["Defy Death+1","True Grit","Flex"],"picked":"Life Link+1","floor":38},{"not_picked":["sneckomod:UnknownCommonAttack","Caltrops","hexamod:UnleashSpirits"],"picked":"Guardian:Recover+1","floor":40},{"not_picked":["ReplayTheSpireMod:Shiv Toss+1","champ:FanOfKnives","Catalyst"],"picked":"sneckomod:UnendingSupply","floor":42},{"not_picked":["sneckomod:UnknownClassGREEN+1","Slimebound:Equalize","Guardian:Gem_Crimson","hexamod:BacktrackSmack+1"],"picked":"SKIP","floor":45},{"not_picked":["DeceiveReality","sneckomod:Unknown1Cost","Guardian:SpikerProtocol","hexamod:GhostOfSpireFuture"],"picked":"SKIP","floor":46},{"not_picked":["Crescendo","hexamod:InspiringFlames","MentalFortress+1","Toxin Wave"],"picked":"SKIP","floor":48},{"not_picked":["Guardian:Gem_Lightblue","sneckomod:UnknownCommonAttack+1","BasicCrystalCard"],"picked":"Stack+1","floor":54}],"player_experience":196932,"relics_obtained":[{"floor":8.0,"key":"Replay:Baseball"},{"floor":9.0,"key":"Kunai"},{"floor":12.0,"key":"Replay:Mystery Machine"},{"floor":23,"key":"Boot"},{"floor":25,"key":"hubris:PeanutButter"},{"floor":26,"key":"hubris:TenFootPole"},{"floor":27,"key":"Replay:Ringing Soul"},{"floor":30,"key":"Ancient Tea Set"},{"floor":32,"key":"infinitespire:Lucky Rock"},{"floor":40,"key":"Blue Doll"},{"floor":42,"key":"infinitespire:Beetle Shell"},{"floor":46,"key":"hubris:MobiusCoin"},{"floor":54,"key":"Centennial Puzzle"}],"event_choices":[{"cards_removed":["Thunderclap"],"damage_healed":0.0,"max_hp_gain":0.0,"max_hp_loss":0.0,"gold_gain":0.0,"event_name":"Golden Wing","player_choice":"Card Removal","floor":4.0,"gold_loss":0.0,"damage_taken":7.0},{"damage_healed":20.0,"max_hp_gain":0.0,"max_hp_loss":0.0,"gold_gain":0.0,"event_name":"The Cleric","player_choice":"Healed","floor":7.0,"gold_loss":35.0,"damage_taken":0.0},{"damage_healed":0.0,"max_hp_gain":0.0,"max_hp_loss":0.0,"gold_gain":0.0,"event_name":"WeMeetAgain","player_choice":"Gave Potion","floor":10.0,"gold_loss":0.0,"damage_taken":0.0,"relics_obtained":["Shuriken"]},{"damage_healed":26,"gold_gain":0,"player_choice":"Banana","damage_taken":0,"max_hp_gain":0,"max_hp_loss":0,"event_name":"Big Fish","floor":14,"gold_loss":0},{"damage_healed":0,"gold_gain":0,"player_choice":"Read","damage_taken":0,"max_hp_gain":0,"max_hp_loss":0,"event_name":"The Library","floor":22,"gold_loss":0,"cards_obtained":["sneckomod:QuickBite"]},{"damage_healed":0,"gold_gain":0,"cards_transformed":["Defend_R","Defend_R"],"player_choice":"Became Test Subject","damage_taken":0,"max_hp_gain":0,"max_hp_loss":0,"event_name":"Drug Dealer","floor":28,"gold_loss":0,"cards_obtained":["Feel No Pain","Whirlwind"]},{"damage_healed":0,"gold_gain":0,"player_choice":"Upgraded","damage_taken":0,"max_hp_gain":0,"max_hp_loss":0,"event_name":"Upgrade Shrine","floor":37,"gold_loss":0,"cards_upgraded":["hubris:InfiniteBlow"]}],"is_beta":false,"boss_relics":[{"not_picked":["Black Blood","Replay:Wanted Poster"],"picked":"Honey Jar"},{"not_picked":["hubris:CrackedHourglass","hubris:VirtuousBlindfold"],"picked":"hubris:GrandSneckoEye"}],"items_purged_floors":[0,0,39,47,53],"is_endless":false,"potions_floor_spawned":[2,5,18,20,21,24,30,33,38,40,46,54],"ascension_level":12}}