{"host":"mnpd8gh7cwxsn5kh","time":1612465250,"event":{"mods":["BaseMod","Bestiary","Block Reminder","Colored Map","Colored Powertips","Highlight Path","Minty Spire (QoL Compilation)","Relic Sorter","Relic Stats"],"gold_per_floor":[114,189,17,32,32,63,63,94,147,179,179,202,214,248,248,350,350,361,361,71,101,115,448,448,479,479,479,511,526,541,541,541,644,644,657,290,345,362,378,410,113,113,113,124,144,175,191,225,225,225,225,225,21,50,50],"floor_reached":56,"language":"ENG","playtime":7792,"items_purged":["Clumsy","Writhe","Strike_B","Defend_B","Parasite"],"score":1919,"play_id":"da9be171-f8ea-45c5-9ddb-cd3d5bb19317","local_time":"20210204200050","is_ascension_mode":true,"campfire_choices":[{"data":"Self Repair","floor":7,"key":"SMITH"},{"data":"Creative AI","floor":15,"key":"SMITH"},{"data":"Defragment","floor":24,"key":"SMITH"},{"data":"Machine Learning","floor":32,"key":"SMITH"},{"floor":49,"key":"RECALL"},{"data":"Defragment","floor":52,"key":"SMITH"}],"circlet_count":0,"master_deck":["Strike_B","Strike_B","Defend_B","Defend_B","Defend_B","Zap","Dualcast+1","Coolheaded","Ball Lightning+1","Self Repair+1","Leap","Rebound","Defragment+1","Conserve Battery+1","Steam+1","Creative AI+1","Machine Learning+1","Capacitor+1","Coolheaded+1","Tempest+1","Reinforced Body+1","Amplify+1","Force Field+1","Double Energy+1","BootSequence+1","Cold Snap+1","Cold Snap+1","Fission+1","Consume+1","Coolheaded+1","Master of Strategy+1","Reinforced Body+1","Self Repair+1","Coolheaded+1","Defragment+1","Undo+1","Loop+1","Glacier+1","Force Field+1","Heatsinks+1"],"relics":["Cracked Core","Mango","Strawberry","Ornamental Fan","Oddly Smooth Stone","Toxic Egg 2","Ancient Tea Set","Bronze Scales","Nuclear Battery","Nunchaku","Toy Ornithopter","Red Mask","Old Coin","Akabeko","CaptainsWheel","Orichalcum","Inserter","StoneCalendar","Calipers","Membership Card","Centennial Puzzle","Bag of Preparation","Runic Capacitor","Gremlin Horn"],"acts_visited":["Exordium","TheCity","TheBeyond","TheEnding"],"potions_floor_usage":[14,16,18,21,23,25,30,37,40,40,44,54],"damage_taken":[{"damage":2,"enemies":"2 Louse","floor":1,"turns":2},{"damage":7,"enemies":"Jaw Worm","floor":4,"turns":3},{"damage":19,"enemies":"Gremlin Nob","floor":6,"turns":4},{"damage":13,"enemies":"Lagavulin","floor":8,"turns":7},{"damage":8,"enemies":"3 Sentries","floor":10,"turns":10},{"damage":3,"enemies":"Small Slimes","floor":13,"turns":3},{"damage":21,"enemies":"Gremlin Nob","floor":14,"turns":4},{"damage":30,"enemies":"Hexaghost","floor":16,"turns":8},{"damage":6,"enemies":"Spheric Guardian","floor":18,"turns":5},{"damage":23,"enemies":"Masked Bandits","floor":21,"turns":4},{"damage":0,"enemies":"Chosen","floor":22,"turns":4},{"damage":40,"enemies":"Slavers","floor":23,"turns":4},{"damage":33,"enemies":"Gremlin Leader","floor":25,"turns":6},{"damage":0,"enemies":"Book of Stabbing","floor":28,"turns":7},{"damage":9,"enemies":"Snecko","floor":29,"turns":6},{"damage":15,"enemies":"Shelled Parasite and Fungi","floor":30,"turns":7},{"damage":1,"enemies":"Champ","floor":33,"turns":10},{"damage":0,"enemies":"3 Shapes","floor":35,"turns":4},{"damage":6,"enemies":"2 Orb Walkers","floor":37,"turns":5},{"damage":3,"enemies":"3 Darklings","floor":38,"turns":4},{"damage":33,"enemies":"Jaw Worm Horde","floor":39,"turns":4},{"damage":1,"enemies":"Reptomancer","floor":40,"turns":11},{"damage":12,"enemies":"Maw","floor":44,"turns":8},{"damage":1,"enemies":"Writhing Mass","floor":45,"turns":7},{"damage":23,"enemies":"Nemesis","floor":46,"turns":7},{"damage":13,"enemies":"Sphere and 2 Shapes","floor":47,"turns":7},{"damage":0,"enemies":"Giant Head","floor":48,"turns":9},{"damage":0,"enemies":"Time Eater","floor":50,"turns":10},{"damage":0,"enemies":"Shield and Spear","floor":54,"turns":11},{"damage":35,"enemies":"The Heart","floor":55,"turns":8}],"seed_played":"5234983194915251184","potions_obtained":[{"floor":1,"key":"Fruit Juice"},{"floor":10,"key":"BlessingOfTheForge"},{"floor":13,"key":"PotionOfCapacity"},{"floor":14,"key":"Explosive Potion"},{"floor":16,"key":"Regen Potion"},{"floor":18,"key":"EntropicBrew"},{"floor":21,"key":"EssenceOfDarkness"},{"floor":23,"key":"LiquidMemories"},{"floor":29,"key":"ColorlessPotion"},{"floor":30,"key":"Regen Potion"},{"floor":33,"key":"Energy Potion"},{"floor":39,"key":"Dexterity Potion"},{"floor":44,"key":"GamblersBrew"}],"is_trial":false,"path_per_floor":["M","?","$","M","?","E","R","E","T","E","?","T","M","E","R","B",null,"M","?","$","?","M","E","R","E","T","?","E","M","M","?","R","B",null,"M","$","?","M","M","E","$","?","T","M","M","E","M","E","R","B",null,"R","$","E","B",null],"character_chosen":"DEFECT","items_purchased":["Ball Lightning","Self Repair","Coolheaded+1","Toy Ornithopter","Coolheaded+1","Master of Strategy+1","Membership Card","Coolheaded+1","Defragment","Force Field+1","Runic Capacitor"],"campfire_rested":0,"item_purchase_floors":[3,3,20,20,36,36,41,41,41,53,53],"current_hp_per_floor":[80,69,69,69,51,46,46,43,43,45,77,77,84,73,73,53,85,94,94,94,86,96,80,80,62,62,62,82,93,101,101,101,101,101,101,101,101,101,78,101,101,96,96,96,96,83,90,96,96,96,96,96,93,93,78],"gold":50,"neow_bonus":"ONE_RARE_RELIC","is_daily":false,"chose_seed":false,"campfire_upgraded":5,"win_rate":0.0,"timestamp":1612465250,"path_taken":["M","?","$","M","?","E","R","E","T","E","?","?","?","E","R","BOSS","M","?","$","?","M","E","R","E","T","?","E","M","?","?","R","BOSS","M","?","?","M","M","E","$","?","T","M","M","E","M","E","R","BOSS","R","$","E","BOSS"],"items_purchased_type":["Card","Card","Card","Relic","Card","Card","Relic","Card","Card","Card","Relic"],"build_version":"2020-12-22","purchased_purges":5,"victory":true,"max_hp_per_floor":[89,89,89,89,89,96,96,96,96,96,96,96,96,96,96,96,96,101,101,101,101,101,101,101,101,101,101,101,101,101,101,101,101,101,101,101,101,101,101,101,101,96,96,96,96,96,96,96,96,96,96,96,93,93,93],"relic_stats":{"Nunchaku":[10],"Centennial Puzzle":[6],"Inserter":[38],"Gremlin Horn":[0,0],"counters":[30,188],"Ornamental Fan":[48],"Bronze Scales":[568],"StoneCalendar":[387],"Bag of Preparation":[6],"Orichalcum":[84],"obtain_stats":[{"Inserter":34,"Calipers":40,"Gremlin Horn":54,"Oddly Smooth Stone":9,"Mango":0,"StoneCalendar":37,"Bag of Preparation":48,"Runic Capacitor":53,"Orichalcum":28,"Ancient Tea Set":12,"Akabeko":25,"Nuclear Battery":17,"Old Coin":23,"Nunchaku":19,"CaptainsWheel":26,"Centennial Puzzle":46,"Ornamental Fan":8,"Strawberry":6,"Bronze Scales":14,"Red Mask":21,"Membership Card":41,"Toxic Egg 2":10,"Cracked Core":0,"Toy Ornithopter":20},{"Inserter":17,"Calipers":22,"Gremlin Horn":29,"Oddly Smooth Stone":4,"Mango":0,"StoneCalendar":19,"Bag of Preparation":27,"Runic Capacitor":28,"Orichalcum":14,"Ancient Tea Set":5,"Akabeko":13,"Nuclear Battery":8,"Old Coin":12,"Nunchaku":9,"CaptainsWheel":13,"Centennial Puzzle":25,"Ornamental Fan":4,"Strawberry":3,"Bronze Scales":7,"Red Mask":10,"Membership Card":22,"Toxic Egg 2":5,"Cracked Core":0,"Toy Ornithopter":9},{"Inserter":94,"Calipers":121,"Gremlin Horn":180,"Oddly Smooth Stone":16,"Mango":0,"StoneCalendar":103,"Bag of Preparation":159,"Runic Capacitor":169,"Orichalcum":71,"Ancient Tea Set":26,"Akabeko":64,"Nuclear Battery":41,"Old Coin":58,"Nunchaku":46,"CaptainsWheel":64,"Centennial Puzzle":143,"Ornamental Fan":16,"Strawberry":9,"Bronze Scales":33,"Red Mask":50,"Membership Card":121,"Toxic Egg 2":26,"Cracked Core":0,"Toy Ornithopter":46}],"Toy Ornithopter":30},"card_choices":[{"not_picked":["Compile Driver","White Noise"],"picked":"Coolheaded","floor":1},{"not_picked":["Darkness","Consume"],"picked":"Leap","floor":4},{"not_picked":["Turbo","Machine Learning"],"picked":"Rebound","floor":6},{"not_picked":["Leap","Hello World"],"picked":"Defragment","floor":8},{"not_picked":["Force Field+1","Compile Driver"],"picked":"Conserve Battery+1","floor":10},{"not_picked":["Sweeping Beam","Blizzard"],"picked":"Steam+1","floor":13},{"not_picked":["Hologram+1","Steam Power+1"],"picked":"Creative AI","floor":14},{"not_picked":["Meteor Strike","All For One"],"picked":"Machine Learning","floor":16},{"not_picked":["Beam Cell","Cold Snap+1"],"picked":"Capacitor+1","floor":18},{"not_picked":["Fusion+1","Gash"],"picked":"Tempest+1","floor":21},{"not_picked":["Rebound","Recycle+1"],"picked":"Reinforced Body+1","floor":22},{"not_picked":["Consume+1","Darkness+1"],"picked":"Amplify+1","floor":23},{"not_picked":["Gash","FTL+1"],"picked":"Force Field+1","floor":25},{"not_picked":["Rebound","Chaos+1"],"picked":"BootSequence+1","floor":28},{"not_picked":["Beam Cell","Redo+1"],"picked":"Cold Snap+1","floor":29},{"not_picked":["Redo+1","Compile Driver"],"picked":"Cold Snap+1","floor":30},{"not_picked":["All For One","Machine Learning"],"picked":"Fission+1","floor":33},{"not_picked":["Leap+1","Steam+1"],"picked":"Consume+1","floor":35},{"not_picked":["Beam Cell+1","Cold Snap"],"picked":"Reinforced Body+1","floor":38},{"not_picked":["Compile Driver+1","Ball Lightning+1"],"picked":"Self Repair+1","floor":39},{"not_picked":["Ball Lightning","Redo+1","Loop"],"picked":"SKIP","floor":40},{"not_picked":["Coolheaded+1","Cold Snap+1","Stack+1"],"picked":"SKIP","floor":44},{"not_picked":["BootSequence+1","Defragment","White Noise+1"],"picked":"SKIP","floor":45},{"not_picked":["Reinforced Body+1","Coolheaded+1"],"picked":"Undo+1","floor":46},{"not_picked":["Conserve Battery+1","Chill+1"],"picked":"Loop+1","floor":47},{"not_picked":["Thunder Strike","Melter"],"picked":"Glacier+1","floor":48},{"not_picked":["Steam+1","BootSequence+1"],"picked":"Heatsinks+1","floor":54}],"player_experience":290259,"relics_obtained":[{"floor":6,"key":"Strawberry"},{"floor":8,"key":"Ornamental Fan"},{"floor":9,"key":"Oddly Smooth Stone"},{"floor":10,"key":"Toxic Egg 2"},{"floor":12,"key":"Ancient Tea Set"},{"floor":14,"key":"Bronze Scales"},{"floor":21,"key":"Red Mask"},{"floor":23,"key":"Old Coin"},{"floor":25,"key":"Akabeko"},{"floor":26,"key":"CaptainsWheel"},{"floor":28,"key":"Orichalcum"},{"floor":37,"key":"StoneCalendar"},{"floor":40,"key":"Calipers"},{"floor":46,"key":"Centennial Puzzle"},{"floor":48,"key":"Bag of Preparation"},{"floor":54,"key":"Gremlin Horn"}],"event_choices":[{"damage_healed":0,"gold_gain":75,"player_choice":"Gather Gold","damage_taken":11,"max_hp_gain":0,"max_hp_loss":0,"event_name":"World of Goop","floor":2,"gold_loss":0},{"damage_healed":0,"gold_gain":0,"player_choice":"Entered Light","damage_taken":18,"max_hp_gain":0,"max_hp_loss":0,"event_name":"Shining Light","floor":5,"gold_loss":0,"cards_upgraded":["Ball Lightning","Dualcast"]},{"damage_healed":32,"gold_gain":0,"player_choice":"Banana","damage_taken":0,"max_hp_gain":0,"max_hp_loss":0,"event_name":"Big Fish","floor":11,"gold_loss":0},{"damage_healed":0,"gold_gain":0,"player_choice":"Opened","damage_taken":0,"relics_obtained":["Nunchaku"],"max_hp_gain":0,"max_hp_loss":0,"event_name":"The Mausoleum","floor":19,"gold_loss":0,"cards_obtained":["Writhe"]},{"damage_healed":0,"gold_gain":0,"player_choice":"Fought Bandits","damage_taken":0,"max_hp_gain":0,"max_hp_loss":0,"event_name":"Masked Bandits","floor":21,"gold_loss":0},{"damage_healed":0,"gold_gain":0,"cards_transformed":["Strike_B"],"player_choice":"Transformed","damage_taken":0,"max_hp_gain":0,"max_hp_loss":0,"event_name":"Transmorgrifier","floor":27,"gold_loss":0,"cards_obtained":["Double Energy"]},{"damage_healed":0,"gold_gain":0,"player_choice":"Ignored","damage_taken":0,"max_hp_gain":0,"max_hp_loss":0,"event_name":"N\u0027loth","floor":31,"gold_loss":0},{"damage_healed":0,"gold_gain":0,"player_choice":"Fight","damage_taken":0,"max_hp_gain":0,"max_hp_loss":0,"event_name":"Mysterious Sphere","floor":37,"gold_loss":0},{"damage_healed":0,"gold_gain":0,"player_choice":"Max HP","damage_taken":0,"max_hp_gain":0,"max_hp_loss":5,"event_name":"Winding Halls","floor":42,"gold_loss":0}],"is_beta":false,"boss_relics":[{"not_picked":["Black Star","Fusion Hammer"],"picked":"Nuclear Battery"},{"not_picked":["SlaversCollar","Cursed Key"],"picked":"Inserter"}],"items_purged_floors":[3,20,36,41,53],"is_endless":false,"potions_floor_spawned":[1,10,13,14,16,18,21,23,29,30,33,39,44,45,46],"ascension_level":8}}