{"host":"bcxgpd1eu8czocm9","time":1612443933,"event":{"mods":["BaseMod","Downfall","Minty Spire (QoL Compilation)","Quick Restart","Replay The Spire","Spicy Shops","StSLib","¡¾ÒÅÎï¿¨ÅÆ¡¿REMEMod"],"gold_per_floor":[269,288,299,299,317,351,370,370,370,386,229,240,257,273,273,273,273],"floor_reached":16,"language":"ZHS","playtime":670,"items_purged":["Strike_R"],"score":133,"play_id":"1c88c63d-6e5a-42fe-a463-92ff3bef0fa0","local_time":"20210204210533","is_ascension_mode":false,"campfire_choices":[{"data":"Searing Blow","floor":8,"key":"SMITH"},{"data":"Searing Blow+1","floor":15,"key":"SMITH"}],"circlet_count":0,"master_deck":["Strike_R","Strike_R","Strike_R","Strike_R","Defend_R","Defend_R","Defend_R","Defend_R","Guardian:ConstructionForm","Searing Blow+2","True Grit","Headbutt","Seeing Red+1","Dual Wield","Armaments","Life Link+1","Disarm"],"relics":["Burning Blood","REME_ComplimentaryCards","Calipers","Golden Egg"],"acts_visited":["Exordium"],"potions_floor_usage":[],"damage_taken":[{"damage":11,"enemies":"Jaw Worm","floor":1,"turns":4},{"damage":6,"enemies":"Cultist","floor":2,"turns":4},{"damage":0,"enemies":"2 Louse","floor":3,"turns":4},{"damage":0,"enemies":"Red Slaver","floor":5,"turns":3},{"damage":0,"enemies":"Lagavulin","floor":6,"turns":7},{"damage":14,"enemies":"Blue Slaver","floor":7,"turns":6},{"damage":1,"enemies":"2 Fungi Beasts","floor":10,"turns":4},{"damage":5,"enemies":"Exordium Wildlife","floor":12,"turns":4},{"damage":0,"enemies":"Blue Slaver","floor":13,"turns":4},{"damage":4,"enemies":"Exordium Thugs","floor":14,"turns":5},{"damage":102,"enemies":"Fading Forest","floor":16,"turns":9}],"seed_played":"8711272926153086255","potions_obtained":[{"floor":2,"key":"Doom Potion"},{"floor":5,"key":"Ancient Potion"},{"floor":7,"key":"ElixirPotion"},{"floor":10,"key":"LiquidMemories"}],"is_trial":false,"path_per_floor":["M","M","M","?","M","E","M","R","T","M","$","M","M","M","R","B"],"character_chosen":"IRONCLAD","items_purchased":["Life Link+1"],"campfire_rested":0,"item_purchase_floors":[11],"current_hp_per_floor":[75,75,80,80,80,80,72,72,72,77,77,78,80,80,80,0,0],"gold":273,"neow_bonus":"TWO_FIFTY_GOLD","is_daily":false,"chose_seed":false,"campfire_upgraded":2,"win_rate":0.0,"timestamp":1612443933,"path_taken":["M","M","M","?","M","E","M","R","T","M","$","M","M","M","R","BOSS"],"items_purchased_type":["Card"],"build_version":"2020-12-22","purchased_purges":1,"victory":false,"max_hp_per_floor":[80,80,80,80,80,80,80,80,80,80,80,80,80,80,80,80,80],"card_choices":[{"not_picked":["Cleave","Replay:Undeath\u0027s Touch"],"picked":"Searing Blow","floor":1},{"not_picked":["Dark Embrace","Clothesline"],"picked":"True Grit","floor":2},{"not_picked":["Armaments","Burning Pact"],"picked":"Headbutt","floor":3},{"not_picked":["Cleave","Sword Boomerang"],"picked":"Dual Wield","floor":5},{"not_picked":["Headbutt","Clash"],"picked":"Armaments","floor":6},{"not_picked":["Immolate","Havoc","Iron Wave"],"picked":"SKIP","floor":7},{"not_picked":["Combust","Inflame","Headbutt"],"picked":"SKIP","floor":10},{"not_picked":["Clothesline","Pommel Strike","REME_FearOfPain"],"picked":"SKIP","floor":12},{"not_picked":["Perfected Strike","Armaments","Defy Death"],"picked":"SKIP","floor":13},{"not_picked":["ReplayTheSpireMod:Strike From Hell","Sword Boomerang"],"picked":"Disarm","floor":14}],"player_experience":439674,"relics_obtained":[{"floor":6,"key":"Calipers"},{"floor":9,"key":"Golden Egg"}],"event_choices":[],"is_beta":false,"boss_relics":[],"items_purged_floors":[11],"is_endless":false,"potions_floor_spawned":[2,5,7,10,14],"killed_by":"Fading Forest","ascension_level":0}}