{"host":"ko40t1o51xotjt2v","time":1612475339,"event":{"mods":["2.2 Compatiblity","AchievementEnabler","Aspiration","BaseMod","Better Match","Better Third Choice","Better Vampires","Conspire","Downfall","Energized Spire","GifTheSpireLib","Halation","Hubris","Jedi Mod","Minty Spire (QoL Compilation)","MostiFishMod","Reliquary","Spicy Shops","Spikes Relics","StSLib","Stuff the Spire","TestMod","??????REMEMod"],"gold_per_floor":[118,131,131,131,131,157,157,171,194,194,222,235,252,9,9,80,80,91,102,114,27,27,58,58,70,95,95,95],"floor_reached":27,"language":"SPA","playtime":1862,"items_purged":["Strike_G"],"score":496,"play_id":"0938afcb-a5e8-457a-800f-47d733d026e2","local_time":"20210204224859","is_ascension_mode":true,"campfire_choices":[{"data":"Neutralize","floor":7,"key":"SMITH"},{"data":"StuffTheSpire:Injection","floor":10,"key":"SMITH"},{"data":"Bane","floor":15,"key":"SMITH"},{"data":"Prepared","floor":24,"key":"SMITH"}],"circlet_count":0,"master_deck":["AscendersBane","Strike_G","Strike_G","Strike_G","Defend_G","Defend_G","Defend_G","Defend_G","Defend_G","Survivor","Neutralize+1","Quick Slash","Bane+1","StuffTheSpire:Injection+1","Backflip","StuffTheSpire:Injection","Bane","jedi:brewingpoison","StuffTheSpire:BrimstoneBlast","Regret","Prepared+1","Prepared"],"relics":["Ring of the Snake","DaveBox","testmod-TestBox","REME_ComplimentaryCards","NeowsBlessing","SynthV:TestCard","halation:YellowSoulGem","Darkstone Periapt","Centennial Puzzle","testmod-IntensifyImprint","SnailShell","RhineCircuit","TwistedFunnel","Lantern","RollingBoulder"],"acts_visited":["Exordium","TheCity"],"potions_floor_usage":[11,11,16,20,23,25],"damage_taken":[{"damage":0,"enemies":"Small Slimes","floor":1,"turns":1},{"damage":0,"enemies":"Cultist","floor":2,"turns":1},{"damage":0,"enemies":"Lagavulin","floor":6,"turns":1},{"damage":0,"enemies":"2 Louse","floor":8,"turns":3},{"damage":15,"enemies":"3 Sentries","floor":11,"turns":15},{"damage":7,"enemies":"Lots of Slimes","floor":12,"turns":5},{"damage":0,"enemies":"2 Fungi Beasts","floor":13,"turns":3},{"damage":24,"enemies":"Hexaghost","floor":16,"turns":11},{"damage":0,"enemies":"Chosen","floor":18,"turns":4},{"damage":17,"enemies":"Spheric Guardian","floor":19,"turns":5},{"damage":0,"enemies":"3 Cultists","floor":20,"turns":3},{"damage":11,"enemies":"conspire:Head Lice","floor":23,"turns":7},{"damage":21,"enemies":"Cultist and Chosen","floor":25,"turns":4},{"damage":9,"enemies":"Gremlin Leader","floor":27,"turns":3}],"seed_played":"-7761011742341279747","potions_obtained":[{"floor":1,"key":"Block Potion"},{"floor":6,"key":"BlessingOfTheForge"},{"floor":11,"key":"SpeedPotion"},{"floor":16,"key":"Block Potion"},{"floor":19,"key":"LiquidMemories"},{"floor":23,"key":"Ancient Potion"}],"is_trial":false,"path_per_floor":["M","M","?","?","?","E","R","M","T","R","E","M","M","$","R","B",null,"M","M","M","$","?","E","R","M","T","E"],"character_chosen":"THE_SILENT","items_purchased":["SnailShell","TwistedFunnel","Prepared"],"campfire_rested":0,"item_purchase_floors":[14,21,21],"current_hp_per_floor":[59,59,59,52,52,52,52,52,52,52,37,30,30,30,30,6,51,51,34,34,40,40,29,29,8,8,0,0],"gold":95,"neow_bonus":"THREE_ENEMY_KILL","is_daily":false,"chose_seed":false,"campfire_upgraded":4,"win_rate":0.0,"timestamp":1612475339,"path_taken":["M","M","?","?","?","E","R","?","T","R","E","M","M","$","R","BOSS","M","M","M","$","?","E","R","M","T","E"],"items_purchased_type":["Relic","Relic","Card"],"build_version":"2020-12-22","purchased_purges":1,"victory":false,"max_hp_per_floor":[66,66,66,66,66,66,66,66,66,66,66,66,66,66,66,66,66,66,66,66,72,72,72,72,72,72,72,72],"card_choices":[{"not_picked":["Finisher","Flying Knee"],"picked":"Quick Slash","floor":1},{"not_picked":["StuffTheSpire:Fury","StuffTheSpire:MirrorStance","Dagger Spray","Acrobatics","StuffTheSpire:Repulse"],"picked":"SKIP","floor":2},{"not_picked":["StuffTheSpire:Python","MostiFishMod:InvigoratingSolution","Distraction","StuffTheSpire:Repulse"],"picked":"Bane","floor":6},{"not_picked":["Prepared","MostiFishMod:PreservedThorns","Flying Knee","PiercingWail"],"picked":"Backflip","floor":8},{"not_picked":["Flying Knee","REME_GreenPollution","Catalyst","Grand Finale"],"picked":"StuffTheSpire:Injection","floor":11},{"not_picked":["Outmaneuver","conspire:DoublingDagger","Deflect","Deadly Poison","hubris:SlightOfHand"],"picked":"SKIP","floor":12},{"not_picked":["Underhanded Strike","Distraction","ShadowRift","Flying Knee"],"picked":"Bane","floor":13},{"not_picked":["REME_LeechingPoison","Die Die Die","REME_SpectralBlade","Envenom"],"picked":"jedi:brewingpoison","floor":16},{"not_picked":["hubris:SlightOfHand","Noxious Fumes","Blade Dance","MostiFishMod:InvigoratingSolution"],"picked":"StuffTheSpire:BrimstoneBlast","floor":18},{"not_picked":["Reflex","MostiFishMod:FrostNova","InfectiousVector","Flying Knee+1","Skewer"],"picked":"SKIP","floor":19},{"not_picked":["StuffTheSpire:BumpUp+1","Predator","StuffTheSpire:Injection","Skewer","jedi:acidrain"],"picked":"SKIP","floor":20},{"not_picked":["conspire:DoublingDagger","Eviscerate","Deflect","StuffTheSpire:Python","StuffTheSpire:Fury"],"picked":"SKIP","floor":23},{"not_picked":["StuffTheSpire:ClusterCrunch","Finisher","Dodge and Roll","Footwork+1"],"picked":"Prepared","floor":25}],"player_experience":487761,"relics_obtained":[{"floor":1,"key":"SynthV:TestCard"},{"floor":5,"key":"Darkstone Periapt"},{"floor":6,"key":"Centennial Puzzle"},{"floor":11,"key":"testmod-IntensifyImprint"},{"floor":23,"key":"Lantern"},{"floor":26,"key":"RollingBoulder"}],"event_choices":[{"cards_removed":["Strike_G"],"damage_healed":0,"gold_gain":0,"player_choice":"Card Removal","damage_taken":7,"max_hp_gain":0,"max_hp_loss":0,"event_name":"Golden Wing","floor":4,"gold_loss":0},{"damage_healed":0,"gold_gain":0,"player_choice":"Relic","damage_taken":0,"max_hp_gain":0,"max_hp_loss":0,"event_name":"Wheel of Change","floor":5,"gold_loss":0}],"is_beta":false,"boss_relics":[{"not_picked":["testmod-Nine","aspiration:RunicSpoon"],"picked":"RhineCircuit"}],"items_purged_floors":[14],"is_endless":false,"potions_floor_spawned":[1,6,11,16,19,23],"killed_by":"Gremlin Leader","ascension_level":17}}