{"host":"lly094a91h6n5nv5","time":1612423622,"event":{"mods":["AchievementEnabler","BaseMod","Block Reminder","Colored Map","Minty Spire (QoL Compilation)"],"gold_per_floor":[113,130,130,142,142,142,172,172,172,187,187,200,14,14,14,14,14],"floor_reached":16,"language":"ENG","playtime":631,"items_purged":[],"score":125,"play_id":"5c99266e-26d2-4fb5-9f5e-1edbcb3505b5","local_time":"20210204012702","is_ascension_mode":true,"campfire_choices":[{"data":"Darkness","floor":6,"key":"SMITH"},{"data":"Dualcast","floor":8,"key":"SMITH"},{"data":"Go for the Eyes","floor":11,"key":"SMITH"},{"floor":15,"key":"REST"}],"circlet_count":0,"master_deck":["Strike_B","Strike_B","Strike_B","Defend_B","Defend_B","Defend_B","Zap","Dualcast+1","Go for the Eyes+1","Rebound","Darkness+1","Chill","Redo+1","Conserve Battery+1","Self Repair","Sweeping Beam"],"relics":["Busted Crown","CaptainsWheel","Toxic Egg 2"],"acts_visited":["Exordium"],"potions_floor_usage":[],"damage_taken":[{"damage":1,"enemies":"Cultist","floor":1,"turns":4},{"damage":7,"enemies":"Small Slimes","floor":2,"turns":3},{"damage":0,"enemies":"2 Louse","floor":4,"turns":2},{"damage":37,"enemies":"3 Sentries","floor":7,"turns":7},{"damage":9,"enemies":"Looter","floor":10,"turns":4},{"damage":11,"enemies":"Blue Slaver","floor":12,"turns":3},{"damage":36,"enemies":"The Guardian","floor":16,"turns":6}],"seed_played":"1883246006712885235","potions_obtained":[{"floor":2,"key":"AttackPotion"},{"floor":4,"key":"BlessingOfTheForge"}],"is_trial":false,"path_per_floor":["M","M","?","M","?","R","E","R","T","M","R","M","$","?","R","B"],"character_chosen":"DEFECT","items_purchased":["Redo+1","Conserve Battery+1","Self Repair","Sweeping Beam"],"campfire_rested":1,"item_purchase_floors":[13,13,13,13],"current_hp_per_floor":[74,67,67,67,67,67,30,30,30,21,21,10,10,10,32,0,0],"gold":14,"neow_bonus":"BOSS_RELIC","is_daily":false,"chose_seed":false,"campfire_upgraded":3,"win_rate":0.0,"timestamp":1612423622,"path_taken":["M","?","?","?","?","R","E","R","T","?","R","M","$","?","R","BOSS"],"items_purchased_type":["Card","Card","Card","Card"],"build_version":"2020-12-22","purchased_purges":0,"victory":false,"max_hp_per_floor":[75,75,75,75,75,75,75,75,75,75,75,75,75,75,75,75,75],"card_choices":[{"not_picked":[],"picked":"Go for the Eyes","floor":1},{"not_picked":["Redo"],"picked":"SKIP","floor":2},{"not_picked":[],"picked":"Rebound","floor":4},{"not_picked":[],"picked":"Chill","floor":7},{"not_picked":["FTL"],"picked":"SKIP","floor":10},{"not_picked":["Stack+1"],"picked":"SKIP","floor":12}],"player_experience":140299,"relics_obtained":[{"floor":7,"key":"CaptainsWheel"},{"floor":9,"key":"Toxic Egg 2"}],"event_choices":[{"cards_removed":["Defend_B"],"damage_healed":0,"gold_gain":0,"player_choice":"Purged","damage_taken":0,"max_hp_gain":0,"max_hp_loss":0,"event_name":"Purifier","floor":3,"gold_loss":0},{"damage_healed":0,"gold_gain":0,"cards_transformed":["Strike_B"],"player_choice":"Transformed","damage_taken":0,"max_hp_gain":0,"max_hp_loss":0,"event_name":"Transmorgrifier","floor":5,"gold_loss":0,"cards_obtained":["Darkness"]},{"damage_healed":0,"gold_gain":0,"player_choice":"Ignored","damage_taken":0,"max_hp_gain":0,"max_hp_loss":0,"event_name":"Shining Light","floor":14,"gold_loss":0}],"is_beta":false,"boss_relics":[],"items_purged_floors":[],"is_endless":false,"potions_floor_spawned":[2,4],"killed_by":"The Guardian","ascension_level":5}}