{"host":"c4psiqwczhd30bq5","time":1612442493,"event":{"mods":["Act Like it!","Aspiration","BaseMod","BetterRewards","Conspire","Downfall","Hallownest","Hubris","Minty Spire (QoL Compilation)","StSLib"],"gold_per_floor":[110,285,285,85,85,85,128,128,199,222,263,277,295,0,0,128,128,146,32,132,11,11,52,52,52,52],"floor_reached":25,"language":"ENG","playtime":1029,"items_purged":["Doubt"],"score":288,"play_id":"ecaefc25-e8d2-4d5b-afa6-9319767680b2","local_time":"20210204134133","is_ascension_mode":true,"campfire_choices":[{"floor":6,"key":"REST"},{"data":"Bash","floor":8,"key":"SMITH"},{"floor":15,"key":"REST"},{"floor":24,"key":"REST"}],"circlet_count":0,"master_deck":["Strike_R","Strike_R","Strike_R","Strike_R","Strike_R","Defend_R","Defend_R","Defend_R","Defend_R","Bash+1","Clash","conspire:SpireCoStock","conspire:SpireCoStock","conspire:SpireCoStock","conspire:SpireCoStock","Pommel Strike","Warcry","hubris:SharpeningStone","Anger","Intimidate","Clash","Immolate","Infernal Blade","Rampage","Clash","hubris:ReadiedAction+1"],"relics":["Burning Blood","NeowsBlessing","Sundial","Golden Idol","Blood Vial","Pear","aspiration:HummingbirdHeart","conspire:TreasureMap","hubris:Stopwatch","Nunchaku"],"acts_visited":["Exordium","TheCity"],"potions_floor_usage":[16,16,23,23],"damage_taken":[{"damage":0,"enemies":"2 Louse","floor":1,"turns":1},{"damage":0,"enemies":"3 Sentries","floor":7,"turns":2},{"damage":0,"enemies":"Jaw Worm","floor":10,"turns":1},{"damage":40,"enemies":"Lagavulin","floor":11,"turns":8},{"damage":0,"enemies":"Small Slimes","floor":12,"turns":4},{"damage":7,"enemies":"Exordium Wildlife","floor":13,"turns":4},{"damage":66,"enemies":"Hexaghost","floor":16,"turns":11},{"damage":35,"enemies":"3 Byrds","floor":18,"turns":8},{"damage":89,"enemies":"Slavers","floor":23,"turns":9},{"damage":57,"enemies":"Gremlin Leader","floor":25,"turns":8}],"seed_played":"6262226650116768491","potions_obtained":[{"floor":11,"key":"SneckoOil"},{"floor":12,"key":"Strength Potion"},{"floor":13,"key":"Weak Potion"},{"floor":16,"key":"Fire Potion"}],"is_trial":false,"path_per_floor":["M","?","T","?","?","R","E","R","T","M","E","M","M","$","R","B",null,"M","$","?","$","?","E","R","E"],"character_chosen":"IRONCLAD","items_purchased":["FairyPotion","conspire:TreasureMap","Clash","Regen Potion","Rampage","Clash"],"campfire_rested":3,"item_purchase_floors":[14,14,14,19,19,21],"current_hp_per_floor":[80,80,80,80,60,80,80,80,90,90,56,64,65,65,90,30,90,61,61,61,61,61,25,52,0,0],"gold":52,"neow_bonus":"THREE_ENEMY_KILL","is_daily":false,"chose_seed":false,"campfire_upgraded":1,"win_rate":0.0,"timestamp":1612442493,"path_taken":["M","?","?","?","?","R","E","R","T","?","E","M","M","$","R","BOSS","M","$","?","?","?","E","R","E"],"items_purchased_type":["Potion","Relic","Card","Potion","Card","Card"],"build_version":"2020-12-22","purchased_purges":1,"victory":false,"max_hp_per_floor":[80,80,80,80,80,80,80,80,90,90,90,90,90,90,90,90,90,90,90,90,90,90,90,90,90,90],"card_choices":[{"not_picked":["Cleave","hubris:ReadiedAction"],"picked":"Clash","floor":1},{"not_picked":["Dark Embrace","Body Slam"],"picked":"Pommel Strike","floor":7},{"not_picked":["Corruption","Wild Strike"],"picked":"Warcry","floor":10},{"not_picked":["Armaments","Disarm"],"picked":"hubris:SharpeningStone","floor":11},{"not_picked":["Armaments","Clothesline"],"picked":"Anger","floor":12},{"not_picked":["Cleave","Wild Strike"],"picked":"Intimidate","floor":13},{"not_picked":["Juggernaut","conspire:HitWhereItHurts"],"picked":"Immolate","floor":16},{"not_picked":["Power Through","Cleave"],"picked":"Infernal Blade","floor":18},{"not_picked":["Rupture+1","Pommel Strike"],"picked":"hubris:ReadiedAction+1","floor":23}],"player_experience":265384,"relics_obtained":[{"floor":3,"key":"Sundial"},{"floor":7,"key":"Blood Vial"},{"floor":9,"key":"Pear"},{"floor":11,"key":"aspiration:HummingbirdHeart"},{"floor":23,"key":"Nunchaku"}],"event_choices":[{"damage_healed":0,"gold_gain":175,"player_choice":"AGREE","damage_taken":0,"max_hp_gain":0,"max_hp_loss":0,"event_name":"Liars Game","floor":2,"gold_loss":0,"cards_obtained":["Doubt"]},{"damage_healed":0,"gold_gain":0,"player_choice":"Invest 4","damage_taken":0,"max_hp_gain":0,"max_hp_loss":0,"event_name":"conspire:Investor","floor":4,"gold_loss":0},{"damage_healed":0,"gold_gain":0,"player_choice":"Take Damage","damage_taken":20,"relics_obtained":["Golden Idol"],"max_hp_gain":0,"max_hp_loss":0,"event_name":"Golden Idol","floor":5,"gold_loss":0},{"damage_healed":0,"gold_gain":100,"player_choice":"Pray","damage_taken":0,"max_hp_gain":0,"max_hp_loss":0,"event_name":"Golden Shrine","floor":20,"gold_loss":0}],"is_beta":false,"boss_relics":[{"not_picked":["Coffee Dripper","Astrolabe"],"picked":"hubris:Stopwatch"}],"items_purged_floors":[21],"is_endless":false,"potions_floor_spawned":[11,12,13,16],"killed_by":"Gremlin Leader","ascension_level":1}}