{"host":"52m1o8iwwagurbjs","time":1612403394,"event":{"mods":["AchievementEnabler","BaseMod","Bestiary","Colored Powertips","GifTheSpireLib","Minty Spire (QoL Compilation)","Quick Restart","Relic Stats","StSLib"],"gold_per_floor":[114,126,139,153,164,189,189,223,223,223,223,257,280,313,313,436,436,449,7,7,32,57,101,101,142,211,211,227,317,350,370,370,370,370],"floor_reached":33,"language":"ENG","playtime":1469,"items_purged":[],"score":380,"play_id":"0bbb3cf5-a6e3-475c-931b-de0a512d3381","local_time":"20210203204954","is_ascension_mode":true,"campfire_choices":[{"data":"Phantasmal Killer","floor":7.0,"key":"SMITH"},{"data":"Neutralize","floor":10.0,"key":"SMITH"},{"data":"PiercingWail","floor":15.0,"key":"SMITH"},{"data":"Well Laid Plans","floor":24.0,"key":"SMITH"},{"floor":27.0,"key":"REST"},{"floor":32,"key":"REST"}],"circlet_count":0,"master_deck":["Strike_G","Strike_G","Defend_G","Defend_G","Defend_G","Defend_G","Defend_G","Survivor","Neutralize+1","Dagger Throw","Predator","PiercingWail+1","Dagger Throw","Phantasmal Killer+1","Dodge and Roll","Terror","Venomology","All Out Attack","Leg Sweep","Corpse Explosion","Acrobatics","Night Terror","Blade Dance","Reflex","Well Laid Plans+1","Caltrops","Cloak And Dagger+1","Glass Knife","Acrobatics"],"relics":["Ring of the Snake","NeowsBlessing","Toy Ornithopter","MealTicket","CaptainsWheel","Golden Idol","The Courier","TungstenRod","Empty Cage","Ginger","Ornamental Fan","Nunchaku","Happy Flower","Bottled Lightning","Bronze Scales"],"acts_visited":["Exordium","TheCity"],"potions_floor_usage":[31,33],"damage_taken":[{"damage":0.0,"enemies":"Small Slimes","floor":1.0,"turns":1.0},{"damage":0.0,"enemies":"Cultist","floor":2.0,"turns":1.0},{"damage":0.0,"enemies":"2 Louse","floor":3.0,"turns":1.0},{"damage":8.0,"enemies":"Gremlin Gang","floor":4.0,"turns":10.0},{"damage":2.0,"enemies":"Exordium Wildlife","floor":5.0,"turns":4.0},{"damage":4.0,"enemies":"Gremlin Nob","floor":6.0,"turns":3.0},{"damage":0.0,"enemies":"Lagavulin","floor":8.0,"turns":4.0},{"damage":8.0,"enemies":"Gremlin Nob","floor":12.0,"turns":4.0},{"damage":5.0,"enemies":"Looter","floor":13.0,"turns":4.0},{"damage":17.0,"enemies":"Lagavulin","floor":14.0,"turns":6.0},{"damage":3.0,"enemies":"The Guardian","floor":16.0,"turns":13.0},{"damage":3.0,"enemies":"3 Byrds","floor":18.0,"turns":3.0},{"damage":0.0,"enemies":"Chosen","floor":21.0,"turns":3.0},{"damage":0.0,"enemies":"3 Cultists","floor":22.0,"turns":2.0},{"damage":20.0,"enemies":"Gremlin Leader","floor":23.0,"turns":8.0},{"damage":23.0,"enemies":"Book of Stabbing","floor":25.0,"turns":7.0},{"damage":7.0,"enemies":"Chosen and Byrds","floor":28.0,"turns":5.0},{"damage":35.0,"enemies":"Slavers","floor":30.0,"turns":5.0},{"damage":2,"enemies":"Snake Plant","floor":31,"turns":4},{"damage":50,"enemies":"Champ","floor":33,"turns":11}],"seed_played":"-327796233818796376","potions_obtained":[{"floor":1.0,"key":"Block Potion"},{"floor":4.0,"key":"Energy Potion"},{"floor":6.0,"key":"AttackPotion"},{"floor":8.0,"key":"Weak Potion"},{"floor":14.0,"key":"Dexterity Potion"},{"floor":22.0,"key":"Poison Potion"},{"floor":23.0,"key":"CunningPotion"},{"floor":25.0,"key":"GamblersBrew"},{"floor":28.0,"key":"Ancient Potion"}],"is_trial":false,"path_per_floor":["M","M","M","M","M","E","R","E","T","R","?","E","M","E","R","B",null,"M","$","?","M","M","E","R","E","T","R","M","?","E","M","R","B"],"character_chosen":"THE_SILENT","items_purchased":["Ginger","Ornamental Fan"],"campfire_rested":2,"item_purchase_floors":[19,19],"current_hp_per_floor":[70,70,70,62,60,56,56,61,61,61,61,58,53,41,41,43,65,62,65,65,65,65,45,45,32,32,51,54,44,19,22,41,0,0],"gold":370,"neow_bonus":"THREE_ENEMY_KILL","is_daily":false,"chose_seed":false,"campfire_upgraded":4,"win_rate":0.0,"timestamp":1612403394,"path_taken":["M","M","M","M","M","E","R","E","T","R","?","E","M","E","R","BOSS","M","$","?","M","?","E","R","E","T","R","M","?","E","M","R","BOSS"],"items_purchased_type":["Relic","Relic"],"build_version":"2020-12-22","purchased_purges":0,"victory":false,"max_hp_per_floor":[70,70,70,70,70,70,70,70,70,70,65,65,65,65,65,65,65,65,65,65,65,65,65,65,65,65,65,65,65,65,65,65,65,65],"relic_stats":{"Nunchaku":[5],"Happy Flower":[8],"counters":[20,99],"Golden Idol":91,"Ornamental Fan":[56],"Bronze Scales":[48],"MealTicket":3,"Ginger":[8],"obtain_stats":[{"NeowsBlessing":0,"Happy Flower":25,"Golden Idol":11,"The Courier":12,"Ginger":19,"Empty Cage":17,"CaptainsWheel":9,"Nunchaku":23,"Ornamental Fan":19,"Bronze Scales":30,"MealTicket":8,"Bottled Lightning":26,"Toy Ornithopter":6,"TungstenRod":14,"Ring of the Snake":0},{"NeowsBlessing":0,"Happy Flower":16,"Golden Idol":7,"The Courier":8,"Ginger":12,"Empty Cage":11,"CaptainsWheel":7,"Nunchaku":15,"Ornamental Fan":12,"Bronze Scales":18,"MealTicket":7,"Bottled Lightning":16,"Toy Ornithopter":6,"TungstenRod":10,"Ring of the Snake":0},{"NeowsBlessing":0,"Happy Flower":74,"Golden Idol":24,"The Courier":28,"Ginger":54,"Empty Cage":51,"CaptainsWheel":24,"Nunchaku":67,"Ornamental Fan":54,"Bronze Scales":84,"MealTicket":24,"Bottled Lightning":74,"Toy Ornithopter":20,"TungstenRod":38,"Ring of the Snake":0}],"Toy Ornithopter":60,"TungstenRod":33,"Ring of the Snake":[40]},"card_choices":[{"not_picked":["Catalyst","PiercingWail"],"picked":"Dagger Throw","floor":1.0},{"not_picked":["Distraction","Skewer"],"picked":"Predator","floor":2.0},{"not_picked":["Heel Hook","Prepared"],"picked":"PiercingWail","floor":3.0},{"not_picked":["Acrobatics","PiercingWail"],"picked":"Dagger Throw","floor":4.0},{"not_picked":["PiercingWail","Backflip"],"picked":"Phantasmal Killer","floor":5.0},{"not_picked":["Infinite Blades","Prepared"],"picked":"Dodge and Roll","floor":6.0},{"not_picked":["Backflip","PiercingWail"],"picked":"Terror","floor":8.0},{"not_picked":["Heel Hook","Dagger Throw"],"picked":"Venomology","floor":12.0},{"not_picked":["Cloak And Dagger","Dodge and Roll"],"picked":"All Out Attack","floor":13.0},{"not_picked":["Deflect","Backflip"],"picked":"Leg Sweep","floor":14.0},{"not_picked":["Phantasmal Killer","Unload"],"picked":"Corpse Explosion","floor":16.0},{"not_picked":["Dash","Bane"],"picked":"Acrobatics","floor":18.0},{"not_picked":["Dagger Spray","Prepared"],"picked":"Blade Dance","floor":21.0},{"not_picked":["Skewer+1","Underhanded Strike+1"],"picked":"Reflex","floor":22.0},{"not_picked":["Eviscerate","Sucker Punch"],"picked":"Well Laid Plans","floor":23.0},{"not_picked":["Slice","Bane"],"picked":"Caltrops","floor":25.0},{"not_picked":["Sucker Punch","Catalyst"],"picked":"Cloak And Dagger+1","floor":28.0},{"not_picked":["Masterful Stab","Flying Knee"],"picked":"Glass Knife","floor":30.0},{"not_picked":["Slice","Bane+1"],"picked":"Acrobatics","floor":31}],"player_experience":1302489,"relics_obtained":[{"floor":6.0,"key":"Toy Ornithopter"},{"floor":8.0,"key":"MealTicket"},{"floor":9.0,"key":"CaptainsWheel"},{"floor":12.0,"key":"The Courier"},{"floor":14.0,"key":"TungstenRod"},{"floor":23.0,"key":"Nunchaku"},{"floor":25.0,"key":"Happy Flower"},{"floor":26.0,"key":"Bottled Lightning"},{"floor":30.0,"key":"Bronze Scales"}],"event_choices":[{"damage_healed":0.0,"max_hp_gain":0.0,"max_hp_loss":5.0,"gold_gain":0.0,"event_name":"Golden Idol","player_choice":"Lose Max HP","floor":11.0,"gold_loss":0.0,"damage_taken":0.0,"relics_obtained":["Golden Idol"]},{"damage_healed":0.0,"max_hp_gain":0.0,"max_hp_loss":0.0,"gold_gain":0.0,"cards_transformed":["Strike_G"],"event_name":"Transmorgrifier","player_choice":"Transformed","floor":20.0,"gold_loss":0.0,"damage_taken":0.0,"cards_obtained":["Night Terror"]},{"damage_healed":0.0,"max_hp_gain":0.0,"max_hp_loss":0.0,"gold_gain":90.0,"event_name":"Knowing Skull","player_choice":"GOLD ","floor":29.0,"potions_obtained":[],"gold_loss":0.0,"damage_taken":12.0,"cards_obtained":[]}],"is_beta":false,"boss_relics":[{"not_picked":["Fusion Hammer","Sozu"],"picked":"Empty Cage"}],"items_purged_floors":[],"is_endless":false,"potions_floor_spawned":[1,4,6,8,14,22,23,25,28],"killed_by":"Champ","ascension_level":1}}