{"host":"zjc1tzo4ovig5lll","time":1612451222,"event":{"mods":["AchievementEnabler","Aspiration","BaseMod","Beaked The Cultist","Better Altar","Better Match","Better Note","Better Sensory Stone","Colored Map","Colored Powertips","Conspire","Energized Spire","Friendly Minions","GifTheSpireLib","Halation","Hermit","Hubris","Minty Spire (QoL Compilation)","Rare Cards Sparkle","Replay The Spire","StSLib","The Blue Laboratory","The Bug Knight","The Construct","The Jungle","everything is the same but u backflip on backflip"],"gold_per_floor":[115,115,127,3,3,3,3,3],"floor_reached":7,"language":"ENG","playtime":223,"items_purged":["beaked:Strike_Y"],"score":47,"play_id":"2382f64a-8f49-4a82-92b7-0ea909248973","local_time":"20210204170702","is_ascension_mode":true,"campfire_choices":[{"data":"beaked:Insight","floor":6,"key":"SMITH"}],"circlet_count":0,"master_deck":["beaked:Strike_Y","beaked:Strike_Y","beaked:Strike_Y","beaked:Strike_Y","beaked:Defend_Y","beaked:Defend_Y","beaked:Defend_Y","beaked:Defend_Y","beaked:Ceremony","beaked:Ceremony","beaked:Ceremony","beaked:WarriorSpirit","beaked:Overpower","beaked:Insight+1"],"relics":["beaked:MendingPlumage","energizedSpire:DeadBattery","Coffee Dripper","hubris:Towel"],"acts_visited":["Exordium"],"potions_floor_usage":[],"damage_taken":[{"damage":9,"enemies":"Jaw Worm","floor":1,"turns":4},{"damage":13,"enemies":"Small Slimes","floor":3,"turns":4},{"damage":60,"enemies":"Gremlin Nob","floor":7,"turns":4}],"seed_played":"-972237952094980363","potions_obtained":[],"is_trial":false,"path_per_floor":["M","?","M","$","?","R","E"],"character_chosen":"BEAKED_THE_CULTIST","items_purchased":["beaked:Insight"],"campfire_rested":0,"item_purchase_floors":[4],"current_hp_per_floor":[50,50,46,46,46,46,0,0],"gold":3,"neow_bonus":"DOUBLE_BOSS_RELIC","is_daily":false,"chose_seed":false,"campfire_upgraded":1,"win_rate":0.0,"timestamp":1612451222,"path_taken":["M","?","M","$","?","R","E"],"items_purchased_type":["Card"],"build_version":"2020-12-22","purchased_purges":1,"victory":false,"max_hp_per_floor":[50,50,50,50,50,50,50,50],"card_choices":[{"not_picked":["beaked:CursingBlood","beaked:Tweet"],"picked":"beaked:WarriorSpirit","floor":1},{"not_picked":["beaked:Daydream","beaked:BarbedWire"],"picked":"beaked:Overpower","floor":3}],"player_experience":681842,"relics_obtained":[],"event_choices":[{"cards_removed":["beaked:Strike_Y"],"damage_healed":0,"gold_gain":0,"player_choice":"Forget","damage_taken":0,"max_hp_gain":0,"max_hp_loss":0,"event_name":"Living Wall","floor":5,"gold_loss":0}],"is_beta":false,"boss_relics":[],"items_purged_floors":[4],"is_endless":false,"potions_floor_spawned":[],"killed_by":"Gremlin Nob","ascension_level":4}}