{"host":"hszimsrtxxc2k25w","time":1612473500,"event":{"mods":["AchievementEnabler","BaseMod","Colored Map","DeckTracker","Minty Spire (QoL Compilation)","Rare Cards Sparkle","SuperFastMode"],"gold_per_floor":[119,119,44,44,64,64,104,122,122,22,40,58,58,98,98,98,98],"floor_reached":16,"language":"KOR","playtime":273,"items_purged":["Strike_G","Strike_G"],"score":270,"play_id":"23ce8aad-fe9f-4c33-9e5d-03d2e28a772e","local_time":"20210205061820","is_ascension_mode":true,"campfire_choices":[{"data":"Dagger Throw","floor":6,"key":"SMITH"},{"data":"Corpse Explosion","floor":15,"key":"SMITH"}],"circlet_count":0,"master_deck":["AscendersBane","Strike_G","Strike_G","Strike_G","Defend_G","Defend_G","Defend_G","Defend_G","Defend_G","Survivor","Neutralize","Quick Slash","Dagger Throw+1","Dagger Spray","Cloak And Dagger","Corpse Explosion+1","Wraith Form v2+1"],"relics":["Ring of the Snake","NeowsBlessing","Golden Idol","Eternal Feather","Frozen Egg 2","Pantograph","Lizard Tail"],"acts_visited":["Exordium"],"potions_floor_usage":[],"damage_taken":[{"damage":0,"enemies":"Jaw Worm","floor":1,"turns":1},{"damage":0,"enemies":"2 Louse","floor":5,"turns":1},{"damage":0,"enemies":"Lagavulin","floor":7,"turns":1},{"damage":2,"enemies":"Small Slimes","floor":8,"turns":2},{"damage":3,"enemies":"Looter","floor":11,"turns":4},{"damage":2,"enemies":"Blue Slaver","floor":12,"turns":4},{"damage":19,"enemies":"3 Sentries","floor":14,"turns":6},{"damage":52,"enemies":"Slime Boss","floor":16,"turns":8}],"seed_played":"-7435124326706998600","potions_obtained":[{"floor":5,"key":"ColorlessPotion"},{"floor":11,"key":"ColorlessPotion"},{"floor":14,"key":"SneckoOil"}],"is_trial":false,"path_per_floor":["M","?","$","?","M","R","E","M","T","$","M","M","T","E","R","B"],"character_chosen":"THE_SILENT","items_purchased":[],"campfire_rested":0,"item_purchase_floors":[],"current_hp_per_floor":[59,59,59,64,64,64,64,62,62,62,59,57,57,38,47,13,13],"gold":98,"neow_bonus":"THREE_ENEMY_KILL","is_daily":false,"chose_seed":false,"campfire_upgraded":2,"win_rate":0.0,"timestamp":1612473500,"path_taken":["M","?","$","?","M","R","E","M","T","$","M","M","?","E","R","BOSS"],"items_purchased_type":[],"build_version":"2020-12-22","purchased_purges":2,"victory":false,"max_hp_per_floor":[66,60,60,65,65,65,65,65,65,65,65,65,65,65,65,65,65],"card_choices":[{"not_picked":["Slice","Flying Knee"],"picked":"Quick Slash","floor":1},{"not_picked":["Backflip","Prepared"],"picked":"Dagger Throw","floor":5},{"not_picked":["Poisoned Stab","Acrobatics"],"picked":"Dagger Spray","floor":7},{"not_picked":["Poisoned Stab","Dagger Throw","Flechettes"],"picked":"SKIP","floor":8},{"not_picked":["Quick Slash","Dagger Throw"],"picked":"Cloak And Dagger","floor":11},{"not_picked":["Bane","Slice"],"picked":"Corpse Explosion","floor":12},{"not_picked":["Backflip","Expertise"],"picked":"Wraith Form v2+1","floor":14}],"player_experience":664521,"relics_obtained":[{"floor":7,"key":"Eternal Feather"},{"floor":9,"key":"Frozen Egg 2"},{"floor":13,"key":"Pantograph"},{"floor":14,"key":"Lizard Tail"}],"event_choices":[{"damage_healed":0,"gold_gain":0,"player_choice":"Lose Max HP","damage_taken":0,"relics_obtained":["Golden Idol"],"max_hp_gain":0,"max_hp_loss":6,"event_name":"Golden Idol","floor":2,"gold_loss":0},{"damage_healed":0,"gold_gain":0,"player_choice":"Donut","damage_taken":0,"max_hp_gain":5,"max_hp_loss":0,"event_name":"Big Fish","floor":4,"gold_loss":0}],"is_beta":false,"boss_relics":[],"items_purged_floors":[3,10],"is_endless":false,"potions_floor_spawned":[5,11,14],"killed_by":"Slime Boss","ascension_level":20}}