{"host":"ceheqh86fk4eo7wc","time":1612470737,"event":{"mods":["Aspiration","BaseMod","BetterRewards","Conspire","Downfall","Hermit","Hubris","Infinite Spire","Marisa????????","Minty Spire (QoL Compilation)","READ ME - Snecko Mod","Replay The Spire","StSLib","The Administrix","The Animator","The Cursed","The Poker Player","The Servant 0.9.4","slay the spire mod where everything is the same but ironclad has a cowboy hat"],"gold_per_floor":[117,117,117,217,234,263,282,282,282,317,327,340,7,22,22,121,121,139,156,156,156,13,13,13,29,55,55,90,90,90,108,108,108,108],"floor_reached":33,"language":"ENG","playtime":942,"items_purged":["Injury"],"score":375,"play_id":"93a7a5c4-f739-48c8-ba55-070d79beae27","local_time":"20210204123217","is_ascension_mode":false,"campfire_choices":[{"data":"Carnage","floor":8,"key":"SMITH"},{"floor":15,"key":"REST"},{"data":"infinitespire:FutureSight","floor":23,"key":"SMITH"},{"data":"Infernal Blade","floor":27,"key":"SMITH"},{"data":"Hemogenesis","floor":29,"key":"SMITH"},{"data":"Master of Strategy","floor":32,"key":"SMITH"}],"circlet_count":0,"master_deck":["Strike_R","Strike_R","Strike_R","Strike_R","Strike_R","Defend_R","Defend_R","Defend_R","Defend_R","Bash","Carnage+1","Twin Strike","Sword Boomerang","Flex","Infernal Blade+1","Master of Strategy+1","Replay:Undeath\u0027s Touch","Hemogenesis+1","Master of Strategy+1","ReplayTheSpireMod:Corrosion Curse+1","Replay:Many Hands+1","conspire:ExplosiveBarrier","Heavy Blade","infinitespire:FutureSight+1","Twin Strike","Anger+1","conspire:ExplosiveBarrier"],"relics":["Burning Blood","NeowsBlessing","hubris:Icosahedron","Frozen Egg 2","hubris:GlazedTorus","InkBottle","Astrolabe","hubris:BottledHeart","aspiration:HiddenCompartment","Nloth\u0027s Gift","Potion Belt","infinitespire:Lucky Rock"],"acts_visited":["Exordium","TheCity"],"potions_floor_usage":[10,16,16,19,28],"damage_taken":[{"damage":0,"enemies":"2 Louse","floor":1,"turns":1},{"damage":0,"enemies":"Jaw Worm","floor":5,"turns":1},{"damage":0,"enemies":"Lagavulin","floor":6,"turns":1},{"damage":0,"enemies":"Cultist","floor":7,"turns":2},{"damage":17,"enemies":"Replay:BlueRogue","floor":10,"turns":3},{"damage":8,"enemies":"Exordium Thugs","floor":11,"turns":4},{"damage":10,"enemies":"Looter","floor":12,"turns":2},{"damage":13,"enemies":"Red Slaver","floor":14,"turns":2},{"damage":0,"enemies":"Slime Boss","floor":16,"turns":5},{"damage":27,"enemies":"3 Byrds","floor":18,"turns":5},{"damage":0,"enemies":"Spheric Guardian","floor":19,"turns":3},{"damage":0,"enemies":"Snake Plant","floor":25,"turns":3},{"damage":0,"enemies":"conspire:SneckoGhost","floor":28,"turns":4},{"damage":0,"enemies":"conspire:HollyBat","floor":31,"turns":6},{"damage":6,"enemies":"Champ","floor":33,"turns":6}],"seed_played":"3228532356177901072","potions_obtained":[{"floor":1,"key":"Venom Potion"},{"floor":7,"key":"Adrenaline Potion"},{"floor":11,"key":"Explosive Potion"},{"floor":12,"key":"Elixir"},{"floor":18,"key":"BlessingOfTheForge"},{"floor":31,"key":"CultistPotion"}],"is_trial":false,"path_per_floor":["M","?","?","?","M","E","M","R","T","E","M","M","$","M","R","B",null,"M","M","AVR","?","$","R","?","M","T","R","E","R","$","M","R","B"],"character_chosen":"IRONCLAD","items_purchased":["Forethought","Master of Strategy","aspiration:HiddenCompartment"],"campfire_rested":1,"item_purchase_floors":[13,13,22],"current_hp_per_floor":[80,80,80,80,80,80,80,80,80,69,67,63,63,56,80,80,80,64,70,70,1,1,1,1,1,1,1,1,1,1,1,1,0,0],"gold":108,"neow_bonus":"THREE_ENEMY_KILL","is_daily":false,"chose_seed":false,"campfire_upgraded":5,"win_rate":0.0,"timestamp":1612470737,"path_taken":["M","?","?","?","M","E","M","R","T","E","?","M","$","M","R","BOSS","M","M","AVR","?","$","R","?","?","T","R","E","R","?","M","R","BOSS"],"items_purchased_type":["Card","Card","Relic"],"build_version":"2020-12-22","purchased_purges":1,"victory":false,"max_hp_per_floor":[80,80,80,80,80,80,80,80,80,80,80,80,80,80,80,80,80,80,80,80,1,1,1,1,1,1,1,1,1,1,1,1,1,1],"card_choices":[{"not_picked":["Cleave","Havoc"],"picked":"Carnage","floor":1},{"not_picked":["Headbutt","Iron Wave"],"picked":"Twin Strike","floor":5},{"not_picked":["Blood for Blood","Evolve+1"],"picked":"Warcry","floor":6},{"not_picked":["Fire Breathing+1","True Grit"],"picked":"Sword Boomerang","floor":7},{"not_picked":["Twin Strike","Corruption+1"],"picked":"Abandon","floor":10},{"not_picked":["Perfected Strike","True Grit"],"picked":"Flex","floor":11},{"not_picked":["Warcry","Heavy Blade"],"picked":"Infernal Blade","floor":12},{"not_picked":["infinitespire:OneForAll","Seeing Red"],"picked":"Replay:Undeath\u0027s Touch","floor":14},{"not_picked":["Reaper","Brutality+1"],"picked":"Hemogenesis","floor":16},{"not_picked":["Sword Boomerang","Combust+1"],"picked":"conspire:ExplosiveBarrier","floor":18},{"not_picked":["Second Wind+1","Shrug It Off"],"picked":"Heavy Blade","floor":19},{"not_picked":["ReplayTheSpireMod:LeadingStrike","Eclipse"],"picked":"Twin Strike","floor":25},{"not_picked":["True Grit","ReplayReversal"],"picked":"Anger+1","floor":28},{"not_picked":["Warcry","Shrug It Off"],"picked":"conspire:ExplosiveBarrier","floor":31}],"player_experience":66136,"relics_obtained":[{"floor":6,"key":"hubris:GlazedTorus"},{"floor":9,"key":"InkBottle"},{"floor":10,"key":"aspiration:FetidBarrel"},{"floor":26,"key":"Potion Belt"},{"floor":28,"key":"infinitespire:Lucky Rock"}],"event_choices":[{"damage_healed":0,"gold_gain":100,"player_choice":"Pray","damage_taken":0,"max_hp_gain":0,"max_hp_loss":0,"event_name":"Golden Shrine","floor":4,"gold_loss":0},{"damage_healed":0,"gold_gain":0,"player_choice":"Traded Relic","damage_taken":0,"relics_obtained":["Nloth\u0027s Gift"],"max_hp_gain":0,"max_hp_loss":0,"event_name":"N\u0027loth","floor":24,"relics_lost":["aspiration:FetidBarrel"],"gold_loss":0}],"is_beta":false,"boss_relics":[{"not_picked":["Runic Dome","conspire:SlowCooker"],"picked":"Astrolabe"}],"items_purged_floors":[13],"is_endless":false,"potions_floor_spawned":[1,7,11,12,18,31],"killed_by":"Champ","ascension_level":0}}