{"host":"fff5e1uasnm04x18","time":1612477483,"event":{"mods":["BaseMod","Minty Spire (QoL Compilation)"],"gold_per_floor":[99,99,99,99,99,99,99,99,99,99,99,99,99,84,84,84,84,84,84,84,84,84,84,84,84,84,84,84,84,84,84,84,84,84,84,84,84,84,84,84,84,84,84,84,84,84,84,84,84,84,84],"floor_reached":50,"language":"ENG","playtime":3652,"items_purged":[],"score":718,"play_id":"7b88d227-fbf8-4abf-8109-0c02c8422ef5","local_time":"20210204172443","is_ascension_mode":true,"campfire_choices":[{"data":"Hologram","floor":15.0,"key":"SMITH"},{"floor":24.0,"key":"REST"},{"floor":29.0,"key":"REST"},{"floor":32.0,"key":"REST"},{"floor":40,"key":"REST"},{"floor":49,"key":"REST"}],"circlet_count":0,"master_deck":["Strike_B+1","Strike_B+1","Defend_B","Defend_B","Defend_B","Defend_B","Zap","Hologram","Beam Cell","Gash+1","Hologram+1","Gash","Seek","CurseOfTheBell","Go for the Eyes+1","Streamline+1","Reprogram","BootSequence","All For One","Reboot","Defragment","Steam","Machine Learning","Rebound+1","Steam","Rebound"],"relics":["Ectoplasm","PreservedInsect","HornCleat","MealTicket","Shuriken","Calling Bell","CeramicFish","InkBottle","Turnip","Whetstone","Bag of Preparation","Sundial","Empty Cage","Gambling Chip","TungstenRod","Bronze Scales","Question Card","CaptainsWheel","Blood Vial"],"acts_visited":["Exordium","TheCity","TheBeyond"],"potions_floor_usage":[44,45,47,50],"damage_taken":[{"damage":0.0,"enemies":"2 Louse","floor":1.0,"turns":2.0},{"damage":0.0,"enemies":"Cultist","floor":3.0,"turns":4.0},{"damage":0.0,"enemies":"Jaw Worm","floor":4.0,"turns":4.0},{"damage":24.0,"enemies":"3 Sentries","floor":6.0,"turns":8.0},{"damage":4.0,"enemies":"Blue Slaver","floor":8.0,"turns":3.0},{"damage":1.0,"enemies":"3 Louse","floor":11.0,"turns":4.0},{"damage":2.0,"enemies":"Lagavulin","floor":13.0,"turns":5.0},{"damage":0.0,"enemies":"Looter","floor":14.0,"turns":2.0},{"damage":18.0,"enemies":"Hexaghost","floor":16.0,"turns":8.0},{"damage":12.0,"enemies":"Spheric Guardian","floor":18.0,"turns":4.0},{"damage":0.0,"enemies":"Chosen","floor":19.0,"turns":4.0},{"damage":10.0,"enemies":"Snake Plant","floor":22.0,"turns":4.0},{"damage":28.0,"enemies":"Slavers","floor":23.0,"turns":6.0},{"damage":20.0,"enemies":"Cultist and Chosen","floor":25.0,"turns":6.0},{"damage":0.0,"enemies":"Book of Stabbing","floor":27.0,"turns":4.0},{"damage":1.0,"enemies":"Snecko","floor":28.0,"turns":5.0},{"damage":0.0,"enemies":"Snake Plant","floor":30.0,"turns":5.0},{"damage":2.0,"enemies":"Sentry and Sphere","floor":31.0,"turns":4.0},{"damage":43.0,"enemies":"Collector","floor":33.0,"turns":9.0},{"damage":23.0,"enemies":"3 Shapes","floor":35.0,"turns":4.0},{"damage":23.0,"enemies":"3 Darklings","floor":37.0,"turns":6.0},{"damage":0.0,"enemies":"Spire Growth","floor":38.0,"turns":3.0},{"damage":8,"enemies":"Mind Bloom Boss Battle","floor":41,"turns":5},{"damage":0,"enemies":"Giant Head","floor":42,"turns":3},{"damage":0,"enemies":"Nemesis","floor":44,"turns":5},{"damage":16,"enemies":"2 Orb Walkers","floor":45,"turns":4},{"damage":0,"enemies":"Sphere and 2 Shapes","floor":47,"turns":3},{"damage":0,"enemies":"Giant Head","floor":48,"turns":6},{"damage":106,"enemies":"Time Eater","floor":50,"turns":7}],"seed_played":"7379665956832353752","potions_obtained":[{"floor":1.0,"key":"FocusPotion"},{"floor":8.0,"key":"PowerPotion"},{"floor":11.0,"key":"LiquidBronze"},{"floor":13.0,"key":"SmokeBomb"},{"floor":18.0,"key":"FearPotion"},{"floor":19.0,"key":"Weak Potion"},{"floor":27.0,"key":"SkillPotion"},{"floor":33.0,"key":"Strength Potion"},{"floor":38.0,"key":"Swift Potion"},{"floor":41,"key":"DuplicationPotion"},{"floor":45,"key":"DistilledChaos"}],"is_trial":false,"path_per_floor":["M","?","M","M","T","E","$","M","T","$","M","?","E","M","R","B",null,"M","M","?","?","M","E","R","M","T","E","M","R","M","M","R","B",null,"M","?","M","M","?","R","?","E","T","E","?","$","M","E","R","B"],"character_chosen":"DEFECT","items_purchased":[],"campfire_rested":5,"item_purchase_floors":[],"current_hp_per_floor":[75,75,75,75,75,51,51,47,47,62,61,61,59,59,59,41,75,63,63,63,56,46,18,40,20,20,20,19,41,41,39,61,18,75,52,52,29,29,29,51,43,43,43,43,27,42,42,42,64,0,0],"gold":84,"neow_bonus":"BOSS_RELIC","is_daily":false,"chose_seed":false,"campfire_upgraded":1,"win_rate":0.0,"timestamp":1612477483,"path_taken":["M","?","?","M","?","E","$","M","T","?","M","?","E","M","R","BOSS","M","M","?","?","?","E","R","M","T","E","M","R","M","M","R","BOSS","M","?","?","M","?","R","?","E","T","E","?","$","M","E","R","BOSS"],"items_purchased_type":[],"build_version":"2020-12-22","purchased_purges":0,"victory":false,"max_hp_per_floor":[75,75,75,75,75,75,75,75,75,75,75,75,75,75,75,75,75,75,75,75,75,75,75,75,75,75,75,75,75,75,75,75,75,75,75,75,75,75,75,75,75,75,75,75,75,75,75,75,75,75,75],"card_choices":[{"not_picked":["Static Discharge","Double Energy","Redo"],"picked":"SKIP","floor":1.0},{"not_picked":["Steam","Steam Power"],"picked":"Hologram","floor":3.0},{"not_picked":["Barrage","Ball Lightning"],"picked":"Amplify","floor":4.0},{"not_picked":["Turbo","Static Discharge"],"picked":"Beam Cell","floor":6.0},{"not_picked":["Tempest","Rebound"],"picked":"Gash","floor":8.0},{"not_picked":["Capacitor","Beam Cell"],"picked":"Hologram","floor":11.0},{"not_picked":["Creative AI","Recycle"],"picked":"Gash","floor":13.0},{"not_picked":["Capacitor","Lockon","Leap"],"picked":"SKIP","floor":14.0},{"not_picked":["Meteor Strike","Thunder Strike"],"picked":"Seek","floor":16.0},{"not_picked":["Reinforced Body","Loop"],"picked":"Go for the Eyes+1","floor":18.0},{"not_picked":["Stack","Aggregate"],"picked":"Streamline+1","floor":19.0},{"not_picked":["Barrage","Streamline","Leap"],"picked":"SKIP","floor":22.0},{"not_picked":["Leap+1","Stack"],"picked":"BootSequence","floor":23.0},{"not_picked":["Aggregate+1","Capacitor","Redo"],"picked":"SKIP","floor":25.0},{"not_picked":["Genetic Algorithm","Capacitor"],"picked":"All For One","floor":27.0},{"not_picked":["Glacier","Compile Driver+1","Heatsinks+1"],"picked":"SKIP","floor":28.0},{"not_picked":["Turbo","Go for the Eyes","Redo+1"],"picked":"SKIP","floor":30.0},{"not_picked":["Sunder","Reinforced Body","Fission"],"picked":"SKIP","floor":31.0},{"not_picked":["All For One","Thunder Strike"],"picked":"Reboot","floor":33.0},{"not_picked":["Go for the Eyes","Streamline+1","Stack+1"],"picked":"SKIP","floor":35.0},{"not_picked":["White Noise+1","Compile Driver"],"picked":"Steam","floor":37.0},{"not_picked":["Beam Cell","Compile Driver+1","Coolheaded"],"picked":"SKIP","floor":38.0},{"not_picked":["Stack","Barrage+1"],"picked":"Machine Learning","floor":41},{"not_picked":["Meteor Strike","Storm","FTL+1"],"picked":"SKIP","floor":42},{"not_picked":["Chill+1","Ball Lightning+1"],"picked":"Rebound+1","floor":44},{"not_picked":["Turbo+1","Hello World+1","Heatsinks"],"picked":"Steam","floor":45},{"not_picked":["Force Field","Cold Snap+1","Stack","Recycle"],"picked":"SKIP","floor":47},{"not_picked":["Recycle+1","Hello World","Self Repair"],"picked":"Rebound","floor":48}],"player_experience":473532,"relics_obtained":[{"floor":5.0,"key":"PreservedInsect"},{"floor":6.0,"key":"HornCleat"},{"floor":9.0,"key":"MealTicket"},{"floor":13.0,"key":"Shuriken"},{"floor":17.0,"key":"CeramicFish"},{"floor":17.0,"key":"InkBottle"},{"floor":17.0,"key":"Turnip"},{"floor":23.0,"key":"Whetstone"},{"floor":26.0,"key":"Bag of Preparation"},{"floor":27.0,"key":"Sundial"},{"floor":41,"key":"Gambling Chip"},{"floor":42,"key":"TungstenRod"},{"floor":43,"key":"Bronze Scales"},{"floor":44,"key":"Question Card"},{"floor":45,"key":"CaptainsWheel"},{"floor":48,"key":"Blood Vial"}],"event_choices":[{"cards_removed":["Dualcast"],"damage_healed":0.0,"max_hp_gain":0.0,"max_hp_loss":0.0,"gold_gain":0.0,"event_name":"Purifier","player_choice":"Purged","floor":2.0,"gold_loss":0.0,"damage_taken":0.0},{"damage_healed":0.0,"max_hp_gain":0.0,"max_hp_loss":0.0,"gold_gain":0.0,"event_name":"Living Wall","player_choice":"Grow","floor":12.0,"gold_loss":0.0,"damage_taken":0.0,"cards_upgraded":["Gash"]},{"damage_healed":0.0,"max_hp_gain":0.0,"max_hp_loss":0.0,"gold_gain":0.0,"event_name":"The Library","player_choice":"Read","floor":20.0,"gold_loss":0.0,"damage_taken":0.0,"cards_obtained":["Reprogram"]},{"damage_healed":0.0,"max_hp_gain":0.0,"max_hp_loss":0.0,"gold_gain":0.0,"event_name":"Wheel of Change","player_choice":"Damaged","floor":21.0,"gold_loss":0.0,"damage_taken":7.0},{"damage_healed":0.0,"max_hp_gain":0.0,"max_hp_loss":0.0,"gold_gain":0.0,"cards_transformed":["Amplify"],"event_name":"Transmorgrifier","player_choice":"Transformed","floor":36.0,"gold_loss":0.0,"damage_taken":0.0,"cards_obtained":["Defragment"]},{"damage_healed":0.0,"max_hp_gain":0.0,"max_hp_loss":0.0,"gold_gain":0.0,"event_name":"Tomb of Lord Red Mask","player_choice":"Ignored","floor":39.0,"gold_loss":0.0,"damage_taken":0.0},{"damage_healed":0,"gold_gain":0,"player_choice":"Fight","damage_taken":0,"max_hp_gain":0,"max_hp_loss":0,"event_name":"MindBloom","floor":41,"gold_loss":0},{"damage_healed":0,"gold_gain":0,"player_choice":"Fight","damage_taken":0,"max_hp_gain":0,"max_hp_loss":0,"event_name":"Mysterious Sphere","floor":45,"gold_loss":0}],"is_beta":false,"boss_relics":[{"not_picked":["Runic Pyramid","Sozu"],"picked":"Calling Bell"},{"not_picked":["Cursed Key","Busted Crown"],"picked":"Empty Cage"}],"items_purged_floors":[],"is_endless":false,"potions_floor_spawned":[1,8,11,13,18,19,27,33,38,41,42,45],"killed_by":"Time Eater","ascension_level":1}}