{"host":"nb5gh6v3m3euaxag","time":1612401764,"event":{"mods":["BaseMod","Colored Map","Downfall","Hubris","Marisa????????","Minty Spire (QoL Compilation)","Replay The Spire","Shop Mod","StSLib","The Animator","The Bug Knight","The Cursed","The Disciple","The Necromancer","The Runesmith","The Servant 0.9.4"],"gold_per_floor":[99,115,125,125,125,125,29,29,29,45,65,65,65,84,84,94,113,113,113,113],"floor_reached":18,"language":"ENG","playtime":1385,"items_purged":[],"score":104,"play_id":"59858231-1eef-46a7-af10-9a0094909929","local_time":"20210204012244","is_ascension_mode":false,"campfire_choices":[{"data":"Slimebound:Split","floor":1,"key":"SMITH"},{"data":"Slimebound:ItLooksTasty","floor":8,"key":"SMITH"},{"floor":12,"key":"REST"}],"circlet_count":0,"master_deck":["Slimebound:Strike_Slimebound","Slimebound:Strike_Slimebound","Slimebound:Strike_Slimebound","Slimebound:Defend_Slimebound","Slimebound:Defend_Slimebound","Slimebound:Defend_Slimebound","Slimebound:Defend_Slimebound","Slimebound:Split+1","Slimebound:CorrosiveSpit","Slimebound:LeechEnergy","Slimebound:ItLooksTasty+1","Slimebound:RollThrough","expansioncontent:LastStand","Slimebound:PressTheAttack","Slimebound:SplitAcid","Slimebound:Equalize","Slimebound:GoopSpray","Slimebound:FormOfPuddle"],"relics":["Slimebound:AbsorbEndCombat","MealTicket"],"acts_visited":["Exordium"],"potions_floor_usage":[18,18,18],"damage_taken":[{"damage":13,"enemies":"Small Slimes","floor":2,"turns":3},{"damage":1,"enemies":"Cultist","floor":3,"turns":4},{"damage":2,"enemies":"downfall:FleeingMerchant","floor":7,"turns":4},{"damage":11,"enemies":"Jaw Worm","floor":10,"turns":3},{"damage":21,"enemies":"Red Slaver","floor":11,"turns":6},{"damage":21,"enemies":"2 Fungi Beasts","floor":14,"turns":4},{"damage":20,"enemies":"3 Louse","floor":16,"turns":3},{"damage":26,"enemies":"Blue Slaver","floor":17,"turns":4},{"damage":41,"enemies":"IC_STATUS_ARCHETYPE","floor":18,"turns":10}],"seed_played":"6918732723445069505","potions_obtained":[{"floor":3,"key":"PowerPotion"},{"floor":10,"key":"FairyPotion"},{"floor":14,"key":"Dexterity Potion"},{"floor":17,"key":"Strength Potion"}],"is_trial":false,"path_per_floor":["R","M","M","PTL","PTL","?","$","R","T","M","M","R","?","M","?","M","M","B"],"character_chosen":"SLIMEBOUND","items_purchased":["expansioncontent:LastStand"],"campfire_rested":1,"item_purchase_floors":[7],"current_hp_per_floor":[71,60,61,61,61,61,63,63,63,54,39,60,60,41,34,20,23,0,0,0],"gold":113,"neow_bonus":"TEN_PERCENT_HP_BONUS","is_daily":false,"chose_seed":false,"campfire_upgraded":2,"win_rate":0.0,"timestamp":1612401764,"path_taken":["R","M","M","PTL","PTL","?","$","R","T","M","M","R","?","?","?","M","M","BOSS"],"items_purchased_type":["Card"],"build_version":"2020-12-22","purchased_purges":0,"victory":false,"max_hp_per_floor":[71,71,71,71,71,71,71,71,71,71,71,71,71,71,71,71,71,71,71,71],"card_choices":[{"not_picked":["Slimebound:SamplingLick","Slimebound:LeechingTouch"],"picked":"Slimebound:LeechEnergy","floor":2},{"not_picked":["Slimebound:LivingWall","Slimebound:SamplingLick"],"picked":"Slimebound:ItLooksTasty","floor":3},{"not_picked":["Slimebound:Gluttony","Slimebound:FinishingTackle"],"picked":"Slimebound:RollThrough","floor":7},{"not_picked":["Slimebound:FormOfPuddle","Slimebound:Nibble"],"picked":"Slimebound:PressTheAttack","floor":10},{"not_picked":["Slimebound:PressTheAttack","Slimebound:SplitMire"],"picked":"Slimebound:SplitAcid","floor":11},{"not_picked":["Slimebound:HauntingLick","Slimebound:SlimeBarrage"],"picked":"Slimebound:Equalize","floor":14},{"not_picked":["Slimebound:MegaLick","Slimebound:TongueLash"],"picked":"Slimebound:GoopSpray","floor":16},{"not_picked":["Slimebound:RollThrough","Slimebound:SlimeSlap"],"picked":"Slimebound:FormOfPuddle","floor":17}],"player_experience":108599,"relics_obtained":[],"event_choices":[{"cards_removed":["Slimebound:Tackle"],"damage_healed":0,"gold_gain":0,"player_choice":"Card Removal","damage_taken":0,"max_hp_gain":0,"max_hp_loss":0,"event_name":"The Cleric","floor":6,"gold_loss":0},{"damage_healed":0,"gold_gain":0,"player_choice":"Ignored","damage_taken":0,"max_hp_gain":0,"max_hp_loss":0,"event_name":"NoteForYourself","floor":13,"gold_loss":0},{"damage_healed":0,"gold_gain":0,"player_choice":"Success","damage_taken":7,"relics_obtained":["MealTicket"],"max_hp_gain":0,"max_hp_loss":0,"event_name":"Scrap Ooze","floor":15,"gold_loss":0}],"is_beta":false,"boss_relics":[],"items_purged_floors":[],"is_endless":false,"potions_floor_spawned":[3,10,14,16,17],"killed_by":"IC_STATUS_ARCHETYPE","ascension_level":0}}