{"host":"449h3c281huabjxk","time":1612442289,"event":{"mods":["Act Like it!","Aspiration","BaseMod","Better Third Choice","BetterRewards","Colored Powertips","Conspire","Downfall","Hallownest","Hermit","Hubris","Minty Spire (QoL Compilation)","Quick Restart","Replay The Spire","Shop Mod","Spicy Shops","StSLib","The Cursed","The Jungle","The Poker Player","The Servant 0.9.4"],"gold_per_floor":[109,109,44,44,60,92,92,124,124,137,137,163,93,131,131,226,226,245,264,264,264,264,392,40,40,40,65,65,65,65,195,195,292,292,312,324,269,269,282,415,415,449,449,529,544,557,589,128,181,181],"floor_reached":51,"language":"ZHS","playtime":3989,"items_purged":["PokerPlayerMod:Diamond1","PokerPlayerMod:Spade1","PokerPlayerMod:Club1"],"score":1126,"play_id":"cbecd4d0-661d-428b-9ab8-c587b5b8db54","local_time":"20210204203809","is_ascension_mode":true,"metric_token":1366,"campfire_choices":[{"floor":7.0,"key":"REST"},{"floor":11.0,"key":"REST"},{"data":"PokerPlayerMod:Promotion","floor":15.0,"key":"SMITH"},{"floor":25.0,"key":"REST"},{"floor":30.0,"key":"REST"},{"floor":32.0,"key":"RECALL"}],"circlet_count":0,"master_deck":["PokerPlayerMod:Diamond2","PokerPlayerMod:Diamond3","PokerPlayerMod:Diamond4","PokerPlayerMod:Diamond5","PokerPlayerMod:Spade2","PokerPlayerMod:Spade3","PokerPlayerMod:Spade4","PokerPlayerMod:Club2","PokerPlayerMod:Heart2","PokerPlayerMod:TrumpStrike","PokerPlayerMod:BadJoker","PokerPlayerMod:Mulligan+1","PokerPlayerMod:Club8","PokerPlayerMod:ClubShade","PokerPlayerMod:Harden","PokerPlayerMod:Club5","PokerPlayerMod:Configure","Pot Of Greed","Pot Of Greed","PokerPlayerMod:Diamond8","PokerPlayerMod:Club6","PokerPlayerMod:Promotion+1","PokerPlayerMod:Club8","PokerPlayerMod:Spade4","Jack Of All Trades","Panache","PokerPlayerMod:ClubShade+1","PokerPlayerMod:Duplicate","Specialist","PokerPlayerMod:Promotion+1","PokerPlayerMod:Promotion+1","PokerPlayerMod:Diamond8","PokerPlayerMod:Club7","PokerPlayerMod:HeartStrike+1","PokerPlayerMod:Sharpen"],"relics":["PokerPlayerMod:DeckCase","MerchantsRug","Replay:Bottled Flurry","hubris:ToyBattleship","Hallownest:StagBellRelic1","Fusion Hammer","hubris:Icosahedron","aspiration:FrozenJewel","aspiration:Lifesprig","hubris:Towel","Replay:Bottled Steam","Black Star","Blue Doll","Replay:Rubber Ducky","aspiration:AnachronicSnailShell","White Beast Statue","Replay:Kaleidoscope","Counterbalance","Blood Vial","ClockworkSouvenir","hubris:BottledRain"],"acts_visited":["Hallownest:Greenpath","Hallownest:Greenpath","Hallownest:KingdomsEdge"],"potions_floor_usage":[50,50],"damage_taken":[{"damage":1.0,"enemies":"2_ Uuma","floor":1.0,"turns":3.0},{"damage":0.0,"enemies":"Hallownest:2_MossCreeps","floor":5.0,"turns":2.0},{"damage":19.0,"enemies":"Hallownest:eliteCrystalGuardian","floor":6.0,"turns":5.0},{"damage":2.0,"enemies":"Hallownest:eliteVengeflyKing","floor":8.0,"turns":5.0},{"damage":1.0,"enemies":"Hallownest:monsterHuskGuard","floor":10.0,"turns":2.0},{"damage":14.0,"enemies":"Hallownest:eliteMossKnight","floor":12.0,"turns":2.0},{"damage":13.0,"enemies":"Hallownest:BossFalseKnight","floor":16.0,"turns":7.0},{"damage":23.0,"enemies":"theJungle:Flameango_and_Byrd","floor":18.0,"turns":5.0},{"damage":0.0,"enemies":"theJungle:MUSHROOMGANG","floor":19.0,"turns":2.0},{"damage":12.0,"enemies":"theJungle:Cassacara","floor":23.0,"turns":4.0},{"damage":0.0,"enemies":"theJungle:2_Phrogs","floor":27.0,"turns":4.0},{"damage":0.0,"enemies":"theJungle:MamaSnecko","floor":31.0,"turns":3.0},{"damage":9.0,"enemies":"theJungle:FunGuy","floor":33.0,"turns":7.0},{"damage":0.0,"enemies":"Hallownest:2_Littles","floor":35.0,"turns":4.0},{"damage":14.0,"enemies":"Hallownest:Shield_Heavy","floor":36.0,"turns":6.0},{"damage":4.0,"enemies":"Hallownest:2_Great","floor":39.0,"turns":5.0},{"damage":0.0,"enemies":"Hallownest:StalkingDevout","floor":40.0,"turns":4.0},{"damage":3.0,"enemies":"Hallownest:eliteCollector","floor":42.0,"turns":4.0},{"damage":0.0,"enemies":"Hallownest:2_Soldiers_and_1_Guardian","floor":45.0,"turns":2.0},{"damage":4.0,"enemies":"Hallownest:2_Wandering_and_1_Horned","floor":46.0,"turns":3.0},{"damage":15,"enemies":"Hallownest:eliteHiveKnight","floor":47,"turns":4},{"damage":31,"enemies":"Hallownest:BossGreyPrinceZote","floor":50,"turns":5}],"seed_played":"-808909336781023633","potions_obtained":[{"floor":5.0,"key":"LiquidMemories"},{"floor":8.0,"key":"Weak Potion"},{"floor":10.0,"key":"Block Potion"},{"floor":16.0,"key":"BlessingOfTheForge"},{"floor":18.0,"key":"EntropicBrew"}],"is_trial":false,"path_per_floor":["M","?","$","?","M","E","R","E","T","M","R","E","?","$","R","B",null,"M","M","?","?","?","E","$","R","T","E","?","?","R","E","R","B",null,"M","M","$","?","M","E","?","E","T","?","M","M","E","$","R","B",null],"character_chosen":"THE_POKER_PLAYER","items_purchased":["MerchantsRug","PokerPlayerMod:Club8","PokerPlayerMod:ClubShade","PokerPlayerMod:Club5","BargainBundle","aspiration:FrozenJewel","PokerPlayerMod:Spade4","Jack Of All Trades","Weak Potion","Explosive Potion","Dexterity Potion","Panache","Specialist","Blue Doll","PokerPlayerMod:Sharpen","ClockworkSouvenir","hubris:BottledRain"],"campfire_rested":4,"item_purchase_floors":[0,0,0,3,24,24,24,24,24,24,24,24,37,37,48,48,48],"current_hp_per_floor":[34,25,25,25,27,10,25,25,25,26,41,38,38,38,38,28,52,29,29,29,29,29,17,17,32,32,32,32,32,47,52,52,43,52,52,42,42,42,52,52,52,49,49,49,52,48,39,39,39,17],"gold":181,"neow_bonus":"","is_daily":false,"chose_seed":false,"campfire_upgraded":1,"win_rate":0.0,"timestamp":1612442289,"path_taken":["M","?","$","?","M","E","R","E","T","M","R","E","?","?","R","BOSS","M","M","?","?","?","E","$","R","T","E","?","?","R","E","R","BOSS","M","M","$","?","M","E","?","E","T","?","?","M","E","?","R","BOSS"],"items_purchased_type":["Relic","Card","Card","Card","Relic","Relic","Card","Card","Potion","Potion","Potion","Card","Card","Relic","Card","Relic","Relic"],"build_version":"2020-12-22","purchased_purges":3,"victory":true,"max_hp_per_floor":[52,52,52,52,52,52,52,52,52,52,52,52,52,52,52,52,52,52,52,52,52,52,52,52,52,52,52,52,52,52,52,52,52,52,52,52,52,52,52,52,52,52,52,52,52,52,52,52,52,52],"card_choices":[{"not_picked":["PokerPlayerMod:FlyingCard","PokerPlayerMod:Diamond2"],"picked":"PokerPlayerMod:Harden","floor":1.0},{"not_picked":["PokerPlayerMod:Trickery","PokerPlayerMod:ClubShade"],"picked":"PokerPlayerMod:Configure","floor":5.0},{"not_picked":["PokerPlayerMod:Diamond2","PokerPlayerMod:Heart3"],"picked":"PokerPlayerMod:Diamond8","floor":6.0},{"not_picked":["PokerPlayerMod:Diamond1","PokerPlayerMod:HeartStrike"],"picked":"PokerPlayerMod:GamblerForm","floor":8.0},{"not_picked":["PokerPlayerMod:Spade1","PokerPlayerMod:Spade3"],"picked":"PokerPlayerMod:Club6","floor":10.0},{"not_picked":["PokerPlayerMod:Club7","PokerPlayerMod:CloakAndDiamond"],"picked":"PokerPlayerMod:Promotion","floor":12.0},{"not_picked":["PokerPlayerMod:WildCard","PokerPlayerMod:Diamond10+"],"picked":"PokerPlayerMod:Promotion","floor":16.0},{"not_picked":["PokerPlayerMod:Spade4","PokerPlayerMod:Diamond4"],"picked":"PokerPlayerMod:Club8","floor":18.0},{"not_picked":["PokerPlayerMod:Diamond5","PokerPlayerMod:Configure","PokerPlayerMod:FakeSymbols"],"picked":"SKIP","floor":19.0},{"not_picked":["PokerPlayerMod:Spade2","PokerPlayerMod:Club2","PokerPlayerMod:CloakAndDiamond"],"picked":"SKIP","floor":23.0},{"not_picked":["PokerPlayerMod:Club1","PokerPlayerMod:Heart2","PokerPlayerMod:Club2"],"picked":"SKIP","floor":27.0},{"not_picked":["PokerPlayerMod:Diamond3","PokerPlayerMod:CloakAndDiamond+1"],"picked":"PokerPlayerMod:ClubShade+1","floor":31.0},{"not_picked":["PokerPlayerMod:ChangeRules","PokerPlayerMod:GamblerForm"],"picked":"PokerPlayerMod:Duplicate","floor":33.0},{"not_picked":["PokerPlayerMod:Fold+1","PokerPlayerMod:Trickery+1","PokerPlayerMod:CardBurn+1"],"picked":"SKIP","floor":35.0},{"not_picked":["PokerPlayerMod:SecondChance+1","PokerPlayerMod:Extraction","PokerPlayerMod:Spade4"],"picked":"SKIP","floor":36.0},{"not_picked":["PokerPlayerMod:Manipulation+1","PokerPlayerMod:Trickery","PokerPlayerMod:SpadeStrike"],"picked":"SKIP","floor":39.0},{"not_picked":["PokerPlayerMod:SecondChance","PokerPlayerMod:Diamond5","PokerPlayerMod:Spade10+"],"picked":"SKIP","floor":40.0},{"not_picked":["PokerPlayerMod:Trickery+1","PokerPlayerMod:Heart4"],"picked":"PokerPlayerMod:Diamond8","floor":42.0},{"not_picked":["PokerPlayerMod:CardBurn","PokerPlayerMod:Spade1","PokerPlayerMod:Diamond5"],"picked":"SKIP","floor":45.0},{"not_picked":["PokerPlayerMod:Configure","PokerPlayerMod:Diamond3"],"picked":"PokerPlayerMod:Club7","floor":46.0},{"not_picked":["PokerPlayerMod:Spade1","PokerPlayerMod:DartThrow"],"picked":"PokerPlayerMod:HeartStrike+1","floor":47}],"player_experience":133318,"relics_obtained":[{"floor":6.0,"key":"Grinning Jar"},{"floor":8.0,"key":"hubris:CrystalStatue"},{"floor":9.0,"key":"Replay:Bottled Flurry"},{"floor":12.0,"key":"hubris:ToyBattleship"},{"floor":23.0,"key":"War Paint"},{"floor":26.0,"key":"PokerPlayerMod:JackpotMachine"},{"floor":27.0,"key":"aspiration:Lifesprig"},{"floor":31.0,"key":"Replay:Bottled Steam"},{"floor":40.0,"key":"Replay:Rubber Ducky"},{"floor":40.0,"key":"aspiration:AnachronicSnailShell"},{"floor":42.0,"key":"Replay:Baseball"},{"floor":42.0,"key":"White Beast Statue"},{"floor":43.0,"key":"Replay:Kaleidoscope"},{"floor":47,"key":"Counterbalance"},{"floor":47,"key":"Blood Vial"}],"event_choices":[{"damage_healed":0.0,"max_hp_gain":0.0,"max_hp_loss":0.0,"gold_gain":0.0,"event_name":"conspire:Investor","player_choice":"Leave","floor":38.0,"gold_loss":0.0,"damage_taken":0.0}],"is_beta":false,"boss_relics":[{"not_picked":["hubris:GrandSneckoEye","Replay:Wanted Poster"],"picked":"Fusion Hammer"},{"not_picked":["hubris:BlackHole","conspire:RoyalGoblet"],"picked":"Black Star"}],"items_purged_floors":[0,0,24],"is_endless":false,"potions_floor_spawned":[5,8,10,12,16,18,31,39,42,45,46,47],"ascension_level":1}}