{"host":"takgv9cv6xf64vhq","time":1612454725,"event":{"mods":["BaseMod","Colored Powertips","Conspire","Decade(王小明)","Downfall","Energized Spire","Hermit","Hubris","LagranYue(拉格朗・月)","Marisa（F雨　魔理沙）","Minty Spire (QoL Compilation)","Replay The Spire","StSLib","The Cursed","The Hierophant","The Jungle","The Servant 0.9.4","TheHeartMod"],"gold_per_floor":[113,113,113,132,282,282,50,50,50,70,89,108,108,123,123,202,202,217,253,267,267,283,314,314,343,419,369,5,29,53,53,53,137,137,158,179,179,200,225,269,269,315,315,315,315,350,406,438,438,448,448,448,11,63,73],"floor_reached":56,"language":"ZHS","playtime":4003,"items_purged":["Doubt","Strike_G"],"score":2591,"play_id":"cb8a1e32-a578-416a-8d35-e897a41306d3","local_time":"20210205000525","is_ascension_mode":true,"campfire_choices":[{"data":"Neutralize","floor":6.0,"key":"SMITH"},{"data":"Survivor","floor":8.0,"key":"SMITH"},{"data":"Calculated Gamble","floor":13.0,"key":"SMITH"},{"floor":15.0,"key":"DIG"},{"data":"Storm of Steel","floor":24.0,"key":"SMITH"},{"data":"Draining Mist","floor":32.0,"key":"SMITH"},{"floor":41.0,"key":"RECALL"},{"data":"Caltrops","floor":44.0,"key":"SMITH"},{"data":"Draining Mist","floor":49,"key":"SMITH"},{"data":"Acrobatics","floor":52,"key":"SMITH"}],"circlet_count":1,"master_deck":["Strike_G","Defend_G","Defend_G","Defend_G","Defend_G","Defend_G","Survivor+1","Neutralize+1","Deflect","Dagger Throw","Bane","Calculated Gamble+1","Sneak Up","Dagger Throw","Storm of Steel+1","Draining Mist+1","Finisher+1","Acrobatics+1","Terror","Draining Mist+1","hubris:Sniper","Caltrops+1","Venomology","Backflip","ReplayTheSpireMod:The Works","Acrobatics+1","Infinite Blades","Unload","Escape Plan","Hidden Blade","hubris:DuctTapeCard","ReplayTheSpireMod:The Works","ReplayTheSpireMod:Tripwire","Hidden Blade+1","Blur","Calculated Gamble+1","Dagger Throw+1"],"relics":["hubris:Stopwatch","hubris:Icosahedron","LagranYue:NewUniverseRelic","Turnip","expansioncontent:StudyCardRelic","Torii","theJungle:SpiritDisease","ReplayTheSpireMod:TigerMarble","Oddly Smooth Stone","Spirit Poop","hubris:DuctTape","theJungle:PaperFaux","energizedSpire:NeverEndingSparkler","Circlet","LagranYue:MagicReflectiveArmorRelic","CeramicFish","Paper Crane","conspire:DecoderRing","DollysMirror","Bronze Scales","hexamod:Sixitude"],"acts_visited":["Exordium","Exordium","TheBeyond","TheEnding"],"potions_floor_usage":[50,50,55,55,55],"damage_taken":[{"damage":10.0,"enemies":"Small Slimes","floor":1.0,"turns":6.0},{"damage":1.0,"enemies":"Jaw Worm","floor":4.0,"turns":6.0},{"damage":2.0,"enemies":"2 Louse","floor":10.0,"turns":2.0},{"damage":15.0,"enemies":"Large Slime","floor":11.0,"turns":7.0},{"damage":0.0,"enemies":"Exordium Wildlife","floor":12.0,"turns":4.0},{"damage":1.0,"enemies":"2 Fungi Beasts","floor":14.0,"turns":3.0},{"damage":3.0,"enemies":"Hexaghost","floor":16.0,"turns":8.0},{"damage":0.0,"enemies":"theJungle:5_Spyders","floor":18.0,"turns":4.0},{"damage":5.0,"enemies":"conspire:MimicChest","floor":19.0,"turns":6.0},{"damage":1.0,"enemies":"theJungle:GiantWrat","floor":20.0,"turns":3.0},{"damage":0.0,"enemies":"theJungle:SlimyTreeVines","floor":22.0,"turns":4.0},{"damage":0.0,"enemies":"theJungle:Cassacara","floor":23.0,"turns":3.0},{"damage":0.0,"enemies":"theJungle:MamaSnecko","floor":25.0,"turns":2.0},{"damage":0.0,"enemies":"theJungle:2_Snecko_Cultists","floor":29.0,"turns":3.0},{"damage":0.0,"enemies":"theJungle:Snecko_Cultist_And_Trap","floor":30.0,"turns":1.0},{"damage":0.0,"enemies":"theJungle:FunGuy","floor":33.0,"turns":2.0},{"damage":17.0,"enemies":"3 Darklings","floor":35.0,"turns":4.0},{"damage":0.0,"enemies":"Orb Walker","floor":36.0,"turns":2.0},{"damage":0.0,"enemies":"Jaw Worm Horde","floor":38.0,"turns":3.0},{"damage":0.0,"enemies":"Maw","floor":39.0,"turns":2.0},{"damage":0.0,"enemies":"Nemesis","floor":40.0,"turns":3.0},{"damage":0.0,"enemies":"Giant Head","floor":42.0,"turns":3.0},{"damage":0.0,"enemies":"Spire Growth","floor":46.0,"turns":2.0},{"damage":0,"enemies":"Sphere and 2 Shapes","floor":48,"turns":3},{"damage":0,"enemies":"Donu and Deca","floor":50,"turns":3},{"damage":6,"enemies":"Shield and Spear","floor":54,"turns":2},{"damage":0,"enemies":"NeowBoss","floor":55,"turns":3}],"seed_played":"-3945293604643019192","potions_obtained":[{"floor":10.0,"key":"CultistPotion"},{"floor":12.0,"key":"Toxic Potion"},{"floor":14.0,"key":"Energy Potion"},{"floor":16.0,"key":"Dexterity Potion"},{"floor":19.0,"key":"Fire Potion"},{"floor":25.0,"key":"LiquidBronze"},{"floor":33.0,"key":"Fire Potion"},{"floor":36.0,"key":"Elixir"},{"floor":39.0,"key":"Cursed Concoction"},{"floor":42.0,"key":"bronze:BurnAndBuffPotion"}],"is_trial":false,"path_per_floor":["M","$","?","M","?","R","$","R","T","M","M","M","R","M","R","B",null,"M","?","M","?","M","E","R","E","T","?","$","M","M","?","R","B",null,"M","M","?","M","M","E","R","E","T","R","?","M","?","M","R","B",null,"R","$","E","B",null],"character_chosen":"THE_SILENT","items_purchased":["LagranYue:NewUniverseRelic","hubris:DuctTape","Caltrops","Blur","DollysMirror","Bronze Scales"],"campfire_rested":0,"item_purchase_floors":[7,28,28,53,53,53],"current_hp_per_floor":[49,49,49,48,48,48,48,48,48,46,31,31,31,30,30,27,56,56,51,50,50,55,55,55,55,55,55,55,55,55,55,55,55,63,46,46,46,46,46,46,46,47,47,47,47,47,25,25,25,25,57,57,57,51,51],"gold":73,"neow_bonus":"BOSS_RELIC","is_daily":false,"chose_seed":true,"campfire_upgraded":8,"win_rate":0.0,"timestamp":1612454725,"path_taken":["M","$","?","M","?","R","$","R","T","M","M","M","R","M","R","BOSS","M","?","M","?","?","E","R","E","T","?","$","M","M","?","R","BOSS","M","M","?","?","M","E","R","E","T","R","?","M","?","M","R","BOSS","R","$","E","BOSS"],"items_purchased_type":["Relic","Relic","Card","Card","Relic","Relic"],"build_version":"2020-12-22","purchased_purges":2,"victory":true,"max_hp_per_floor":[66,66,66,66,66,66,66,66,66,66,66,66,66,66,66,66,66,66,66,66,66,66,66,66,66,66,66,66,66,66,66,66,66,66,66,66,66,66,66,66,66,67,67,67,67,67,67,67,67,67,67,67,67,67,67],"card_choices":[{"not_picked":["Outmaneuver","Dagger Spray"],"picked":"Deflect","floor":1.0},{"not_picked":["Masterful Stab","ReplayTheSpireMod:Shiv Toss"],"picked":"Dagger Throw","floor":4.0},{"not_picked":["Riddle With Holes","Sucker Punch"],"picked":"Bane","floor":10.0},{"not_picked":["Bane","Slice"],"picked":"Calculated Gamble","floor":11.0},{"not_picked":["Sucker Punch","PiercingWail"],"picked":"Sneak Up","floor":12.0},{"not_picked":["Wraith Form v2","Quick Slash"],"picked":"Dagger Throw","floor":14.0},{"not_picked":["Burst","Glass Knife"],"picked":"Storm of Steel","floor":16.0},{"not_picked":["Dodge and Roll","ReplayTheSpireMod:Shiv Toss"],"picked":"Draining Mist","floor":18.0},{"not_picked":["Toxin Wave","Sucker Punch"],"picked":"Finisher+1","floor":19.0},{"not_picked":["Dodge and Roll+1","Leg Sweep"],"picked":"Acrobatics+1","floor":20.0},{"not_picked":["Bane","Deadly Poison"],"picked":"Terror","floor":22.0},{"not_picked":["Flying Knee+1","Dodge and Roll"],"picked":"Draining Mist","floor":23.0},{"not_picked":["Prepared","Malaise"],"picked":"hubris:Sniper","floor":25.0},{"not_picked":["Flying Knee","Caltrops","Endless Agony"],"picked":"SKIP","floor":29.0},{"not_picked":["Flechettes","Slice","Flying Knee"],"picked":"SKIP","floor":30.0},{"not_picked":["Wraith Form v2","Burst"],"picked":"Venomology","floor":33.0},{"not_picked":["ReplayTheSpireMod:Tripwire","Flying Knee"],"picked":"Backflip","floor":35.0},{"not_picked":["Bane+1","Poisoned Stab"],"picked":"ReplayTheSpireMod:The Works","floor":36.0},{"not_picked":["Outmaneuver","Blade Dance"],"picked":"Acrobatics","floor":38.0},{"not_picked":["Backflip","Eviscerate"],"picked":"Infinite Blades","floor":39.0},{"not_picked":["Leg Sweep","Flying Knee"],"picked":"Unload","floor":40.0},{"not_picked":["Slice","Sucker Punch+1"],"picked":"Escape Plan","floor":42.0},{"not_picked":["Deadly Poison","Burst"],"picked":"Hidden Blade","floor":46.0},{"not_picked":["Noxious Fumes","Blade Dance"],"picked":"ReplayTheSpireMod:The Works","floor":47},{"not_picked":["Quick Slash","hubris:SlightOfHand"],"picked":"ReplayTheSpireMod:Tripwire","floor":47},{"not_picked":["Predator","Eviscerate"],"picked":"Hidden Blade+1","floor":48},{"not_picked":["Hidden Blade","Quick Slash"],"picked":"Dagger Throw+1","floor":54}],"player_experience":409146,"relics_obtained":[{"floor":15.0,"key":"Turnip"},{"floor":19.0,"key":"Torii"},{"floor":23.0,"key":"ReplayTheSpireMod:TigerMarble"},{"floor":25.0,"key":"Oddly Smooth Stone"},{"floor":26.0,"key":"Spirit Poop"},{"floor":40.0,"key":"LagranYue:MagicReflectiveArmorRelic"},{"floor":42.0,"key":"CeramicFish"},{"floor":43.0,"key":"Paper Crane"},{"floor":47,"key":"conspire:DecoderRing"},{"floor":54,"key":"hexamod:Sixitude"}],"event_choices":[{"damage_healed":0.0,"max_hp_gain":0.0,"max_hp_loss":0.0,"gold_gain":150.0,"event_name":"Liars Game","player_choice":"AGREE","floor":5.0,"gold_loss":0.0,"damage_taken":0.0,"cards_obtained":["Doubt"]},{"damage_healed":0.0,"max_hp_gain":0.0,"max_hp_loss":0.0,"gold_gain":0.0,"event_name":"conspire:Investor","player_choice":"Invest 1","floor":27.0,"gold_loss":0.0,"damage_taken":0.0},{"cards_removed":["Shame"],"damage_healed":0.0,"max_hp_gain":0.0,"max_hp_loss":0.0,"gold_gain":0.0,"event_name":"Bonfire Elementals","player_choice":"Offered Curse","floor":37.0,"gold_loss":0.0,"damage_taken":0.0,"relics_obtained":["Spirit Poop"]},{"damage_healed":0.0,"max_hp_gain":0.0,"max_hp_loss":0.0,"gold_gain":0.0,"event_name":"Tomb of Lord Red Mask","player_choice":"Ignored","floor":45.0,"gold_loss":0.0,"damage_taken":0.0}],"is_beta":false,"boss_relics":[{"not_picked":["ReplayTheSpireMod:DimensionalGlitch","Empty Cage"],"picked":"expansioncontent:StudyCardRelic"},{"not_picked":["energizedSpire:HugeHouse","conspire:SlowCooker"],"picked":"energizedSpire:NeverEndingSparkler"}],"items_purged_floors":[7,53],"is_endless":false,"potions_floor_spawned":[10,12,14,16,19,25,33,36,39,40,42],"ascension_level":17}}