{"host":"q6r63elxu27obe7v","time":1612423341,"event":{"mods":["2.2 Compatiblity","AchievementEnabler","BaseMod","CapriCore","Colored Map","DeckTracker","KOR Keyword Fix","Keyboard Shortcuts","Marisa£¨Ùöéë¡¡Øª×âÞÞ£©","Minty Spire (QoL Compilation)","Permanent Neow","Quick Restart","Replay The Spire","StSLib","SuperFastMode","everything is the same but u backflip on backflip","¡¼?Úª?ø«¡½REMEMod"],"gold_per_floor":[114,114,131,148,159,159,192,117,143,143,143,174,174,124,124,222,222,237,256,293,311,12,12,12],"floor_reached":23,"language":"KOR","playtime":708,"items_purged":["Defend_P"],"score":201,"play_id":"fbb0f995-a65b-41c9-83b0-a26338d2599a","local_time":"20210204162221","is_ascension_mode":false,"campfire_choices":[{"data":"Eruption","floor":6,"key":"SMITH"},{"data":"LessonLearned","floor":10,"key":"SMITH"},{"data":"Wallop","floor":13,"key":"SMITH"},{"floor":15,"key":"REST"}],"circlet_count":0,"master_deck":["Strike_P","Strike_P+1","Strike_P+1","Defend_P","Defend_P","Defend_P","Eruption+1","Vigilance+1","Crescendo+1","FlurryOfBlows+1","Wallop+1","Consecrate+1","LessonLearned+1","BowlingBash+1","Wish","EmptyFist"],"relics":["PureWater","REME_ComplimentaryCards","NeowsBlessing","Strawberry","Whetstone","Smiling Mask","Snecko Eye","Meat on the Bone"],"acts_visited":["Exordium","TheCity"],"potions_floor_usage":[12,12,23],"damage_taken":[{"damage":0,"enemies":"Jaw Worm","floor":1,"turns":1},{"damage":0,"enemies":"Cultist","floor":3,"turns":1},{"damage":0,"enemies":"Small Slimes","floor":4,"turns":1},{"damage":2,"enemies":"Looter","floor":5,"turns":2},{"damage":27,"enemies":"3 Sentries","floor":7,"turns":7},{"damage":13,"enemies":"Lagavulin","floor":12,"turns":3},{"damage":36,"enemies":"Hexaghost","floor":16,"turns":6},{"damage":6,"enemies":"3 Byrds","floor":18,"turns":4},{"damage":14,"enemies":"Spheric Guardian","floor":19,"turns":6},{"damage":25,"enemies":"Chosen and Byrds","floor":20,"turns":5},{"damage":0,"enemies":"Centurion and Healer","floor":21,"turns":5},{"damage":47,"enemies":"Slavers","floor":23,"turns":3}],"seed_played":"-5002696327714455974","potions_obtained":[{"floor":1,"key":"CultistPotion"},{"floor":7,"key":"Death Potion"},{"floor":16,"key":"BlessingOfTheForge"}],"is_trial":false,"path_per_floor":["M","?","M","M","M","R","E","$","T","R","?","E","R","?","R","B",null,"M","M","M","M","$","E"],"character_chosen":"WATCHER","items_purchased":["Meat on the Bone","EmptyFist"],"campfire_rested":1,"item_purchase_floors":[22,22],"current_hp_per_floor":[72,72,72,72,70,70,50,50,50,50,34,21,21,21,44,8,79,73,59,34,34,34,0,0],"gold":12,"neow_bonus":"THREE_ENEMY_KILL","is_daily":false,"chose_seed":false,"campfire_upgraded":3,"win_rate":0.0,"timestamp":1612423341,"path_taken":["M","?","M","M","M","R","E","?","T","R","?","E","R","?","R","BOSS","M","M","M","M","$","E"],"items_purchased_type":["Relic","Card"],"build_version":"2020-12-22","purchased_purges":1,"victory":false,"max_hp_per_floor":[72,72,72,72,72,72,79,79,79,79,79,79,79,79,79,79,79,79,79,79,79,79,79,79],"card_choices":[{"not_picked":["TalkToTheHand","Protect"],"picked":"Crescendo","floor":1},{"not_picked":["FollowUp","SandsOfTime"],"picked":"FlurryOfBlows","floor":3},{"not_picked":["CarveReality","Perseverance"],"picked":"Wallop","floor":4},{"not_picked":["FollowUp","FlyingSleeves"],"picked":"Consecrate","floor":5},{"not_picked":["Evaluate","JustLucky"],"picked":"BowlingBash","floor":7},{"not_picked":["DeceiveReality","Replay:Hum","Study"],"picked":"SKIP","floor":12},{"not_picked":["ThirdEye","FollowUp","Consecrate"],"picked":"SKIP","floor":18},{"not_picked":["TalkToTheHand","SignatureMove+1"],"picked":"Wish","floor":19},{"not_picked":["FlyingSleeves","BowlingBash","Halt"],"picked":"SKIP","floor":20},{"not_picked":["FlurryOfBlows","ThirdEye","Conclude"],"picked":"SKIP","floor":21}],"player_experience":142427,"relics_obtained":[{"floor":7,"key":"Strawberry"},{"floor":9,"key":"Whetstone"},{"floor":12,"key":"Smiling Mask"}],"event_choices":[{"damage_healed":0,"gold_gain":0,"player_choice":"Forge","damage_taken":0,"max_hp_gain":0,"max_hp_loss":0,"event_name":"Accursed Blacksmith","floor":2,"gold_loss":0,"cards_upgraded":["Crescendo"]},{"damage_healed":0,"gold_gain":0,"player_choice":"Entered Light","damage_taken":16,"max_hp_gain":0,"max_hp_loss":0,"event_name":"Shining Light","floor":11,"gold_loss":0,"cards_upgraded":["Vigilance","BowlingBash"]},{"cards_removed":["Strike_P"],"damage_healed":0,"gold_gain":0,"player_choice":"Card Removal","damage_taken":0,"max_hp_gain":0,"max_hp_loss":0,"event_name":"The Cleric","floor":14,"gold_loss":50}],"is_beta":false,"boss_relics":[{"not_picked":["Sozu","Replay:Bronze Core"],"picked":"Snecko Eye"}],"items_purged_floors":[8],"is_endless":false,"potions_floor_spawned":[1,7,16],"killed_by":"Slavers","ascension_level":0}}