{"host":"0uumfqrc8aynrssa","time":1612431748,"event":{"mods":["AchievementEnabler","Act Like it!","Aspiration","Astrologer","BaseMod","Better Altar","Better Match","Better Note","Better Sensory Stone","Better Skull","Better Third Choice","Better Vampires","CapriCore","Colored Map","Colored Powertips","Conspire","Downfall","Energized Spire","Friendly Minions","Gensokyo","GifTheSpireLib","Hallownest","Hermit","Highlight Path","Hubris","Infinite Spire","Koishi","Marisa????????","Marked Mod","Minty Spire (QoL Compilation)","Pale of the Ancients","Permanent Neow","Potionbrewer","Random Character Button","Rare Cards Sparkle","Reimu??????","Relic Sorter","Reliquary","Remilia??????","Robot Space Explorer","Shop Mod","Somnambulant","Spicy Shops","Spikes Relics","Spire Arcade","StSLib","Stuff the Spire","The Animator","The Awakened One except there are too many feathers","The Bug Knight","The Cursed","The Hierophant","The Immortal","The Marked","The Problem Sleuth","The Runesmith","The Servant 0.9.4","TheBandit","TheFirefly","Trackpad","Wandering Minibosses","everything is the same but u backflip on backflip","slay the spire mod where everything is the same but ironclad has a cowboy hat"],"gold_per_floor":[113,124,142,17,34,68,87,87,87,101,113,113,132,132,132,227,227,238,256,256,256,267,267,283,283,283,295,295,295,28,28,28,129,129,145,145,164,64,80,80,106,126,151,151,163,189,234,240,240],"floor_reached":48,"language":"ENG","playtime":3682,"items_purged":["Strike_B","Thunder Strike"],"score":523,"play_id":"cd28dc44-9370-4fd7-a6c1-bb2d9b69fe85","local_time":"20210204044228","is_ascension_mode":false,"campfire_choices":[{"data":"Zap","floor":8,"key":"SMITH"},{"data":"Hologram","floor":12,"key":"SMITH"},{"floor":15,"key":"REST"},{"data":"Creative AI","floor":23,"key":"SMITH"},{"data":"Loop","floor":25,"key":"SMITH"},{"data":"Consume","floor":28,"key":"SMITH"},{"floor":32,"key":"REST"},{"data":"Loop","floor":40,"key":"SMITH"},{"data":"Seek","floor":44,"key":"SMITH"}],"circlet_count":0,"master_deck":["Cold Snap","Sweeping Beam","Gash","Hologram+1","Sweeping Beam","Gash","Sweeping Beam","Creative AI+1","Loop+1","Seek+1","Self Repair","Self Repair","Aggregate","Loop+1","Hologram+1","Gash+1","Ball Lightning","Consume+1","Storm","Coolheaded","Reboot","Recycle+1","Gash","Hologram+1","Gash+1","hubris:Ukulele+1"],"relics":["Cracked Core","infinitespire:Lucky Rock","ShockBauble","Pandora\u0027s Box","hubris:RGBLights","Nloth\u0027s Gift","bronze:MakeshiftBattery","infinitespire:Midas Blood","reliquary:Boomerang","Lantern"],"acts_visited":["Exordium","TheCity","TheBeyond"],"potions_floor_usage":[11,18,22,37,47,48],"damage_taken":[{"damage":0.0,"enemies":"Cultist","floor":1.0,"turns":1.0},{"damage":0.0,"enemies":"Small Slimes","floor":2.0,"turns":1.0},{"damage":0.0,"enemies":"2 Louse","floor":3.0,"turns":1.0},{"damage":6,"enemies":"Large Slime","floor":5,"turns":4},{"damage":28,"enemies":"3 Sentries","floor":6,"turns":5},{"damage":12,"enemies":"3 Louse","floor":7,"turns":2},{"damage":1,"enemies":"2 Fungi Beasts","floor":10,"turns":2},{"damage":1,"enemies":"Exordium Thugs","floor":11,"turns":3},{"damage":11,"enemies":"Red Slaver","floor":13,"turns":3},{"damage":23,"enemies":"The Guardian","floor":16,"turns":10},{"damage":23,"enemies":"conspire:FuzzyDice","floor":18,"turns":5},{"damage":14,"enemies":"Spheric Guardian","floor":19,"turns":4},{"damage":26,"enemies":"Snake Plant","floor":22,"turns":4},{"damage":19,"enemies":"3 Cultists","floor":24,"turns":4},{"damage":13,"enemies":"conspire:HollyBat","floor":27,"turns":6},{"damage":12,"enemies":"conspire:MysteriousRune","floor":33,"turns":9},{"damage":5,"enemies":"3 Shapes","floor":35,"turns":2},{"damage":18,"enemies":"3 Darklings","floor":37,"turns":3},{"damage":19,"enemies":"Maw","floor":39,"turns":6},{"damage":2,"enemies":"Giant Head","floor":41,"turns":5},{"damage":21,"enemies":"Writhing Mass","floor":42,"turns":5},{"damage":6,"enemies":"3 Darklings","floor":45,"turns":4},{"damage":20,"enemies":"Jaw Worm Horde","floor":46,"turns":4},{"damage":51,"enemies":"Nemesis","floor":47,"turns":5},{"damage":18,"enemies":"Writhing Mass","floor":48,"turns":2}],"seed_played":"-3455254180572217189","potions_obtained":[{"floor":1.0,"key":"potionbrewer:NoxiousPotion"},{"floor":6,"key":"BlessingOfTheForge"},{"floor":10,"key":"DuplicationPotion"},{"floor":11,"key":"hexamod:SoulburnPotion"},{"floor":16,"key":"potionbrewer:DiscountPotion"},{"floor":27,"key":"PotionOfCapacity"},{"floor":33,"key":"Block Potion"},{"floor":41,"key":"PowerPotion"},{"floor":47,"key":"AttackPotion"}],"is_trial":false,"path_per_floor":["M","M","M","$","M","E","M","R","T","M","M","R","M","?","R","B",null,"M","M","?","?","M","R","M","R","T","M","R","?","$","?","R","B",null,"M","?","M","$","M","R","E","M","T","R","M","M","E","M"],"character_chosen":"DEFECT","items_purchased":["Gash","Storm","Coolheaded"],"campfire_rested":2,"item_purchase_floors":[4,30,30],"current_hp_per_floor":[75,75,75,75,69,41,29,29,29,28,27,27,16,21,45,22,80,71,64,80,80,61,61,56,56,56,57,57,57,57,57,80,80,80,80,72,54,54,51,51,70,63,63,63,71,58,14,0,0],"gold":240,"neow_bonus":"THREE_ENEMY_KILL","is_daily":false,"chose_seed":false,"campfire_upgraded":7,"win_rate":0.0,"timestamp":1612431748,"path_taken":["M","M","M","$","M","E","M","R","T","?","M","R","M","?","R","BOSS","M","M","?","?","M","R","M","R","T","M","R","?","$","?","R","BOSS","M","?","M","$","M","R","E","?","T","R","M","?","E","M"],"items_purchased_type":["Card","Card","Card"],"build_version":"2020-12-22","purchased_purges":2,"victory":false,"max_hp_per_floor":[75,75,75,75,75,75,75,75,75,75,75,75,75,80,80,80,80,80,80,80,80,80,80,80,80,80,80,80,80,80,80,80,80,80,80,80,80,80,80,80,80,80,80,80,80,80,80,80,80],"card_choices":[{"not_picked":["Coolheaded","Go for the Eyes"],"picked":"Cold Snap","floor":1.0},{"not_picked":["Beam Cell","Leap"],"picked":"Sweeping Beam","floor":2.0},{"not_picked":["Steam","Stack","Aggregate"],"picked":"SKIP","floor":3.0},{"not_picked":["StuffTheSpire:Plugnplay","Skim"],"picked":"Hologram","floor":5},{"not_picked":["StuffTheSpire:LoadUp","Cold Snap"],"picked":"Sweeping Beam","floor":6},{"not_picked":["StuffTheSpire:Coldhearted","Auto Shields"],"picked":"Thunder Strike","floor":7},{"not_picked":["Turbo","Beam Cell"],"picked":"Gash","floor":10},{"not_picked":["Rebound","StuffTheSpire:LoadUp"],"picked":"Sweeping Beam","floor":11},{"not_picked":["Stack","Amplify","Sweeping Beam"],"picked":"SKIP","floor":13},{"not_picked":["Buffer","StuffTheSpire:ForEach"],"picked":"Creative AI","floor":16},{"not_picked":["Blizzard","Conserve Battery"],"picked":"Hologram+1","floor":18},{"not_picked":["Darkness","Turbo+1"],"picked":"Gash+1","floor":19},{"not_picked":["StuffTheSpire:Plugnplay","Streamline"],"picked":"Ball Lightning","floor":22},{"not_picked":["Turbo","Steam Power","Rainbow"],"picked":"SKIP","floor":24},{"not_picked":["Rebound","Melter"],"picked":"Consume","floor":27},{"not_picked":["Electrodynamics","Creative AI"],"picked":"Reboot","floor":33},{"not_picked":["Beam Cell+1","Go for the Eyes+1"],"picked":"Recycle+1","floor":35},{"not_picked":["Redo","Capacitor"],"picked":"Gash","floor":37},{"not_picked":["Streamline+1","Blizzard+1","Compile Driver+1"],"picked":"SKIP","floor":39},{"not_picked":["Turbo+1","Beam Cell+1"],"picked":"Hologram+1","floor":41},{"not_picked":["Genetic Algorithm+1","StuffTheSpire:Purify","Lockon+1"],"picked":"SKIP","floor":42},{"not_picked":["Beam Cell","Rebound+1"],"picked":"Gash+1","floor":45},{"not_picked":["Cold Snap+1","Stack"],"picked":"hubris:Ukulele+1","floor":46},{"not_picked":["Aggregate+1","Core Surge","StuffTheSpire:EventHorizon"],"picked":"SKIP","floor":47}],"player_experience":983548,"relics_obtained":[{"floor":6,"key":"infinitespire:Lucky Rock"},{"floor":9,"key":"ShockBauble"},{"floor":26,"key":"hubris:RGBLights"},{"floor":41,"key":"infinitespire:Midas Blood"},{"floor":43,"key":"reliquary:Boomerang"},{"floor":47,"key":"Lantern"}],"event_choices":[{"damage_healed":0,"gold_gain":0,"player_choice":"Donut","damage_taken":0,"max_hp_gain":5,"max_hp_loss":0,"event_name":"Big Fish","floor":14,"gold_loss":0},{"cards_removed":["Recycle"],"damage_healed":16,"gold_gain":0,"player_choice":"Offered Uncommon","damage_taken":0,"max_hp_gain":0,"max_hp_loss":0,"event_name":"Bonfire Elementals","floor":20,"gold_loss":0},{"cards_removed":["Dualcast"],"damage_healed":0,"gold_gain":0,"player_choice":"Purged","damage_taken":0,"max_hp_gain":0,"max_hp_loss":0,"event_name":"Purifier","floor":21,"gold_loss":0},{"damage_healed":0,"gold_gain":0,"player_choice":"Traded Relic","damage_taken":0,"relics_obtained":["Nloth\u0027s Gift"],"max_hp_gain":0,"max_hp_loss":0,"event_name":"N\u0027loth","floor":29,"relics_lost":["NeowsBlessing"],"gold_loss":0},{"cards_removed":["Zap"],"damage_healed":0,"gold_gain":0,"player_choice":"Card Removal","damage_taken":0,"max_hp_gain":0,"max_hp_loss":0,"event_name":"Wheel of Change","floor":31,"gold_loss":0},{"damage_healed":0,"gold_gain":0,"player_choice":"Damaged","damage_taken":8,"max_hp_gain":0,"max_hp_loss":0,"event_name":"Wheel of Change","floor":36,"gold_loss":0}],"is_beta":false,"boss_relics":[{"not_picked":["energizedSpire:StickyHand","Inserter"],"picked":"Pandora\u0027s Box"},{"not_picked":["energizedSpire:SpiderWeb","trackpad:Trackpad"],"picked":"bronze:MakeshiftBattery"}],"items_purged_floors":[4,38],"is_endless":false,"potions_floor_spawned":[1,6,10,11,16,27,33,35,41,42,46,47],"killed_by":"Writhing Mass","ascension_level":0}}