{"host":"gzk4gkgy3zij1c51","time":1612468854,"event":{"mods":["BaseMod","Colored Map","Downfall","Highlight Path","Marked Mod","Minty Spire (QoL Compilation)","Relic Stats","StSLib","everything is the same but u backflip on backflip"],"gold_per_floor":[115,115,128,128,128,128,158,7,33,52,85,102,102,102],"floor_reached":13,"language":"ENG","playtime":406,"items_purged":[],"score":177,"play_id":"11514e4f-406a-4df3-9ce3-feffa4cb0013","local_time":"20210204200054","is_ascension_mode":true,"campfire_choices":[{"data":"Genetic Algorithm","floor":6.0,"key":"SMITH"}],"circlet_count":0,"master_deck":["AscendersBane","Strike_B","Strike_B","Strike_B","Defend_B","Defend_B","Defend_B","Defend_B","Zap","Dualcast","Genetic Algorithm+1","Capacitor","Cold Snap","Go for the Eyes","Gash","Sweeping Beam","Streamline"],"relics":["Cracked Core","NeowsBlessing","Symbiotic Virus","CaptainsWheel","champ:Barbells","Prayer Wheel"],"acts_visited":["Exordium"],"potions_floor_usage":[13,13],"damage_taken":[{"damage":0.0,"enemies":"2 Louse","floor":1.0,"turns":1.0},{"damage":0.0,"enemies":"Jaw Worm","floor":3.0,"turns":1.0},{"damage":0.0,"enemies":"Lagavulin","floor":7.0,"turns":2.0},{"damage":6.0,"enemies":"Small Slimes","floor":10.0,"turns":4.0},{"damage":41.0,"enemies":"3 Sentries","floor":11.0,"turns":10.0},{"damage":0.0,"enemies":"3 Louse","floor":12.0,"turns":4.0},{"damage":18,"enemies":"Lagavulin","floor":13,"turns":4}],"seed_played":"-8459991261857749771","potions_obtained":[{"floor":3.0,"key":"hexamod:SoulburnPotion"},{"floor":11.0,"key":"champ:CounterPotion"}],"is_trial":false,"path_per_floor":["M","?","M","?","?","R","E","$","T","M","E","M","E"],"character_chosen":"DEFECT","items_purchased":["champ:Barbells"],"campfire_rested":0,"item_purchase_floors":[8],"current_hp_per_floor":[68,73,73,66,59,59,59,59,59,53,12,12,0,0],"gold":102,"neow_bonus":"THREE_ENEMY_KILL","is_daily":false,"chose_seed":false,"campfire_upgraded":1,"win_rate":0.0,"timestamp":1612468854,"path_taken":["M","?","M","?","?","R","E","?","T","M","E","M","E"],"items_purchased_type":["Relic"],"build_version":"2020-12-22","purchased_purges":0,"victory":false,"max_hp_per_floor":[75,80,80,80,80,80,80,80,80,80,80,80,80,80],"relic_stats":{"counters":[7,26],"Prayer Wheel":1,"obtain_stats":[{"champ:Barbells":8,"CaptainsWheel":7,"NeowsBlessing":0,"Prayer Wheel":11,"Cracked Core":0,"Symbiotic Virus":4},{"champ:Barbells":3,"CaptainsWheel":3,"NeowsBlessing":0,"Prayer Wheel":5,"Cracked Core":0,"Symbiotic Virus":2},{"champ:Barbells":4,"CaptainsWheel":4,"NeowsBlessing":0,"Prayer Wheel":18,"Cracked Core":0,"Symbiotic Virus":2}]},"card_choices":[{"not_picked":["Hologram","Cold Snap"],"picked":"Genetic Algorithm","floor":1.0},{"not_picked":["Gash","Stack"],"picked":"Capacitor","floor":3.0},{"not_picked":["Turbo","Genetic Algorithm"],"picked":"Cold Snap","floor":7.0},{"not_picked":["Rebound","Genetic Algorithm"],"picked":"Go for the Eyes","floor":10.0},{"not_picked":["Multi-Cast","Steam"],"picked":"Gash","floor":11.0},{"not_picked":["Ball Lightning","Leap"],"picked":"Sweeping Beam","floor":12.0},{"not_picked":["Stack","Rebound"],"picked":"Streamline","floor":12.0}],"player_experience":1144925,"relics_obtained":[{"floor":7.0,"key":"CaptainsWheel"},{"floor":11.0,"key":"Prayer Wheel"}],"event_choices":[{"damage_healed":0.0,"max_hp_gain":5.0,"max_hp_loss":0.0,"gold_gain":0.0,"event_name":"Big Fish","player_choice":"Donut","floor":2.0,"gold_loss":0.0,"damage_taken":0.0},{"damage_healed":0.0,"max_hp_gain":0.0,"max_hp_loss":0.0,"gold_gain":0.0,"event_name":"Scrap Ooze","player_choice":"Success","floor":4.0,"gold_loss":0.0,"damage_taken":7.0,"relics_obtained":["Symbiotic Virus"]},{"cards_removed":["Strike_B"],"damage_healed":0.0,"max_hp_gain":0.0,"max_hp_loss":0.0,"gold_gain":0.0,"event_name":"Golden Wing","player_choice":"Card Removal","floor":5.0,"gold_loss":0.0,"damage_taken":7.0}],"is_beta":false,"boss_relics":[],"items_purged_floors":[],"is_endless":false,"potions_floor_spawned":[3,11],"killed_by":"Lagavulin","ascension_level":10}}