{"host":"dxldt284mdio0lzg","time":1612401936,"event":{"mods":["AchievementEnabler","BaseMod","Colored Map","Colored Powertips","DeckTracker","Minty Spire (QoL Compilation)","SuperFastMode"],"gold_per_floor":[119,136,150,170,94,94,147,167,194,210,210,210,210,229,229,324,324,340,360,89,105,105,136,136,136,136,147,2,2,2],"floor_reached":29,"language":"ENG","playtime":3508,"items_purged":[],"score":274,"play_id":"5f4de4f3-c7f2-45da-9746-d3fc2ecf9f94","local_time":"20210204022536","is_ascension_mode":true,"campfire_choices":[{"data":"Crippling Poison","floor":6.0,"key":"SMITH"},{"data":"Deadly Poison","floor":11.0,"key":"SMITH"},{"data":"Bane","floor":13.0,"key":"SMITH"},{"data":"Bane","floor":15.0,"key":"SMITH"},{"floor":25,"key":"REST"}],"circlet_count":0,"master_deck":["Defend_G","Defend_G","Defend_G","Defend_G","Defend_G","Survivor","Neutralize","Bane","Eviscerate","Crippling Poison+1","Die Die Die","Blade Dance","Bane+1","Outmaneuver","Deadly Poison+1","Bane+1","Bullet Time","Prepared","Prepared","Noxious Fumes","Prepared","Deflect","Bite","Bite","Bite","Bite","Bite","Escape Plan+1","Decay","Dagger Throw","Acrobatics"],"relics":["Ring of the Snake","NeowsBlessing","Oddly Smooth Stone","Sozu","Dream Catcher","Smiling Mask","Vajra","Lantern"],"acts_visited":["Exordium","TheCity"],"potions_floor_usage":[27,27],"damage_taken":[{"damage":0.0,"enemies":"Small Slimes","floor":1.0,"turns":1.0},{"damage":0.0,"enemies":"2 Louse","floor":2.0,"turns":1.0},{"damage":0.0,"enemies":"Jaw Worm","floor":3.0,"turns":1.0},{"damage":22.0,"enemies":"Exordium Wildlife","floor":4.0,"turns":7.0},{"damage":0.0,"enemies":"Blue Slaver","floor":8.0,"turns":3.0},{"damage":10.0,"enemies":"2 Fungi Beasts","floor":10.0,"turns":4.0},{"damage":0.0,"enemies":"Gremlin Gang","floor":14.0,"turns":4.0},{"damage":34.0,"enemies":"Hexaghost","floor":16.0,"turns":8.0},{"damage":15.0,"enemies":"Chosen","floor":18.0,"turns":5.0},{"damage":16.0,"enemies":"Spheric Guardian","floor":19.0,"turns":4.0},{"damage":16.0,"enemies":"Centurion and Healer","floor":21.0,"turns":6.0},{"damage":29.0,"enemies":"Gremlin Leader","floor":23.0,"turns":7.0},{"damage":7,"enemies":"Snake Plant","floor":27,"turns":4},{"damage":17,"enemies":"Slavers","floor":29,"turns":1}],"seed_played":"-1887438310003212426","potions_obtained":[{"floor":3.0,"key":"LiquidMemories"},{"floor":14.0,"key":"Dexterity Potion"},{"floor":16.0,"key":"Ancient Potion"}],"is_trial":false,"path_per_floor":["M","M","M","M","$","R","?","M","T","M","R","?","R","M","R","B",null,"M","M","$","M","?","E","?","R","T","M","$","E"],"character_chosen":"THE_SILENT","items_purchased":["Blade Dance","Bane","Noxious Fumes","Dream Catcher","Prepared","Lantern"],"campfire_rested":1,"item_purchase_floors":[5,5,20,20,20,28],"current_hp_per_floor":[70,70,70,48,48,48,48,48,48,38,38,61,61,61,61,27,70,55,39,39,23,23,4,4,18,18,13,13,0,0],"gold":2,"neow_bonus":"THREE_ENEMY_KILL","is_daily":false,"chose_seed":false,"campfire_upgraded":4,"win_rate":0.0,"timestamp":1612401936,"path_taken":["M","M","M","M","$","R","?","M","T","M","R","?","R","M","R","BOSS","M","M","$","M","?","E","?","R","T","M","?","E"],"items_purchased_type":["Card","Card","Card","Relic","Card","Relic"],"build_version":"2020-12-22","purchased_purges":0,"victory":false,"max_hp_per_floor":[70,70,70,70,70,70,70,70,70,70,70,70,70,70,70,70,70,70,70,70,70,49,49,49,49,49,49,49,49,49],"card_choices":[{"not_picked":["Escape Plan","Flying Knee"],"picked":"Bane","floor":1.0},{"not_picked":["Quick Slash","Underhanded Strike"],"picked":"Eviscerate","floor":2.0},{"not_picked":["Bane","Slice"],"picked":"Crippling Poison","floor":3.0},{"not_picked":["Dagger Spray","Reflex"],"picked":"Die Die Die","floor":4.0},{"not_picked":["Expertise","Dodge and Roll"],"picked":"Outmaneuver","floor":8.0},{"not_picked":["Prepared","Acrobatics"],"picked":"Deadly Poison","floor":10.0},{"not_picked":["Prepared","Skewer"],"picked":"Bane","floor":14.0},{"not_picked":["After Image","Storm of Steel"],"picked":"Bullet Time","floor":16.0},{"not_picked":["PiercingWail","Dash+1"],"picked":"Prepared","floor":18.0},{"not_picked":["Dagger Spray","Blade Dance"],"picked":"Prepared","floor":19.0},{"not_picked":["Unload","Heel Hook+1"],"picked":"Deflect","floor":21.0},{"not_picked":["Bane+1","Dagger Spray+1"],"picked":"Escape Plan+1","floor":23.0},{"not_picked":["Poisoned Stab","Underhanded Strike+1"],"picked":"Dagger Throw","floor":25},{"not_picked":["Slice","Riddle With Holes"],"picked":"Acrobatics","floor":27}],"player_experience":79810,"relics_obtained":[{"floor":9.0,"key":"Oddly Smooth Stone"},{"floor":23.0,"key":"Smiling Mask"},{"floor":26,"key":"Vajra"}],"event_choices":[{"damage_healed":0.0,"max_hp_gain":0.0,"max_hp_loss":0.0,"gold_gain":53.0,"event_name":"Golden Wing","player_choice":"Gained Gold","floor":7.0,"gold_loss":0.0,"damage_taken":0.0},{"damage_healed":23.0,"max_hp_gain":0.0,"max_hp_loss":0.0,"gold_gain":0.0,"event_name":"Big Fish","player_choice":"Banana","floor":12.0,"gold_loss":0.0,"damage_taken":0.0},{"damage_healed":0.0,"max_hp_gain":0.0,"max_hp_loss":21.0,"gold_gain":0.0,"event_name":"Vampires","player_choice":"Became a vampire","floor":22.0,"gold_loss":0.0,"damage_taken":0.0,"cards_obtained":["Bite","Bite","Bite","Bite","Bite"]},{"damage_healed":0.0,"max_hp_gain":0.0,"max_hp_loss":0.0,"gold_gain":0.0,"event_name":"Forgotten Altar","player_choice":"Smashed Altar","floor":24.0,"gold_loss":0.0,"damage_taken":0.0,"cards_obtained":["Decay"]}],"is_beta":false,"boss_relics":[{"not_picked":["Tiny House","Ring of the Serpent"],"picked":"Sozu"}],"items_purged_floors":[],"is_endless":false,"potions_floor_spawned":[3,14,16,19,23],"killed_by":"Slavers","ascension_level":1}}