{"host":"kqjncq1jgqa58i7s","time":1612465364,"event":{"mods":["AchievementEnabler","BaseMod","Colored Map","Minty Spire (QoL Compilation)","Relic Stats"],"gold_per_floor":[111,127,144,164,11,11,27,27,27,27,57,57,57,57,57,136,136,150,150,62,112,72,99,99,99],"floor_reached":24,"language":"ENG","playtime":1666,"items_purged":["Strike_G"],"score":478,"play_id":"84d37dae-5c91-4955-8f65-e1f1ad370fcf","local_time":"20210204200244","is_ascension_mode":true,"campfire_choices":[{"data":"Noxious Fumes","floor":6.0,"key":"SMITH"},{"data":"Burst","floor":8.0,"key":"SMITH"},{"data":"Bouncing Flask","floor":10.0,"key":"SMITH"},{"data":"Catalyst","floor":12.0,"key":"SMITH"},{"data":"Footwork","floor":15.0,"key":"SMITH"}],"circlet_count":0,"master_deck":["AscendersBane","Strike_G+1","Strike_G+1","Strike_G+1","Strike_G+1","Defend_G+1","Defend_G+1","Defend_G+1","Defend_G+1","Defend_G+1","Survivor","Neutralize","Deflect+1","Bouncing Flask+1","Deadly Poison","Noxious Fumes+1","Footwork+1","Burst+1","Catalyst+1","Parasite","Envenom","Catalyst","Footwork"],"relics":["Ring of the Snake","Blood Vial","PreservedInsect","Velvet Choker","Matryoshka"],"acts_visited":["Exordium","TheCity"],"potions_floor_usage":[23],"damage_taken":[{"damage":0.0,"enemies":"Cultist","floor":1.0,"turns":4.0},{"damage":5.0,"enemies":"Small Slimes","floor":2.0,"turns":5.0},{"damage":9.0,"enemies":"Jaw Worm","floor":3.0,"turns":4.0},{"damage":0.0,"enemies":"Blue Slaver","floor":4.0,"turns":4.0},{"damage":2.0,"enemies":"2 Fungi Beasts","floor":7.0,"turns":5.0},{"damage":23.0,"enemies":"Lagavulin","floor":11.0,"turns":5.0},{"damage":23.0,"enemies":"The Guardian","floor":16.0,"turns":6.0},{"damage":8.0,"enemies":"3 Byrds","floor":18.0,"turns":5.0},{"damage":18.0,"enemies":"2 Thieves","floor":22.0,"turns":5.0},{"damage":26,"enemies":"Gremlin Leader","floor":23,"turns":5},{"damage":14,"enemies":"3 Cultists","floor":24,"turns":3}],"seed_played":"9203600398127896938","potions_obtained":[{"floor":7.0,"key":"Swift Potion"},{"floor":11.0,"key":"Strength Potion"},{"floor":22.0,"key":"Energy Potion"}],"is_trial":false,"path_per_floor":["M","M","M","M","$","R","M","R","T","R","E","R","?","?","R","B",null,"M","?","$","?","M","E","M"],"character_chosen":"THE_SILENT","items_purchased":["Footwork","Footwork"],"campfire_rested":0,"item_purchase_floors":[5,20],"current_hp_per_floor":[65,60,51,51,51,51,49,49,49,49,28,28,6,24,24,3,55,49,49,49,49,33,9,0,0],"gold":99,"neow_bonus":"TEN_PERCENT_HP_BONUS","is_daily":false,"chose_seed":false,"campfire_upgraded":5,"win_rate":0.0,"timestamp":1612465364,"path_taken":["M","M","?","M","$","R","M","R","T","R","E","R","?","?","R","BOSS","M","?","?","?","M","E","M"],"items_purchased_type":["Card","Card"],"build_version":"2020-12-22","purchased_purges":1,"victory":false,"max_hp_per_floor":[72,72,72,72,72,72,72,72,72,72,72,72,72,72,72,72,72,72,72,72,72,72,72,72,72],"relic_stats":{"Blood Vial":12,"counters":[11,51],"PreservedInsect":48,"obtain_stats":[{"Blood Vial":9,"Matryoshka":23,"Velvet Choker":17,"PreservedInsect":11,"Ring of the Snake":0},{"Blood Vial":5,"Matryoshka":10,"Velvet Choker":7,"PreservedInsect":6,"Ring of the Snake":0},{"Blood Vial":22,"Matryoshka":48,"Velvet Choker":33,"PreservedInsect":27,"Ring of the Snake":0}],"Ring of the Snake":[22]},"card_choices":[{"not_picked":["PiercingWail","Prepared"],"picked":"Deflect","floor":1.0},{"not_picked":["Bane","PiercingWail"],"picked":"Bouncing Flask","floor":2.0},{"not_picked":["Underhanded Strike","Setup"],"picked":"Deadly Poison","floor":3.0},{"not_picked":["PiercingWail","Blade Dance"],"picked":"Noxious Fumes","floor":4.0},{"not_picked":["Cloak And Dagger","Expertise"],"picked":"Burst","floor":7.0},{"not_picked":["Deflect","Backstab"],"picked":"Catalyst","floor":11.0},{"not_picked":["After Image","Glass Knife"],"picked":"Envenom","floor":16.0},{"not_picked":["Blade Dance","Flying Knee"],"picked":"Catalyst","floor":18.0},{"not_picked":["Sucker Punch","Skewer","Outmaneuver"],"picked":"SKIP","floor":22.0},{"not_picked":["Heel Hook","Reflex+1","Dagger Throw"],"picked":"SKIP","floor":23}],"player_experience":1651882,"relics_obtained":[{"floor":9.0,"key":"Blood Vial"},{"floor":11.0,"key":"PreservedInsect"},{"floor":23,"key":"Matryoshka"}],"event_choices":[{"damage_healed":0.0,"max_hp_gain":0.0,"max_hp_loss":0.0,"gold_gain":0.0,"event_name":"Shining Light","player_choice":"Entered Light","floor":13.0,"gold_loss":0.0,"damage_taken":22.0,"cards_upgraded":["Defend_G","Deflect"]},{"damage_healed":18.0,"max_hp_gain":0.0,"max_hp_loss":0.0,"gold_gain":0.0,"event_name":"Mushrooms","player_choice":"Healed and dodged fight","floor":14.0,"gold_loss":0.0,"damage_taken":0.0,"cards_obtained":["Parasite"]},{"damage_healed":0.0,"max_hp_gain":0.0,"max_hp_loss":0.0,"gold_gain":0.0,"event_name":"Back to Basics","player_choice":"Simplicity","floor":19.0,"gold_loss":0.0,"damage_taken":0.0,"cards_upgraded":["Strike_G","Strike_G","Strike_G","Strike_G","Defend_G","Defend_G","Defend_G","Defend_G"]},{"damage_healed":0.0,"max_hp_gain":0.0,"max_hp_loss":0.0,"gold_gain":50.0,"event_name":"Nest","player_choice":"Stole From Cult","floor":21.0,"gold_loss":0.0,"damage_taken":0.0}],"is_beta":false,"boss_relics":[{"not_picked":["Pandora\u0027s Box","WristBlade"],"picked":"Velvet Choker"}],"items_purged_floors":[5],"is_endless":false,"potions_floor_spawned":[7,11,22],"killed_by":"3 Cultists","ascension_level":20}}