{"host":"qrbkigq52dd42dk0","time":1612444416,"event":{"mods":["AchievementEnabler","BaseMod","Colored Map","Colored Powertips","Minty Spire (QoL Compilation)","Morshu Shopkeeper - ENHANCED","Quick Restart","StSLib","SuperFastMode","The IronCluck"],"gold_per_floor":[114,289,70,70,80,80,106,106,106,121,21,21,49,65,65,138,138,155,155,170,170,189,189,222,12,12,29,29,29,29,62,62,62,62],"floor_reached":33,"language":"ENG","playtime":1066,"items_purged":["Doubt","Regret"],"score":521,"play_id":"6f538a33-f7e3-4ecb-8150-8e820a2bb958","local_time":"20210204141336","is_ascension_mode":true,"campfire_choices":[{"data":"Bludgeon","floor":6.0,"key":"SMITH"},{"data":"Pommel Strike","floor":12.0,"key":"SMITH"},{"data":"True Grit","floor":15.0,"key":"SMITH"},{"data":"Entrench","floor":23.0,"key":"SMITH"},{"data":"Apotheosis","floor":29,"key":"SMITH"},{"floor":32,"key":"RECALL"}],"circlet_count":0,"master_deck":["AscendersBane","Bash","Pommel Strike","Bludgeon+1","Headbutt","Pommel Strike+1","Shrug It Off","Double Tap","True Grit+1","Twin Strike","Anger","Heavy Blade","Entrench+1","Impervious","Intimidate","Sentinel","Feed","Offering","Ghostly Armor","Apotheosis+1","Uppercut"],"relics":["Burning Blood","Pocketwatch","Orrery","Du-Vu Doll","Mummified Hand","Darkstone Periapt","Anchor","Pandora\u0027s Box","The Courier","Molten Egg 2","Lantern"],"acts_visited":["Exordium","TheCity"],"potions_floor_usage":[25],"damage_taken":[{"damage":12.0,"enemies":"Jaw Worm","floor":1.0,"turns":2.0},{"damage":9.0,"enemies":"2 Louse","floor":5.0,"turns":3.0},{"damage":10.0,"enemies":"3 Sentries","floor":7.0,"turns":6.0},{"damage":3.0,"enemies":"Cultist","floor":10.0,"turns":3.0},{"damage":8.0,"enemies":"Gremlin Nob","floor":13.0,"turns":3.0},{"damage":0.0,"enemies":"Large Slime","floor":14.0,"turns":2.0},{"damage":41.0,"enemies":"The Guardian","floor":16.0,"turns":11.0},{"damage":20.0,"enemies":"Shell Parasite","floor":18.0,"turns":5.0},{"damage":11.0,"enemies":"Spheric Guardian","floor":20.0,"turns":3.0},{"damage":15.0,"enemies":"Centurion and Healer","floor":22.0,"turns":4.0},{"damage":6,"enemies":"Gremlin Leader","floor":24,"turns":8},{"damage":0,"enemies":"Snake Plant","floor":27,"turns":5},{"damage":22,"enemies":"Slavers","floor":31,"turns":6},{"damage":40,"enemies":"Automaton","floor":33,"turns":6}],"seed_played":"-4435697555470789922","potions_obtained":[{"floor":1.0,"key":"Energy Potion"},{"floor":13.0,"key":"Weak Potion"},{"floor":14.0,"key":"LiquidBronze"},{"floor":27,"key":"Dexterity Potion"}],"is_trial":false,"path_per_floor":["M","?","$","?","M","R","E","?","T","M","$","R","E","M","R","B",null,"M","?","M","?","M","R","E","$","T","M","$","R","T","E","R","B"],"character_chosen":"IRONCLAD","items_purchased":["Orrery","Apotheosis","Fruit Juice"],"campfire_rested":0,"item_purchase_floors":[3,25,25],"current_hp_per_floor":[66,66,66,66,63,63,59,59,59,62,62,62,60,66,66,31,68,57,83,78,62,53,53,53,58,58,64,64,64,64,48,48,8,8],"gold":62,"neow_bonus":"ONE_RARE_RELIC","is_daily":false,"chose_seed":false,"campfire_upgraded":5,"win_rate":0.0,"timestamp":1612444416,"path_taken":["M","?","$","?","M","R","E","?","T","M","$","R","E","M","R","BOSS","M","?","?","?","M","R","E","$","T","M","?","R","?","E","R","BOSS"],"items_purchased_type":["Relic","Card","Potion"],"build_version":"2020-12-22","purchased_purges":2,"victory":false,"max_hp_per_floor":[80,80,80,80,80,80,80,80,80,80,80,80,80,80,80,80,80,83,83,83,88,88,88,88,93,93,93,93,93,93,93,93,93,93],"card_choices":[{"not_picked":["Body Slam","Iron Wave"],"picked":"Pommel Strike","floor":1.0},{"not_picked":["Evolve","Shockwave"],"picked":"Bludgeon","floor":3.0},{"not_picked":["Evolve","Inflame"],"picked":"Headbutt","floor":3.0},{"not_picked":["Heavy Blade","Searing Blow"],"picked":"Pommel Strike","floor":3.0},{"not_picked":["Clothesline","Second Wind","Burning Pact"],"picked":"SKIP","floor":5.0},{"not_picked":["Entrench","Flex"],"picked":"Shrug It Off","floor":7.0},{"not_picked":["Heavy Blade","Feel No Pain","Perfected Strike"],"picked":"SKIP","floor":10.0},{"not_picked":["Reckless Charge","Whirlwind"],"picked":"Double Tap","floor":13.0},{"not_picked":["Cleave","Rampage"],"picked":"True Grit","floor":14.0},{"not_picked":["Sword Boomerang+1","Iron Wave","Rupture"],"picked":"SKIP","floor":18.0},{"not_picked":["Shrug It Off","Thunderclap","Clash"],"picked":"SKIP","floor":20.0},{"not_picked":["Heavy Blade","Warcry+1"],"picked":"Ghostly Armor","floor":22.0},{"not_picked":["Hemokinesis","Metallicize","Power Through"],"picked":"SKIP","floor":24},{"not_picked":["Shrug It Off","Armaments"],"picked":"Uppercut","floor":27},{"not_picked":["Seeing Red","True Grit","Anger+1"],"picked":"SKIP","floor":31}],"player_experience":200271,"relics_obtained":[{"floor":7.0,"key":"Du-Vu Doll"},{"floor":9.0,"key":"Darkstone Periapt"},{"floor":13.0,"key":"Anchor"},{"floor":24,"key":"The Courier"},{"floor":30,"key":"Molten Egg 2"},{"floor":31,"key":"Lantern"}],"event_choices":[{"damage_healed":0.0,"max_hp_gain":0.0,"max_hp_loss":0.0,"gold_gain":175.0,"event_name":"Liars Game","player_choice":"AGREE","floor":2.0,"gold_loss":0.0,"damage_taken":0.0,"cards_obtained":["Doubt"]},{"cards_removed":["Decay"],"damage_healed":0.0,"max_hp_gain":0.0,"max_hp_loss":0.0,"gold_gain":0.0,"event_name":"Living Wall","player_choice":"Forget","floor":4.0,"gold_loss":0.0,"damage_taken":0.0},{"damage_healed":0.0,"max_hp_gain":0.0,"max_hp_loss":0.0,"gold_gain":0.0,"event_name":"Big Fish","player_choice":"Box","floor":8.0,"gold_loss":0.0,"damage_taken":0.0,"relics_obtained":["Mummified Hand"],"cards_obtained":["Regret"]},{"damage_healed":26.0,"max_hp_gain":0.0,"max_hp_loss":0.0,"gold_gain":0.0,"event_name":"Wheel of Change","player_choice":"Full Heal","floor":19.0,"gold_loss":0.0,"damage_taken":0.0},{"damage_healed":0.0,"max_hp_gain":5.0,"max_hp_loss":0.0,"gold_gain":0.0,"event_name":"Forgotten Altar","player_choice":"Shed Blood","floor":21.0,"gold_loss":0.0,"damage_taken":21.0}],"is_beta":false,"boss_relics":[{"not_picked":["Astrolabe","Black Star"],"picked":"Pandora\u0027s Box"}],"items_purged_floors":[3,11],"is_endless":false,"potions_floor_spawned":[1,13,14,18,20,22,27],"killed_by":"Automaton","ascension_level":13}}