{"host":"eemx8njkng76fu5x","time":1612443021,"event":{"mods":["2.2 Compatiblity","BaseMod","Colored Map","Downfall","Minty Spire (QoL Compilation)","Permanent Neow","StSLib","Unceasing Turn Reminder","Unknown Chances"],"gold_per_floor":[99,111,125,143,143,162,187,197,97,125,144,157,170,170,188,288,288,88,105,116,26,26,38,50,73,98,110,153,165,162,188,212,324,336,348,371,68,68,86,105,151,151,151,179,179,191,283,315,334,334,334,367,52,52,52,52],"floor_reached":57,"language":"ENG","playtime":3943,"items_purged":["Guardian:Strike_Guardian","Guardian:Strike_Guardian"],"score":2135,"play_id":"75d42a78-6103-4cdf-95f1-197fa039ea3c","local_time":"20210204205021","is_ascension_mode":true,"campfire_choices":[{"floor":1.0,"key":"RECALL"},{"data":"Guardian:PrismaticBeam","floor":9.0,"key":"SMITH"},{"data":"Guardian:ExploitGems","floor":18.0,"key":"SMITH"},{"data":"Guardian:StasisField","floor":23.0,"key":"SMITH"},{"data":"Guardian:ShieldSpikes","floor":29.0,"key":"SMITH"},{"data":"Guardian:SphericShield","floor":35,"key":"SMITH"},{"data":"Guardian:TemporalShield","floor":42,"key":"SMITH"},{"data":"Guardian:Recover","floor":45,"key":"SMITH"},{"data":"Guardian:CurlUp","floor":54,"key":"SMITH"}],"circlet_count":0,"master_deck":["AscendersBane","Guardian:Strike_Guardian","Guardian:Strike_Guardian","Guardian:Defend_Guardian","Guardian:Defend_Guardian","Guardian:Defend_Guardian","Guardian:Defend_Guardian","Guardian:CurlUp+1","Guardian:TwinSlam+1","Guardian:BodySlam+1","Guardian:Recover+1","Guardian:PrismaticBeam+1","Guardian:EvasiveProtocol","Guardian:StasisField+1","Guardian:TemporalStrike","Guardian:ExploitGems+1","Guardian:BronzeOrb","Guardian:ShieldSpikes+1","Guardian:EvasiveProtocol","Guardian:Incinerate","Guardian:TemporalShield+1","Guardian:Reroute","Guardian:Incinerate","Guardian:SphericShield+1","Guardian:Harden+1","Guardian:Recover+1","Guardian:Preprogram+1"],"relics":["Guardian:ModeShifter","downfall:HeartBlessingRed","Nunchaku","sneckomod:SneckoTalon","downfall:HeartBlessingBlue","downfall:HeartBlessingGreen","MawBank","Bottled Flame","Guardian:PocketSentry","Philosopher\u0027s Stone","champ:DeflectingBracers","Dream Catcher","Juzu Bracelet","HandDrill","Orichalcum","hexamod:BolsterEngine","Pantograph"],"acts_visited":["Exordium","TheCity","TheBeyond","TheEnding"],"potions_floor_usage":[33,44,48,50,55,56],"damage_taken":[{"damage":4.0,"enemies":"Jaw Worm","floor":2.0,"turns":4.0},{"damage":6.0,"enemies":"Cultist","floor":3.0,"turns":4.0},{"damage":0.0,"enemies":"Small Slimes","floor":4.0,"turns":3.0},{"damage":5.0,"enemies":"Exordium Wildlife","floor":6.0,"turns":4.0},{"damage":4.0,"enemies":"3 Louse","floor":8.0,"turns":5.0},{"damage":29.0,"enemies":"Gremlin Nob","floor":10.0,"turns":5.0},{"damage":0.0,"enemies":"Blue Slaver","floor":11.0,"turns":3.0},{"damage":3.0,"enemies":"Large Slime","floor":12.0,"turns":6.0},{"damage":8.0,"enemies":"3 Louse","floor":13.0,"turns":2.0},{"damage":0.0,"enemies":"2 Fungi Beasts","floor":15.0,"turns":3.0},{"damage":1.0,"enemies":"SI_SHIV_ARCHETYPE","floor":16.0,"turns":13.0},{"damage":0.0,"enemies":"Spheric Guardian","floor":19.0,"turns":4.0},{"damage":2.0,"enemies":"Chosen","floor":20.0,"turns":6.0},{"damage":0.0,"enemies":"downfall:FleeingMerchant","floor":21.0,"turns":4.0},{"damage":0.0,"enemies":"Snake Plant","floor":25.0,"turns":4.0},{"damage":4.0,"enemies":"Sentry and Sphere","floor":26.0,"turns":5.0},{"damage":0.0,"enemies":"Gremlin Leader","floor":28.0,"turns":9.0},{"damage":0,"enemies":"downfall:FleeingMerchant","floor":30,"turns":4},{"damage":6,"enemies":"Cultist and Chosen","floor":31,"turns":7},{"damage":0,"enemies":"Snake Plant","floor":32,"turns":2},{"damage":5,"enemies":"DF_ARCHETYPE_CLAW","floor":33,"turns":10},{"damage":0,"enemies":"Orb Walker","floor":36,"turns":4},{"damage":0,"enemies":"downfall:FleeingMerchant","floor":37,"turns":4},{"damage":0,"enemies":"3 Shapes","floor":39,"turns":4},{"damage":0,"enemies":"Spire Growth","floor":40,"turns":5},{"damage":18,"enemies":"Reptomancer","floor":44,"turns":5},{"damage":0,"enemies":"4 Shapes","floor":46,"turns":5},{"damage":0,"enemies":"downfall:FleeingMerchant","floor":47,"turns":2},{"damage":0,"enemies":"Giant Head","floor":48,"turns":6},{"damage":0,"enemies":"Transient","floor":49,"turns":5},{"damage":22,"enemies":"IC_BLOCK_ARCHETYPE","floor":50,"turns":10},{"damage":30,"enemies":"downfall:CharBossMerchant","floor":52,"turns":8},{"damage":5,"enemies":"downfall:NeowBoss","floor":55,"turns":11},{"damage":7,"enemies":"downfall:NeowBossFinal","floor":56,"turns":11}],"seed_played":"818187477183629904","potions_obtained":[{"floor":4.0,"key":"Dexterity Potion"},{"floor":10.0,"key":"FearPotion"},{"floor":11.0,"key":"hexamod:SoulburnPotion"},{"floor":16.0,"key":"Swift Potion"},{"floor":19.0,"key":"DistilledChaos"},{"floor":20.0,"key":"Block Potion"},{"floor":33,"key":"Strength Potion"},{"floor":44,"key":"Slimebound:ThreeZeroPotion"},{"floor":46,"key":"PowerPotion"}],"is_trial":false,"path_per_floor":["R","M","M","M","?","M","T","M","R","E","M","M","M","?","M","B",null,"R","M","M","$","?","R","T","M","M","?","E","R","$","M","M","B",null,"R","M","?","?","M","M","T","R","?","E","R","M","$","E","M","B",null,"E","$","R","B","B",null],"character_chosen":"GUARDIAN","items_purchased":["champ:DeflectingBracers","HandDrill","Pantograph","GamblersBrew"],"campfire_rested":0,"item_purchase_floors":[37,47,53,53],"current_hp_per_floor":[72,68,62,62,62,57,57,53,53,24,24,21,13,13,13,12,63,73,73,71,71,71,71,71,71,67,67,67,67,67,61,61,56,82,82,82,82,82,82,82,82,82,82,64,64,64,64,64,64,42,78,48,48,48,68,83],"gold":52,"neow_bonus":"UPGRADE_CARD","is_daily":false,"chose_seed":false,"campfire_upgraded":8,"win_rate":0.0,"timestamp":1612443021,"path_taken":["R","M","M","M","?","?","T","M","R","E","M","M","M","?","M","BOSS","R","M","M","?","?","R","T","M","M","?","E","R","?","M","M","BOSS","R","M","?","?","M","M","T","R","?","E","R","M","$","E","M","BOSS","E","$","R","BOSS","BOSS"],"items_purchased_type":["Relic","Relic","Relic","Potion"],"build_version":"2020-12-22","purchased_purges":2,"victory":true,"max_hp_per_floor":[80,80,80,80,80,80,80,80,80,80,80,80,80,80,80,80,80,90,90,90,90,90,90,90,90,90,90,90,90,90,90,90,90,90,90,90,90,90,90,90,90,90,90,90,90,90,90,90,90,90,90,90,90,90,90,90],"card_choices":[{"not_picked":["Guardian:VentSteam","Guardian:TimeBomb"],"picked":"Guardian:BodySlam","floor":2.0},{"not_picked":["Guardian:Incinerate","Guardian:Gem_White"],"picked":"Guardian:Recover","floor":3.0},{"not_picked":["Guardian:PrimingBeam","Guardian:Clone"],"picked":"Guardian:Gem_Blue","floor":4.0},{"not_picked":["Guardian:Planning","Guardian:DonusPower"],"picked":"Guardian:PrismaticBeam","floor":6.0},{"not_picked":["Guardian:Recover","Guardian:TimeCapacitor"],"picked":"Guardian:Gem_Yellow","floor":8.0},{"not_picked":["Guardian:Suspension","Guardian:GuardianWhirl"],"picked":"Guardian:Gem_Cyan","floor":10.0},{"not_picked":["Guardian:Gem_Green","Guardian:PrimingBeam"],"picked":"Guardian:EvasiveProtocol","floor":11.0},{"not_picked":["Guardian:TemporalShield","Guardian:ChargeCore"],"picked":"Guardian:StasisField","floor":12.0},{"not_picked":["Guardian:TimeBomb","Guardian:Incinerate"],"picked":"Guardian:TemporalStrike","floor":13.0},{"not_picked":["Guardian:Gem_Lightblue","Guardian:ShieldCharger"],"picked":"Guardian:Gem_Green","floor":15.0},{"not_picked":["Guardian:GemFinder","Guardian:BaubleBeam"],"picked":"Guardian:ExploitGems","floor":16.0},{"not_picked":["Guardian:Suspension","Guardian:CrystalBeam+1"],"picked":"Guardian:Gem_Green","floor":19.0},{"not_picked":["Guardian:Orbwalk","Guardian:RollAttack"],"picked":"Guardian:BronzeOrb","floor":20.0},{"not_picked":["Guardian:PolyBeam+1","Guardian:ChargeUp"],"picked":"Guardian:Gem_Cyan","floor":21.0},{"not_picked":["Guardian:Incinerate","Guardian:Gem_Cyan"],"picked":"Guardian:Gem_Blue","floor":25.0},{"not_picked":["Guardian:DonusPower+1","Guardian:HyperBeam_Guardian"],"picked":"Guardian:ShieldSpikes","floor":26.0},{"not_picked":["Guardian:RefractedBeam","Guardian:Gem_Cyan"],"picked":"Guardian:Incinerate","floor":28.0},{"not_picked":["Guardian:EvasiveProtocol","Guardian:FloatingOrbs+1"],"picked":"Guardian:TemporalShield","floor":30},{"not_picked":["Guardian:Suspension+1","Guardian:CrystalBeam"],"picked":"Guardian:Reroute","floor":31},{"not_picked":["Guardian:CrystalBeam","Guardian:Orbwalk"],"picked":"Guardian:Incinerate","floor":32},{"not_picked":["Guardian:StasisField","Guardian:StasisEngine"],"picked":"Guardian:SphericShield","floor":33},{"not_picked":["Guardian:Gem_Lightblue","Guardian:BronzeArmor"],"picked":"Guardian:Gem_Cyan","floor":36},{"not_picked":["Guardian:TemporalStrike","Guardian:ChargeUp+1"],"picked":"Guardian:Gem_Green","floor":37},{"not_picked":["Guardian:SentryBeam","Guardian:CrystalBeam"],"picked":"Guardian:Harden+1","floor":39},{"not_picked":["Guardian:CrystalBeam+1","Guardian:Orbwalk+1"],"picked":"Guardian:Gem_Purple","floor":40},{"not_picked":["Guardian:FloatingOrbs+1","Guardian:Gem_Red"],"picked":"Guardian:Gem_Green","floor":44},{"not_picked":["Guardian:TimeBomb","Guardian:WalkerClaw"],"picked":"Guardian:Recover+1","floor":46},{"not_picked":["Guardian:SpikerProtocol","Guardian:VentSteam+1"],"picked":"Guardian:Gem_Cyan","floor":47},{"not_picked":["Guardian:PrimingBeam","Guardian:WalkerClaw"],"picked":"Guardian:Gem_Orange","floor":48},{"not_picked":["Guardian:Harden+1","Guardian:ChargeUp"],"picked":"Guardian:Preprogram+1","floor":49},{"not_picked":["Guardian:BronzeArmor+1","Guardian:Harden+1","Guardian:CrystalBeam+1"],"picked":"SKIP","floor":52}],"player_experience":545708,"relics_obtained":[{"floor":10.0,"key":"Nunchaku"},{"floor":24.0,"key":"Bottled Flame"},{"floor":28.0,"key":"Guardian:PocketSentry"},{"floor":41,"key":"Dream Catcher"},{"floor":44,"key":"Juzu Bracelet"},{"floor":48,"key":"Orichalcum"},{"floor":52,"key":"hexamod:BolsterEngine"}],"event_choices":[{"damage_healed":0.0,"max_hp_gain":0.0,"max_hp_loss":0.0,"gold_gain":0.0,"event_name":"The Library","player_choice":"Read","floor":27.0,"gold_loss":0.0,"damage_taken":0.0,"cards_obtained":["Guardian:EvasiveProtocol"]}],"is_beta":false,"boss_relics":[{"not_picked":["Runic Pyramid","Tiny House"],"picked":"sneckomod:SneckoTalon"},{"not_picked":["Cursed Key","Pandora\u0027s Box"],"picked":"Philosopher\u0027s Stone"}],"items_purged_floors":[21,47],"is_endless":false,"potions_floor_spawned":[4,10,11,12,13,16,19,20,32,33,40,44,46],"ascension_level":10}}