{"host":"phniwng9zo19jwdb","time":1612406224,"event":{"mods":["AchievementEnabler","BaseMod","Colored Powertips","Dark Map","Faster Ascension Climbing","GifTheSpireLib","Minty Spire (QoL Compilation)","Permanent Neow","Rare Cards Sparkle","Relic Filter Mod","StSLib","Weighted Paths"],"gold_per_floor":[112,128,148,165,2,30,48,48,48,4,4,31,31,56,56,133,133,148,168,168,184,184,210,210,241,265,190,21,41,59,84,84,84,84],"floor_reached":33,"language":"ENG","playtime":1217,"items_purged":[],"score":750,"play_id":"095c281e-46f3-4d62-8700-315f0d349e52","local_time":"20210204033704","is_ascension_mode":true,"campfire_choices":[{"floor":8.0,"key":"REST"},{"data":"Envenom","floor":11.0,"key":"SMITH"},{"data":"After Image","floor":13,"key":"SMITH"},{"data":"Blade Dance","floor":15,"key":"SMITH"},{"floor":24,"key":"REST"},{"floor":32,"key":"REST"}],"circlet_count":0,"master_deck":["AscendersBane","Strike_G","Strike_G","Defend_G","Defend_G","Defend_G","Defend_G","Defend_G","Survivor","Neutralize","After Image+1","Blade Dance","Blade Dance+1","Backstab","Predator","Eviscerate","Envenom+1","Noxious Fumes","Blade Dance","Distraction","After Image","Blur+1","Sucker Punch+1","Accuracy+1","Backstab","Prepared+1","Backflip","Tools of the Trade"],"relics":["Ring of the Snake","HandDrill","Pen Nib","Tingsha","The Specimen","Torii","Astrolabe","Peace Pipe","Bottled Lightning","Bronze Scales","Lantern","Bag of Preparation"],"acts_visited":["Exordium","TheCity"],"potions_floor_usage":[12,16,18,23,30,31],"damage_taken":[{"damage":3.0,"enemies":"Cultist","floor":1.0,"turns":5.0},{"damage":0.0,"enemies":"Jaw Worm","floor":2.0,"turns":5.0},{"damage":5.0,"enemies":"Small Slimes","floor":3.0,"turns":3.0},{"damage":0.0,"enemies":"2 Fungi Beasts","floor":4.0,"turns":3.0},{"damage":29.0,"enemies":"Gremlin Nob","floor":6.0,"turns":4.0},{"damage":1.0,"enemies":"Blue Slaver","floor":7.0,"turns":2.0},{"damage":0,"enemies":"Lagavulin","floor":12,"turns":2},{"damage":1,"enemies":"3 Sentries","floor":14,"turns":6},{"damage":3,"enemies":"Hexaghost","floor":16,"turns":8},{"damage":0,"enemies":"Shell Parasite","floor":18,"turns":6},{"damage":0,"enemies":"Spheric Guardian","floor":19,"turns":7},{"damage":19,"enemies":"3 Cultists","floor":21,"turns":5},{"damage":26,"enemies":"Gremlin Leader","floor":23,"turns":7},{"damage":10,"enemies":"Book of Stabbing","floor":25,"turns":4},{"damage":13,"enemies":"Centurion and Healer","floor":29,"turns":6},{"damage":7,"enemies":"Shelled Parasite and Fungi","floor":30,"turns":5},{"damage":0,"enemies":"Gremlin Leader","floor":31,"turns":5},{"damage":39,"enemies":"Collector","floor":33,"turns":5}],"seed_played":"-8277942180077247425","potions_obtained":[{"floor":2.0,"key":"Fire Potion"},{"floor":4.0,"key":"GamblersBrew"},{"floor":14,"key":"SkillPotion"},{"floor":16,"key":"SpeedPotion"},{"floor":21,"key":"Regen Potion"},{"floor":25,"key":"Swift Potion"},{"floor":30,"key":"ColorlessPotion"},{"floor":31,"key":"SpeedPotion"}],"is_trial":false,"path_per_floor":["M","M","M","M","$","E","M","R","T","$","R","E","R","E","R","B",null,"M","M","?","M","?","E","R","E","T","?","$","M","M","E","R","B"],"character_chosen":"THE_SILENT","items_purchased":["HandDrill","Noxious Fumes","Lantern"],"campfire_rested":3,"item_purchase_floors":[5,10,28],"current_hp_per_floor":[41,41,36,36,36,7,6,25,25,25,25,25,25,24,24,21,55,55,55,55,36,36,25,44,34,34,34,34,21,14,14,33,0,0],"gold":84,"neow_bonus":"THREE_RARE_CARDS","is_daily":false,"chose_seed":false,"campfire_upgraded":3,"win_rate":0.0,"timestamp":1612406224,"path_taken":["M","?","M","M","?","E","M","R","T","?","R","E","R","E","R","BOSS","M","M","?","M","?","E","R","E","T","?","$","M","M","E","R","BOSS"],"items_purchased_type":["Relic","Card","Relic"],"build_version":"2020-12-22","purchased_purges":0,"victory":false,"max_hp_per_floor":[66,66,66,66,66,66,66,66,66,66,66,66,66,66,66,66,66,66,66,66,66,66,66,66,66,66,66,66,66,66,66,66,66,66],"card_choices":[{"not_picked":["Storm of Steel","Grand Finale"],"picked":"After Image","floor":0.0},{"not_picked":["Blur","Slice"],"picked":"Blade Dance","floor":1.0},{"not_picked":["Underhanded Strike","PiercingWail"],"picked":"Blade Dance","floor":2.0},{"not_picked":["Sucker Punch","PiercingWail"],"picked":"Backstab","floor":3.0},{"not_picked":["Outmaneuver","Dodge and Roll"],"picked":"Predator","floor":4.0},{"not_picked":["Flying Knee","Slice"],"picked":"Eviscerate","floor":6.0},{"not_picked":["Deadly Poison","Cloak And Dagger"],"picked":"Envenom","floor":7.0},{"not_picked":["Expertise","Accuracy"],"picked":"Blade Dance","floor":12},{"not_picked":["Well Laid Plans","Masterful Stab"],"picked":"Distraction","floor":14},{"not_picked":["Die Die Die","Burst"],"picked":"After Image","floor":16},{"not_picked":["Dagger Spray","PiercingWail","Dodge and Roll"],"picked":"SKIP","floor":18},{"not_picked":["Flying Knee","Riddle With Holes","Sucker Punch"],"picked":"SKIP","floor":19},{"not_picked":["Setup","Dagger Throw","Predator"],"picked":"SKIP","floor":21},{"not_picked":["Slice","All Out Attack"],"picked":"Prepared+1","floor":23},{"not_picked":["Expertise","Well Laid Plans","Caltrops"],"picked":"SKIP","floor":25},{"not_picked":["Distraction","PiercingWail+1"],"picked":"Backflip","floor":29},{"not_picked":["Prepared","Dagger Spray","Underhanded Strike"],"picked":"SKIP","floor":30},{"not_picked":["Quick Slash+1","Prepared"],"picked":"Tools of the Trade","floor":31}],"player_experience":83017,"relics_obtained":[{"floor":6.0,"key":"Pen Nib"},{"floor":9.0,"key":"Tingsha"},{"floor":12,"key":"The Specimen"},{"floor":14,"key":"Torii"},{"floor":23,"key":"Peace Pipe"},{"floor":25,"key":"Bottled Lightning"},{"floor":26,"key":"Bronze Scales"},{"floor":31,"key":"Bag of Preparation"}],"event_choices":[{"damage_healed":0,"gold_gain":0,"player_choice":"Read","damage_taken":0,"max_hp_gain":0,"max_hp_loss":0,"event_name":"The Library","floor":20,"gold_loss":0,"cards_obtained":["Backstab"]},{"damage_healed":0,"gold_gain":0,"player_choice":"Smashed Altar","damage_taken":0,"max_hp_gain":0,"max_hp_loss":0,"event_name":"Forgotten Altar","floor":22,"gold_loss":0,"cards_obtained":["Decay"]},{"cards_removed":["Decay"],"damage_healed":0,"gold_gain":0,"player_choice":"Gave Gold","damage_taken":0,"max_hp_gain":0,"max_hp_loss":0,"event_name":"Beggar","floor":27,"gold_loss":75}],"is_beta":false,"boss_relics":[{"not_picked":["SacredBark","Ectoplasm"],"picked":"Astrolabe"}],"items_purged_floors":[],"is_endless":false,"potions_floor_spawned":[2,4,14,16,21,25,30,31],"killed_by":"Collector","ascension_level":20}}