{"host":"Black","time":1612455344,"event":{"mods":["2.2 Compatiblity","Act Like it!","Always Whale","AlwaysNeverKeys","Ascension Reborn","Aspiration","BaseMod","Beta Mode","BetterRewards","Colored Map","Colored Powertips","Custom Start","DeckTracker","Downfall","Duelist Mod","FetchMod","Friendly Minions","Halation","Hallownest","Highlight Path","Hubris","Marisa????????","Minty Spire (QoL Compilation)","MoreRelics","Quick Restart","Random Character Button","Reimu??????","Shop Mod","StSLib","SuperFastMode","The Animator","The Bug Knight","The Disciple","Unceasing Turn Reminder","everything is the same but u backflip on backflip"],"gold_per_floor":[113,113,113,127,92,126,141,141,141,155,169,169,169,169,169,295,295,318,318,333,333,349,20,20,20,20,20,41,56,72,90,90,213,213,231,249,263,263,263,263,283,283,330,330,330,346,346,362,362,362],"floor_reached":51,"language":"ENG","playtime":2955,"items_purged":[],"score":676,"play_id":"28fd1c25-c21a-4ce1-92ff-c8883cdd7762","local_time":"20210204171544","is_ascension_mode":false,"campfire_choices":[{"data":"True Grit","floor":12,"key":"SMITH"},{"data":"Shrug It Off","floor":15,"key":"SMITH"},{"data":"Infernal Blade","floor":24,"key":"SMITH"},{"data":"Bullet Time","floor":27,"key":"SMITH"},{"data":"Dark Embrace","floor":32,"key":"SMITH"},{"data":"Exhume","floor":40,"key":"SMITH"},{"floor":44,"key":"REST"},{"floor":47,"key":"REST"},{"data":"Catalyst","floor":49,"key":"SMITH"}],"circlet_count":0,"master_deck":["Infernal Blade+1","Infernal Blade+1","Infernal Blade+1","Infernal Blade+1","Infernal Blade+1","Infernal Blade+1","Infernal Blade+1","Infernal Blade+1","Infernal Blade+1","Infernal Blade+1","Shrug It Off+1","Dark Embrace+1","Well Laid Plans+1","True Grit+1","Seeing Red+1","Bullet Time+1","Dual Wield+1","hubris:StunningStrike+1","Thinking Ahead+1","Thunderclap+1","Infernal Blade+1","Sentinel+1","Exhume+1","Shockwave+1","Infernal Blade+1","Burning Pact+1","Catalyst+1"],"relics":["Burning Blood","HollowMod:LifeEnderRelic","aspiration:FetidBarrel","hubris:DisguiseKit","Singing Bowl","hexamod:BolsterEngine","Blue Candle","Golden Idol","halation:HeavySnake","bronze:BronzeIdol","Pantograph","halation:ForbiddenBikini","hubris:MysteriousPyramids","halation:PrussianBluePaint","halation:StarCompass"],"acts_visited":["Exordium","TheCity","TheBeyond"],"potions_floor_usage":[22,50,50],"damage_taken":[{"damage":0,"enemies":"2 Louse","floor":1,"turns":1},{"damage":2,"enemies":"Cultist","floor":4,"turns":2},{"damage":19,"enemies":"3 Sentries","floor":6,"turns":3},{"damage":0,"enemies":"Small Slimes","floor":7,"turns":2},{"damage":0,"enemies":"Red Slaver","floor":10,"turns":1},{"damage":9,"enemies":"Blue Slaver","floor":11,"turns":3},{"damage":20,"enemies":"The Guardian","floor":16,"turns":6},{"damage":4,"enemies":"3 Byrds","floor":18,"turns":3},{"damage":6,"enemies":"Shell Parasite","floor":20,"turns":3},{"damage":21,"enemies":"Centurion and Healer","floor":22,"turns":3},{"damage":0,"enemies":"Snake Plant","floor":28,"turns":2},{"damage":2,"enemies":"3 Cultists","floor":29,"turns":2},{"damage":2,"enemies":"Centurion and Healer","floor":30,"turns":3},{"damage":0,"enemies":"Chosen and Byrds","floor":31,"turns":1},{"damage":22,"enemies":"Collector","floor":33,"turns":4},{"damage":0,"enemies":"3 Darklings","floor":35,"turns":2},{"damage":9,"enemies":"3 Shapes","floor":36,"turns":3},{"damage":1,"enemies":"3 Darklings","floor":37,"turns":2},{"damage":15,"enemies":"Jaw Worm Horde","floor":41,"turns":2},{"damage":31,"enemies":"Transient","floor":46,"turns":5},{"damage":2,"enemies":"3 Darklings","floor":48,"turns":3},{"damage":52,"enemies":"Awakened One","floor":50,"turns":6}],"seed_played":"-4895344323681553213","potions_obtained":[{"floor":1,"key":"PowerPotion"},{"floor":7,"key":"SpeedPotion"},{"floor":16,"key":"LiquidBronze"},{"floor":18,"key":"PowerPotion"},{"floor":30,"key":"BlessingOfTheForge"},{"floor":31,"key":"champ:CounterPotion"},{"floor":48,"key":"Energy Potion"}],"is_trial":true,"path_per_floor":["M","?","?","M","$","E","M","?","T","M","M","R","?","?","R","B",null,"M","?","M","?","M","$","R","$","T","R","M","M","M","M","R","B",null,"M","M","M","T","$","R","M","?","T","R","?","M","R","M","R","B",null],"character_chosen":"IRONCLAD","items_purchased":["Dark Embrace","bronze:BronzeIdol","Thinking Ahead"],"campfire_rested":2,"item_purchase_floors":[5,23,23],"current_hp_per_floor":[80,64,64,68,68,55,63,63,63,69,66,66,66,66,66,52,76,76,76,76,76,63,63,63,63,63,63,69,73,77,80,80,64,80,80,77,82,82,82,82,75,75,75,84,84,59,84,84,84,38],"gold":362,"neow_bonus":"","is_daily":false,"chose_seed":false,"campfire_upgraded":7,"win_rate":0.0,"timestamp":1612455344,"path_taken":["M","?","?","?","$","E","M","?","T","M","?","R","?","?","R","BOSS","M","?","?","?","M","$","R","$","T","R","M","M","M","M","R","BOSS","M","M","M","?","?","R","M","?","T","R","?","M","R","M","R","BOSS"],"items_purchased_type":["Card","Relic","Card"],"build_version":"2020-12-22","purchased_purges":0,"victory":true,"max_hp_per_floor":[80,80,80,80,80,80,82,82,82,82,82,82,76,76,76,76,76,76,76,76,76,78,78,78,78,78,78,78,78,78,80,80,80,80,80,80,82,82,82,82,84,84,84,84,84,84,84,84,84,84],"card_choices":[{"not_picked":["Entrench","Anger","Prepared"],"picked":"Shrug It Off","floor":1},{"not_picked":["Searing Blow","Heavy Blade","Sucker Punch"],"picked":"Warcry","floor":4},{"not_picked":["Perfected Strike","Flex","Bloodletting"],"picked":"Well Laid Plans","floor":6},{"not_picked":["Iron Wave","Battle Trance","Rampage","PiercingWail"],"picked":"Singing Bowl","floor":7},{"not_picked":["Heavy Blade","Burning Pact","Heel Hook"],"picked":"True Grit","floor":10},{"not_picked":["Flex","Entrench","Setup"],"picked":"Seeing Red","floor":11},{"not_picked":["Limit Break","Corruption","Barricade"],"picked":"Bullet Time","floor":16},{"not_picked":["Body Slam","Dropkick","Slice"],"picked":"Fire Breathing","floor":18},{"not_picked":["Sever Soul","Headbutt+1","Dagger Spray"],"picked":"Dual Wield+1","floor":20},{"not_picked":["Cleave","Flex","Warcry","hubris:TrickCloak"],"picked":"Singing Bowl","floor":22},{"not_picked":["Anger+1","Cleave","Dagger Throw"],"picked":"Thunderclap","floor":28},{"not_picked":["Cleave","Thunderclap","Flying Knee"],"picked":"Infernal Blade","floor":29},{"not_picked":["Clash","Iron Wave","Flying Knee"],"picked":"Sentinel+1","floor":30},{"not_picked":["Heavy Blade","Headbutt+1","Thunderclap","Dodge and Roll"],"picked":"Singing Bowl","floor":31},{"not_picked":["Limit Break","Impervious","Bullet Time"],"picked":"Exhume","floor":33},{"not_picked":["Iron Wave+1","Clothesline+1","Leg Sweep"],"picked":"Shockwave+1","floor":35},{"not_picked":["Flame Barrier","Havoc","Dagger Throw"],"picked":"Infernal Blade+1","floor":36},{"not_picked":["True Grit","Reckless Charge+1","Wild Strike+1","Dagger Spray"],"picked":"Singing Bowl","floor":37},{"not_picked":["hubris:StunningStrike","Havoc","Clothesline","Acrobatics"],"picked":"Singing Bowl","floor":41},{"not_picked":["Headbutt+1","Heavy Blade+1","Deadly Poison"],"picked":"Burning Pact","floor":46},{"not_picked":["Twin Strike","Dark Embrace+1","Shockwave+1"],"picked":"Catalyst","floor":48}],"player_experience":469307,"relics_obtained":[{"floor":6,"key":"Singing Bowl"},{"floor":8,"key":"hexamod:BolsterEngine"},{"floor":9,"key":"Blue Candle"},{"floor":26,"key":"Pantograph"},{"floor":38,"key":"hubris:MysteriousPyramids"},{"floor":43,"key":"halation:PrussianBluePaint"}],"event_choices":[{"damage_healed":0,"gold_gain":0,"player_choice":"Entered Light","damage_taken":16,"max_hp_gain":0,"max_hp_loss":0,"event_name":"Shining Light","floor":2,"gold_loss":0,"cards_upgraded":["Infernal Blade","Infernal Blade"]},{"damage_healed":0,"gold_gain":0,"player_choice":"Upgraded","damage_taken":0,"max_hp_gain":0,"max_hp_loss":0,"event_name":"Upgrade Shrine","floor":3,"gold_loss":0,"cards_upgraded":["Infernal Blade"]},{"damage_healed":0,"gold_gain":0,"player_choice":"Relic","damage_taken":0,"max_hp_gain":0,"max_hp_loss":0,"event_name":"Wheel of Change","floor":8,"gold_loss":0},{"damage_healed":0,"gold_gain":0,"player_choice":"Lose Max HP","damage_taken":0,"relics_obtained":["Golden Idol"],"max_hp_gain":0,"max_hp_loss":6,"event_name":"Golden Idol","floor":13,"gold_loss":0},{"cards_removed":["Fire Breathing"],"damage_healed":0,"gold_gain":0,"player_choice":"Offered Uncommon","damage_taken":0,"max_hp_gain":0,"max_hp_loss":0,"event_name":"Bonfire Elementals","floor":19,"gold_loss":0},{"damage_healed":0,"gold_gain":0,"cards_transformed":["Warcry"],"player_choice":"Transformed","damage_taken":0,"max_hp_gain":0,"max_hp_loss":0,"event_name":"Transmorgrifier","floor":21,"gold_loss":0,"cards_obtained":["hubris:StunningStrike"]}],"is_beta":true,"boss_relics":[{"not_picked":["SacredBark","hubris:RunicObelisk"],"picked":"halation:HeavySnake"},{"not_picked":["hubris:ScarierMask","halation:Prosthetics"],"picked":"halation:ForbiddenBikini"}],"items_purged_floors":[],"is_endless":false,"potions_floor_spawned":[1,7,16,18,20,30,31,37,48],"ascension_level":0}}