{"host":"lwpvkgc6ydwupigp","time":1612471456,"event":{"mods":["AchievementEnabler","BaseMod","Bestiary","Minty Spire (QoL Compilation)","Quick Restart","Relic Stats"],"gold_per_floor":[114,114,133,98,108,133,147,147,172,197,17,17,17,37,37,142,142,158,158,158,172,189,189,189],"floor_reached":23,"language":"ENG","playtime":1967,"items_purged":[],"score":201,"play_id":"b79ffd97-0161-4081-9fc3-13efb4952cf3","local_time":"20210204214416","is_ascension_mode":false,"campfire_choices":[{"floor":12,"key":"REST"},{"floor":15,"key":"REST"}],"circlet_count":0,"master_deck":["Strike_G","Strike_G","Strike_G","Strike_G+1","Strike_G","Defend_G","Defend_G","Defend_G","Defend_G","Defend_G","Survivor","Neutralize+1","Sucker Punch","All Out Attack","Endless Agony","Bouncing Flask","Deflect","Deadly Poison","Backstab","Flying Knee","Quick Slash","Backflip","Adrenaline","Phantasmal Killer","Endless Agony","Noxious Fumes","Deflect+1"],"relics":["Ring of the Snake","Ancient Tea Set","Dream Catcher","Lantern","Bronze Scales"],"acts_visited":["Exordium","TheCity"],"potions_floor_usage":[16,22],"damage_taken":[{"damage":0,"enemies":"Cultist","floor":1,"turns":6},{"damage":0,"enemies":"2 Louse","floor":3,"turns":3},{"damage":0,"enemies":"Jaw Worm","floor":5,"turns":2},{"damage":16,"enemies":"Gremlin Nob","floor":6,"turns":4},{"damage":9,"enemies":"Exordium Thugs","floor":7,"turns":4},{"damage":28,"enemies":"3 Sentries","floor":10,"turns":8},{"damage":8,"enemies":"Large Slime","floor":14,"turns":3},{"damage":42,"enemies":"Slime Boss","floor":16,"turns":12},{"damage":27,"enemies":"2 Thieves","floor":18,"turns":3},{"damage":0,"enemies":"3 Byrds","floor":21,"turns":3},{"damage":28,"enemies":"Shelled Parasite and Fungi","floor":22,"turns":5},{"damage":21,"enemies":"Book of Stabbing","floor":23,"turns":1}],"seed_played":"5156566730664867586","potions_obtained":[{"floor":3,"key":"Dexterity Potion"},{"floor":5,"key":"FearPotion"},{"floor":10,"key":"SneckoOil"},{"floor":16,"key":"Weak Potion"},{"floor":22,"key":"AttackPotion"}],"is_trial":false,"path_per_floor":["M","?","M","?","M","E","M","$","T","E","$","R","$","M","R","B",null,"M","?","$","M","M","E"],"character_chosen":"THE_SILENT","items_purchased":["Bronze Scales","Flying Knee"],"campfire_rested":2,"item_purchase_floors":[11,11],"current_hp_per_floor":[70,56,56,70,70,54,45,45,45,17,17,38,38,30,51,9,70,43,43,43,43,15,0,0],"gold":189,"neow_bonus":"THREE_CARDS","is_daily":false,"chose_seed":false,"campfire_upgraded":0,"win_rate":0.0,"timestamp":1612471456,"path_taken":["M","?","M","?","M","E","M","$","T","E","$","R","?","M","R","BOSS","M","?","$","M","M","E"],"items_purchased_type":["Relic","Card"],"build_version":"2020-12-22","purchased_purges":0,"victory":false,"max_hp_per_floor":[70,70,70,70,70,70,70,70,70,70,70,70,70,70,70,70,70,70,70,70,70,70,70,70],"relic_stats":{"Dream Catcher":2,"counters":[12,54],"Bronze Scales":[94],"obtain_stats":[{"Dream Catcher":9,"Lantern":10,"Bronze Scales":11,"Ancient Tea Set":6,"Ring of the Snake":0},{"Dream Catcher":5,"Lantern":6,"Bronze Scales":6,"Ancient Tea Set":4,"Ring of the Snake":0},{"Dream Catcher":19,"Lantern":27,"Bronze Scales":27,"Ancient Tea Set":15,"Ring of the Snake":0}],"Ring of the Snake":[24]},"card_choices":[{"not_picked":["Noxious Fumes","Prepared"],"picked":"Sucker Punch","floor":0},{"not_picked":["Deadly Poison","Deflect"],"picked":"All Out Attack","floor":1},{"not_picked":["Prepared","Slice"],"picked":"Endless Agony","floor":3},{"not_picked":["Deflect","Dodge and Roll"],"picked":"Bouncing Flask","floor":5},{"not_picked":["Night Terror","Storm of Steel"],"picked":"Deflect","floor":6},{"not_picked":["Acrobatics","Choke"],"picked":"Deadly Poison","floor":7},{"not_picked":["PiercingWail","Dodge and Roll"],"picked":"Backstab","floor":10},{"not_picked":["Well Laid Plans","Eviscerate"],"picked":"Quick Slash","floor":12},{"not_picked":["Prepared","Heel Hook"],"picked":"Backflip","floor":14},{"not_picked":["Underhanded Strike","All Out Attack"],"picked":"Adrenaline","floor":15},{"not_picked":["Doppelganger","Adrenaline"],"picked":"Phantasmal Killer","floor":16},{"not_picked":["Heel Hook","Prepared"],"picked":"Endless Agony","floor":18},{"not_picked":["Reflex","Acrobatics"],"picked":"Noxious Fumes","floor":21},{"not_picked":["Underhanded Strike","Slice"],"picked":"Deflect+1","floor":22}],"player_experience":39964,"relics_obtained":[{"floor":6,"key":"Ancient Tea Set"},{"floor":9,"key":"Dream Catcher"},{"floor":10,"key":"Lantern"}],"event_choices":[{"damage_healed":0,"gold_gain":0,"player_choice":"Entered Light","damage_taken":14,"max_hp_gain":0,"max_hp_loss":0,"event_name":"Shining Light","floor":2,"gold_loss":0,"cards_upgraded":["Neutralize","Strike_G"]},{"damage_healed":17,"gold_gain":0,"player_choice":"Healed","damage_taken":0,"max_hp_gain":0,"max_hp_loss":0,"event_name":"The Cleric","floor":4,"gold_loss":35},{"damage_healed":0,"gold_gain":0,"player_choice":"Ignored","damage_taken":0,"max_hp_gain":0,"max_hp_loss":0,"event_name":"Beggar","floor":19,"gold_loss":0}],"is_beta":false,"boss_relics":[{"not_picked":["Coffee Dripper","Ectoplasm","Snecko Eye"]}],"items_purged_floors":[],"is_endless":false,"potions_floor_spawned":[3,5,10,16,22],"killed_by":"Book of Stabbing","ascension_level":0}}