{"host":"vyjryxuuuxkt43k4","time":1612455477,"event":{"mods":["AchievementEnabler","BaseMod","Colored Map","DeckTracker","Keyboard Shortcuts","Minty Spire (QoL Compilation)","Permanent Neow","Quick Restart","Rare Cards Sparkle","Relic Stats","StSLib","SuperFastMode","everything is the same but u backflip on backflip"],"gold_per_floor":[118,136,136,161,161,161,161,161],"floor_reached":7,"language":"KOR","playtime":150,"items_purged":[],"score":70,"play_id":"b907119c-428e-488c-a514-2570d55b687e","local_time":"20210205011757","is_ascension_mode":true,"campfire_choices":[{"data":"Eruption","floor":6.0,"key":"SMITH"}],"circlet_count":0,"master_deck":["AscendersBane","Strike_P","Strike_P","Strike_P","Strike_P","Defend_P","Defend_P","Defend_P","Defend_P","Eruption+1","Vigilance","Halt"],"relics":["SlaversCollar","Golden Idol"],"acts_visited":["Exordium"],"potions_floor_usage":[],"damage_taken":[{"damage":1.0,"enemies":"2 Louse","floor":1.0,"turns":4.0},{"damage":1.0,"enemies":"Small Slimes","floor":2.0,"turns":4.0},{"damage":4.0,"enemies":"Jaw Worm","floor":4.0,"turns":4.0},{"damage":69,"enemies":"Gremlin Nob","floor":7,"turns":5}],"seed_played":"-4447218934458243438","potions_obtained":[],"is_trial":false,"path_per_floor":["M","M","?","M","?","R","E"],"character_chosen":"WATCHER","items_purchased":[],"campfire_rested":0,"item_purchase_floors":[],"current_hp_per_floor":[60,59,42,38,43,43,0,0],"gold":161,"neow_bonus":"BOSS_RELIC","is_daily":false,"chose_seed":false,"campfire_upgraded":1,"win_rate":0.0,"timestamp":1612455477,"path_taken":["M","M","?","M","?","R","E"],"items_purchased_type":[],"build_version":"2020-12-22","purchased_purges":0,"victory":false,"max_hp_per_floor":[68,68,68,68,73,73,73,73],"relic_stats":{"counters":[4,17],"Golden Idol":5,"obtain_stats":[{"SlaversCollar":0,"Golden Idol":3,"PureWater":0},{"SlaversCollar":0,"Golden Idol":2,"PureWater":0},{"SlaversCollar":0,"Golden Idol":8,"PureWater":0}]},"card_choices":[{"not_picked":["PathToVictory","JustLucky"],"picked":"Halt","floor":1.0},{"not_picked":["Consecrate","BowlingBash","JustLucky"],"picked":"SKIP","floor":2.0},{"not_picked":["WindmillStrike","BattleHymn","LikeWater"],"picked":"SKIP","floor":4.0}],"player_experience":718589,"relics_obtained":[],"event_choices":[{"damage_healed":0.0,"max_hp_gain":0.0,"max_hp_loss":0.0,"gold_gain":0.0,"event_name":"Golden Idol","player_choice":"Take Damage","floor":3.0,"gold_loss":0.0,"damage_taken":17.0,"relics_obtained":["Golden Idol"]},{"damage_healed":0.0,"max_hp_gain":5.0,"max_hp_loss":0.0,"gold_gain":0.0,"event_name":"Big Fish","player_choice":"Donut","floor":5.0,"gold_loss":0.0,"damage_taken":0.0}],"is_beta":false,"boss_relics":[],"items_purged_floors":[],"is_endless":false,"potions_floor_spawned":[],"killed_by":"Gremlin Nob","ascension_level":14}}