{"host":"kiehjq3lc4w5t4uc","time":1612427314,"event":{"mods":["AchievementEnabler","BaseMod","BetterRewards","Colored Map","Colored Powertips","DeckTracker","Good Game Mod","Minty Spire (QoL Compilation)","Quick Restart","Rare Cards Sparkle","Relic Stats","Shop Mod","Spicy Shops","StSLib","SuperFastMode"],"gold_per_floor":[119,143,161,111,186,217,217,244,244,254,254,265,14,14,14,118,118,133,133,147,157,157,189,189,216,216,216,234,83,114,3,3,105,105,116,39,57,57,57],"floor_reached":40,"language":"KOR","playtime":2209,"items_purged":["Strike_R"],"score":890,"play_id":"1ae6c174-f1c4-42cf-b58f-6f55943703aa","local_time":"20210204172834","is_ascension_mode":true,"campfire_choices":[{"data":"Apotheosis","floor":11.0,"key":"SMITH"},{"data":"Warcry","floor":15.0,"key":"SMITH"},{"data":"1","floor":24.0,"key":"LIFT"},{"data":"2","floor":27.0,"key":"LIFT"},{"floor":32.0,"key":"REST"}],"circlet_count":0,"master_deck":["Defend_R","Defend_R","Defend_R","Bash","Venomology","Apotheosis+1","Rampage","Warcry+1","Inflame","Headbutt","Spot Weakness","Double Tap","Pommel Strike","Impervious","Battle Trance","RitualDagger","Combust","Headbutt","Berserk","Rupture"],"relics":["Burning Blood","REME:ComplimentaryCards","Charon\u0027s Ashes","Torii","Red Skull","Juzu Bracelet","Bag of Marbles","Mercury Hourglass","Singing Bowl","SlaversCollar","Girya","Toxic Egg 2","Bronze Scales","ClockworkSouvenir","Potion Belt","Bottled Lightning","Empty Cage","PrismaticShard"],"acts_visited":["Exordium","TheCity","TheBeyond"],"potions_floor_usage":[39,39,39],"damage_taken":[{"damage":0.0,"enemies":"Cultist","floor":1.0,"turns":4.0},{"damage":7.0,"enemies":"2 Louse","floor":3.0,"turns":3.0},{"damage":28.0,"enemies":"Gremlin Nob","floor":6.0,"turns":4.0},{"damage":10.0,"enemies":"3 Sentries","floor":8.0,"turns":4.0},{"damage":0.0,"enemies":"Small Slimes","floor":10.0,"turns":2.0},{"damage":1.0,"enemies":"Exordium Thugs","floor":12.0,"turns":3.0},{"damage":28.0,"enemies":"The Guardian","floor":16.0,"turns":7.0},{"damage":0.0,"enemies":"2 Thieves","floor":18.0,"turns":2.0},{"damage":16.0,"enemies":"3 Byrds","floor":20.0,"turns":4.0},{"damage":28.0,"enemies":"Shelled Parasite and Fungi","floor":21.0,"turns":4.0},{"damage":13.0,"enemies":"Book of Stabbing","floor":23.0,"turns":4.0},{"damage":9.0,"enemies":"Gremlin Leader","floor":25.0,"turns":4.0},{"damage":1.0,"enemies":"Centurion and Healer","floor":28.0,"turns":4.0},{"damage":23.0,"enemies":"Book of Stabbing","floor":30.0,"turns":5.0},{"damage":23.0,"enemies":"Automaton","floor":33.0,"turns":7.0},{"damage":16.0,"enemies":"Orb Walker","floor":35.0,"turns":3.0},{"damage":3.0,"enemies":"3 Darklings","floor":37.0,"turns":4.0},{"damage":53,"enemies":"Time Eater","floor":39,"turns":5}],"seed_played":"626650155580611788","potions_obtained":[{"floor":6.0,"key":"DistilledChaos"},{"floor":8.0,"key":"BloodPotion"},{"floor":10.0,"key":"DistilledChaos"},{"floor":23.0,"key":"DistilledChaos"},{"floor":30.0,"key":"Fire Potion"}],"is_trial":false,"path_per_floor":["M","T","M","?","?","E","$","E","T","M","R","M","$","?","R","B",null,"M","?","M","M","?","E","R","E","T","R","M","$","E","$","R","B",null,"M","$","M","?","B",null],"character_chosen":"IRONCLAD","items_purchased":["Apotheosis","Rampage","Torii","Fire Potion","Warcry","Singing Bowl","ClockworkSouvenir","Bottled Lightning","PrismaticShard"],"campfire_rested":1,"item_purchase_floors":[0,0,0,0,0,13,29,31,36],"current_hp_per_floor":[78,78,77,77,66,44,44,56,56,62,62,67,67,60,60,38,70,78,78,70,48,42,35,35,34,34,34,39,39,24,24,50,33,74,66,66,69,69,22],"gold":57,"neow_bonus":"","is_daily":false,"chose_seed":false,"campfire_upgraded":2,"win_rate":0.0,"timestamp":1612427314,"path_taken":["M","?","M","?","?","E","$","E","T","M","R","M","$","?","R","BOSS","M","?","M","M","?","E","R","E","T","R","M","$","E","?","R","BOSS","M","?","M","?","BOSS"],"items_purchased_type":["Card","Card","Relic","Potion","Card","Relic","Relic","Relic","Relic"],"build_version":"2020-12-22","purchased_purges":1,"victory":true,"max_hp_per_floor":[80,80,80,80,80,80,80,80,80,80,80,80,80,80,80,80,80,82,82,84,84,84,84,84,86,86,86,86,86,88,88,88,88,88,90,90,90,90,90],"relic_stats":{"Torii":22,"Singing Bowl":10,"counters":[18,73],"Bronze Scales":[87],"Charon\u0027s Ashes":[231],"Juzu Bracelet":1,"obtain_stats":[{"Potion Belt":30,"Girya":23,"Torii":0,"Singing Bowl":13,"Charon\u0027s Ashes":0,"Juzu Bracelet":6,"Empty Cage":34,"PrismaticShard":36,"Burning Blood":0,"Mercury Hourglass":9,"ClockworkSouvenir":29,"SlaversCollar":17,"REME:ComplimentaryCards":0,"Bronze Scales":26,"Bag of Marbles":8,"Bottled Lightning":31,"Toxic Egg 2":25,"Red Skull":2},{"Potion Belt":14,"Girya":11,"Torii":0,"Singing Bowl":6,"Charon\u0027s Ashes":0,"Juzu Bracelet":3,"Empty Cage":15,"PrismaticShard":16,"Burning Blood":0,"Mercury Hourglass":4,"ClockworkSouvenir":13,"SlaversCollar":7,"REME:ComplimentaryCards":0,"Bronze Scales":12,"Bag of Marbles":4,"Bottled Lightning":14,"Toxic Egg 2":12,"Red Skull":1},{"Potion Belt":54,"Girya":41,"Torii":0,"Singing Bowl":20,"Charon\u0027s Ashes":0,"Juzu Bracelet":11,"Empty Cage":61,"PrismaticShard":64,"Burning Blood":0,"Mercury Hourglass":15,"ClockworkSouvenir":49,"SlaversCollar":27,"REME:ComplimentaryCards":0,"Bronze Scales":45,"Bag of Marbles":15,"Bottled Lightning":54,"Toxic Egg 2":45,"Red Skull":4}],"Burning Blood":108,"Mercury Hourglass":[219]},"card_choices":[{"not_picked":["Sword Boomerang","Armaments"],"picked":"Inflame","floor":1.0},{"not_picked":["Anger","Carnage"],"picked":"Headbutt","floor":3.0},{"not_picked":["Uppercut","Wild Strike"],"picked":"Spot Weakness","floor":6.0},{"not_picked":["Metallicize","Shrug It Off"],"picked":"Double Tap","floor":8.0},{"not_picked":["Burning Pact","Cleave","Shockwave"],"picked":"SKIP","floor":10.0},{"not_picked":["Dropkick","Flame Barrier"],"picked":"Pommel Strike","floor":12.0},{"not_picked":["Corruption","Fiend Fire"],"picked":"Impervious","floor":16.0},{"not_picked":["Uppercut","Thunderclap","Second Wind"],"picked":"Singing Bowl","floor":18.0},{"not_picked":["Thunderclap","Clothesline","Clash"],"picked":"Singing Bowl","floor":20.0},{"not_picked":["Rage","Body Slam"],"picked":"Battle Trance","floor":21.0},{"not_picked":["Barricade","Wild Strike"],"picked":"Combust","floor":23.0},{"not_picked":["Immolate","Twin Strike","Flame Barrier+1"],"picked":"Singing Bowl","floor":25.0},{"not_picked":["Body Slam","Reckless Charge+1"],"picked":"Headbutt","floor":28.0},{"not_picked":["Sword Boomerang","Havoc+1","Uppercut"],"picked":"Singing Bowl","floor":30.0},{"not_picked":["Bludgeon","Double Tap+1"],"picked":"Berserk","floor":33.0},{"not_picked":["True Grit+1","Disarm+1","Dark Embrace"],"picked":"Singing Bowl","floor":35.0},{"not_picked":["Redo+1","Flex+1"],"picked":"Rupture","floor":37.0}],"player_experience":144505,"relics_obtained":[{"floor":2.0,"key":"Red Skull"},{"floor":6.0,"key":"Juzu Bracelet"},{"floor":8.0,"key":"Bag of Marbles"},{"floor":9.0,"key":"Mercury Hourglass"},{"floor":23.0,"key":"Girya"},{"floor":25.0,"key":"Toxic Egg 2"},{"floor":26.0,"key":"Bronze Scales"},{"floor":30.0,"key":"Potion Belt"}],"event_choices":[{"cards_removed":["Strike_R"],"damage_healed":0.0,"max_hp_gain":0.0,"max_hp_loss":0.0,"gold_gain":0.0,"event_name":"The Cleric","player_choice":"Card Removal","floor":4.0,"gold_loss":50.0,"damage_taken":0.0},{"damage_healed":0.0,"max_hp_gain":0.0,"max_hp_loss":0.0,"gold_gain":75.0,"event_name":"World of Goop","player_choice":"Gather Gold","floor":5.0,"gold_loss":0.0,"damage_taken":11.0},{"cards_removed":["Defend_R"],"damage_healed":0.0,"max_hp_gain":0.0,"max_hp_loss":0.0,"gold_gain":0.0,"event_name":"Golden Wing","player_choice":"Card Removal","floor":14.0,"gold_loss":0.0,"damage_taken":7.0},{"cards_removed":["Strike_R"],"damage_healed":0.0,"max_hp_gain":0.0,"max_hp_loss":0.0,"gold_gain":0.0,"event_name":"Back to Basics","player_choice":"Elegance","floor":19.0,"gold_loss":0.0,"damage_taken":0.0},{"damage_healed":0.0,"max_hp_gain":0.0,"max_hp_loss":0.0,"gold_gain":0.0,"event_name":"Nest","player_choice":"Joined the Cult","floor":22.0,"gold_loss":0.0,"damage_taken":6.0,"cards_obtained":["RitualDagger"]},{"damage_healed":0.0,"max_hp_gain":0.0,"max_hp_loss":0.0,"gold_gain":0.0,"event_name":"SecretPortal","player_choice":"Took Portal","floor":38.0,"gold_loss":0.0,"damage_taken":0.0}],"is_beta":false,"boss_relics":[{"not_picked":["Black Blood","Tiny House"],"picked":"SlaversCollar"},{"not_picked":["Coffee Dripper","Fusion Hammer"],"picked":"Empty Cage"}],"items_purged_floors":[0],"is_endless":false,"potions_floor_spawned":[6,8,10,12,20,23,30],"ascension_level":8}}