{"host":"eu5wvbbtjeiar27l","time":1612425176,"event":{"mods":["Astrologer","BaseMod","Colored Powertips","Conspire","Energized Spire","Hubris","Infinite Spire","Mad Scientist","Melee Mod","Minty Spire (QoL Compilation)","Potionbrewer","Rare Cards Sparkle","StSLib","The Construct","The Jungle","The Runesmith","The Valiant","Treasure Hunter"],"gold_per_floor":[117,131,151,151,151,184,195,4,4,36,49,68,68,79,79,179,179,197,197,54,54,54,54,73,100,100,119,131,131,143,143,143,246,246,264,274,274,289,289,322,334,334,334],"floor_reached":42,"language":"ENG","playtime":2089,"items_purged":["Defend_B","Defend_B"],"score":462,"play_id":"9505dec8-0934-4770-b110-9cae4082a8c6","local_time":"20210204075256","is_ascension_mode":false,"campfire_choices":[{"data":"hubris:EnhanceAbility","floor":13,"key":"SMITH"},{"data":"Loop","floor":15,"key":"SMITH"},{"data":"Storm","floor":23,"key":"SMITH"},{"data":"infinitespire:NeuralNetwork","floor":32,"key":"SMITH"}],"circlet_count":0,"master_deck":["Strike_B","Strike_B","Defend_B","Defend_B","Zap","Dualcast","Rainbow","Auto Shields","Coolheaded","Loop+1","Genetic Algorithm","hubris:EnhanceAbility+1","Glacier","hubris:PowerSurge","Electrodynamics","Barrage","Study","Storm+1","infinitespire:NeuralNetwork+1","Self Repair+1","infinitespire:FutureSight","Barrage","Defragment+1","infinitespire:UltimateForm+1","Buffer","hubris:NaturalOne","Self Repair","hubris:PowerSurge+1","Forethought","conspire:SharedLibrary+1"],"relics":["Cracked Core","hubris:SphereOfDissonance","Mummified Hand","hubris:DeckOfHolding","hubris:Stopwatch","hubris:Icosahedron","infinitespire:Beetle Shell","hubris:TinFlute","conspire:TreasureMap","GremlinMask","Black Star","infinitespire:Eraser","Lantern"],"acts_visited":["Exordium","TheCity","TheBeyond"],"potions_floor_usage":[10,11,33],"damage_taken":[{"damage":4,"enemies":"Cultist","floor":1,"turns":4},{"damage":0,"enemies":"Small Slimes","floor":2,"turns":3},{"damage":0,"enemies":"2 Louse","floor":3,"turns":3},{"damage":15,"enemies":"Lagavulin","floor":6,"turns":8},{"damage":6,"enemies":"2 Fungi Beasts","floor":7,"turns":3},{"damage":5,"enemies":"Gremlin Nob","floor":10,"turns":4},{"damage":0,"enemies":"Looter","floor":11,"turns":3},{"damage":9,"enemies":"Large Slime","floor":12,"turns":7},{"damage":1,"enemies":"3 Louse","floor":14,"turns":3},{"damage":13,"enemies":"Slime Boss","floor":16,"turns":5},{"damage":7,"enemies":"2 Thieves","floor":18,"turns":3},{"damage":0,"enemies":"Chosen","floor":24,"turns":3},{"damage":6,"enemies":"Nightmare","floor":25,"turns":7},{"damage":5,"enemies":"Sentry and Sphere","floor":27,"turns":3},{"damage":15,"enemies":"Snake Plant","floor":28,"turns":2},{"damage":0,"enemies":"3 Cultists","floor":30,"turns":2},{"damage":16,"enemies":"Automaton","floor":33,"turns":6},{"damage":0,"enemies":"3 Darklings","floor":35,"turns":3},{"damage":0,"enemies":"3 Shapes","floor":36,"turns":1},{"damage":0,"enemies":"Transient","floor":38,"turns":5},{"damage":27,"enemies":"Nemesis","floor":40,"turns":7},{"damage":14,"enemies":"Writhing Mass","floor":41,"turns":3},{"damage":56,"enemies":"Nightmare","floor":42,"turns":4}],"seed_played":"6088908539356978306","potions_obtained":[{"floor":3,"key":"potionbrewer:DiscountPotion"},{"floor":6,"key":"PowerPotion"},{"floor":14,"key":"SpeedPotion"},{"floor":16,"key":"Strength Potion"},{"floor":25,"key":"SmokeBomb"},{"floor":30,"key":"potionbrewer:AcidPotion"},{"floor":41,"key":"ColorlessPotion"}],"is_trial":false,"path_per_floor":["M","M","M","?","?","E","M","$","T","E","M","M","R","M","R","B",null,"M","?","$","?","?","R","M","NM","T","M","M","AVR","M","?","R","B",null,"M","M","?","M","?","E","M","NM"],"character_chosen":"DEFECT","items_purchased":["hubris:EnhanceAbility","Storm"],"campfire_rested":0,"item_purchase_floors":[8,20],"current_hp_per_floor":[71,71,71,76,76,61,55,55,55,50,50,41,41,40,40,27,80,73,73,73,54,54,54,54,58,58,53,48,48,48,48,48,42,80,80,80,80,80,80,70,56,0,0],"gold":334,"neow_bonus":"TRANSFORM_CARD","is_daily":false,"chose_seed":false,"campfire_upgraded":4,"win_rate":0.0,"timestamp":1612425176,"path_taken":["M","?","M","?","?","E","M","$","T","E","?","M","R","?","R","BOSS","M","?","$","?","?","R","M","NM","T","M","M","AVR","M","?","R","BOSS","M","M","?","M","?","E","?","NM"],"items_purchased_type":["Card","Card"],"build_version":"2020-12-22","purchased_purges":2,"victory":false,"max_hp_per_floor":[75,75,75,80,80,80,80,80,80,80,80,80,80,80,80,80,80,80,80,80,80,80,80,80,80,80,80,80,80,80,80,80,80,80,80,80,80,80,80,80,80,80,80],"card_choices":[{"not_picked":["White Noise","Hologram"],"picked":"Auto Shields","floor":1},{"not_picked":["Gash","Conserve Battery"],"picked":"Coolheaded","floor":2},{"not_picked":["Sweeping Beam","Conserve Battery","hubris:Ukulele"],"picked":"SKIP","floor":3},{"not_picked":["Rebound","Creative AI"],"picked":"Loop","floor":6},{"not_picked":["TH:BikiniMail","TH:ElvenBoots"],"picked":"SKIP","floor":6},{"not_picked":["Turbo","Beam Cell"],"picked":"Genetic Algorithm","floor":7},{"not_picked":["TH:CursedSword","TH:PixieDust"],"picked":"SKIP","floor":9},{"not_picked":["TH:CursedSword","TH:ElvenBoots"],"picked":"SKIP","floor":10},{"not_picked":["Doom and Gloom","Beam Cell","Steam"],"picked":"SKIP","floor":10},{"not_picked":["Sweeping Beam","Ball Lightning"],"picked":"Glacier","floor":11},{"not_picked":["Beam Cell","Go for the Eyes","Thunder Strike"],"picked":"SKIP","floor":12},{"not_picked":["Go for the Eyes","Scrape"],"picked":"hubris:PowerSurge","floor":14},{"not_picked":["Amplify","Meteor Strike"],"picked":"Electrodynamics","floor":16},{"not_picked":["Go for the Eyes","Double Energy"],"picked":"Barrage","floor":18},{"not_picked":["infinitespire:SevenWalls","infinitespire:Gouge"],"picked":"infinitespire:NeuralNetwork","floor":21},{"not_picked":["Hello World+1","Compile Driver"],"picked":"Self Repair+1","floor":24},{"not_picked":["infinitespire:Punishment","infinitespire:Menacing"],"picked":"infinitespire:FutureSight","floor":25},{"not_picked":["Hologram+1","BootSequence"],"picked":"Barrage","floor":25},{"not_picked":["TH:DeckOfManyThings","TH:ArmorSpikes"],"picked":"SKIP","floor":25},{"not_picked":["TH:CursedSword","TH:Mimic"],"picked":"SKIP","floor":26},{"not_picked":["Gash","Rebound+1","Steam Power"],"picked":"SKIP","floor":27},{"not_picked":["Beam Cell","Gash+1"],"picked":"Defragment+1","floor":28},{"not_picked":["Beam Cell+1","Redo+1","Go for the Eyes"],"picked":"SKIP","floor":30},{"not_picked":["Biased Cognition","Reboot"],"picked":"Buffer","floor":33},{"not_picked":["Stack+1","Hologram+1","Ball Lightning"],"picked":"SKIP","floor":35},{"not_picked":["Beam Cell+1","Gash+1"],"picked":"Self Repair","floor":36},{"not_picked":["Steam","Sweeping Beam+1"],"picked":"hubris:PowerSurge+1","floor":38},{"not_picked":["PanicButton","Good Instincts"],"picked":"Forethought","floor":39},{"not_picked":["TH:CopperCoins","TH:BikiniMail"],"picked":"SKIP","floor":40},{"not_picked":["Hello World","Go for the Eyes","Double Energy"],"picked":"SKIP","floor":40},{"not_picked":["Steam","Cold Snap"],"picked":"conspire:SharedLibrary+1","floor":41}],"player_experience":200348,"relics_obtained":[{"floor":6,"key":"hubris:SphereOfDissonance"},{"floor":9,"key":"Mummified Hand"},{"floor":10,"key":"hubris:DeckOfHolding"},{"floor":25,"key":"infinitespire:Beetle Shell"},{"floor":26,"key":"hubris:TinFlute"},{"floor":40,"key":"infinitespire:Eraser"},{"floor":40,"key":"Lantern"}],"event_choices":[{"damage_healed":0,"gold_gain":0,"player_choice":"Donut","damage_taken":0,"max_hp_gain":5,"max_hp_loss":0,"event_name":"Big Fish","floor":4,"gold_loss":0},{"cards_removed":["Strike_B"],"damage_healed":0,"gold_gain":0,"player_choice":"Offered Basic","damage_taken":0,"max_hp_gain":0,"max_hp_loss":0,"event_name":"Bonfire Elementals","floor":5,"gold_loss":0},{"damage_healed":0,"gold_gain":0,"player_choice":"Read","damage_taken":0,"max_hp_gain":0,"max_hp_loss":0,"event_name":"The Library","floor":19,"gold_loss":0,"cards_obtained":["Study"]},{"damage_healed":0,"gold_gain":0,"player_choice":"Trade","damage_taken":0,"relics_obtained":["GremlinMask"],"max_hp_gain":0,"max_hp_loss":0,"event_name":"FaceTrader","floor":31,"gold_loss":0},{"damage_healed":0,"gold_gain":0,"player_choice":"Memory 1","damage_taken":0,"max_hp_gain":0,"max_hp_loss":0,"event_name":"SensoryStone","floor":39,"gold_loss":0}],"is_beta":false,"boss_relics":[{"not_picked":["energizedSpire:CursedPentagram","Fusion Hammer"],"picked":"hubris:Stopwatch"},{"not_picked":["energizedSpire:MagnifyingGlass","Runic Pyramid"],"picked":"Black Star"}],"items_purged_floors":[20,29],"is_endless":true,"potions_floor_spawned":[3,6,14,16,25,30,33,41],"killed_by":"Nightmare","ascension_level":0}}