{"host":"facnppb4175fcpe2","time":1612461997,"event":{"mods":["AchievementEnabler","BaseMod","Colored Map","Colored Powertips","Highlight Path","Minty Spire (QoL Compilation)","Quick Restart","Rare Cards Sparkle","Relic Stats","StSLib","SuperFastMode"],"gold_per_floor":[110,129,145,218,235,268,284,284,284,317,330,362,362,393,393,497,497,515,515,178,188,205,237,251,251,251,10,28,62,62,62],"floor_reached":30,"language":"ZHS","playtime":767,"items_purged":[],"score":425,"play_id":"0bb46081-4828-4552-9573-7dbf5c9c577d","local_time":"20210205020637","is_ascension_mode":true,"campfire_choices":[{"data":"Cloak And Dagger","floor":13.0,"key":"SMITH"},{"data":"Accuracy","floor":15.0,"key":"SMITH"},{"data":"Accuracy","floor":25.0,"key":"SMITH"}],"circlet_count":0,"master_deck":["Strike_G","Strike_G","Strike_G","Strike_G","Strike_G","Defend_G","Defend_G","Defend_G+1","Defend_G","Defend_G+1","Survivor","Neutralize","All Out Attack","Accuracy+1","Cloak And Dagger+1","Blade Dance","Accuracy+1","Cloak And Dagger+1","Infinite Blades"],"relics":["Ring of the Snake","Meat on the Bone","Orichalcum","HornCleat","Pen Nib","Bronze Scales","Tiny Chest","Vajra","Oddly Smooth Stone","Matryoshka","Art of War","Ornamental Fan","Singing Bowl","Smiling Mask"],"acts_visited":["Exordium","TheCity"],"potions_floor_usage":[],"damage_taken":[{"damage":2.0,"enemies":"Cultist","floor":1.0,"turns":5.0},{"damage":0.0,"enemies":"2 Louse","floor":2.0,"turns":3.0},{"damage":0.0,"enemies":"Small Slimes","floor":3.0,"turns":2.0},{"damage":3.0,"enemies":"Blue Slaver","floor":5.0,"turns":6.0},{"damage":35.0,"enemies":"Lagavulin","floor":6.0,"turns":8.0},{"damage":8.0,"enemies":"Red Slaver","floor":7.0,"turns":5.0},{"damage":0.0,"enemies":"3 Sentries","floor":10.0,"turns":6.0},{"damage":0.0,"enemies":"2 Fungi Beasts","floor":11.0,"turns":3.0},{"damage":30.0,"enemies":"Gremlin Nob","floor":12.0,"turns":5.0},{"damage":2.0,"enemies":"3 Sentries","floor":14.0,"turns":5.0},{"damage":8.0,"enemies":"Hexaghost","floor":16.0,"turns":9.0},{"damage":27.0,"enemies":"Spheric Guardian","floor":18.0,"turns":6.0},{"damage":0.0,"enemies":"3 Byrds","floor":21.0,"turns":3.0},{"damage":4.0,"enemies":"Snecko","floor":22.0,"turns":5.0},{"damage":35.0,"enemies":"Book of Stabbing","floor":23.0,"turns":5.0},{"damage":0.0,"enemies":"Chosen and Byrds","floor":24.0,"turns":4.0},{"damage":3.0,"enemies":"Shelled Parasite and Fungi","floor":28.0,"turns":3.0},{"damage":48.0,"enemies":"Slavers","floor":29.0,"turns":5.0},{"damage":15,"enemies":"Centurion and Healer","floor":30,"turns":3}],"seed_played":"4728841997414506207","potions_obtained":[{"floor":3.0,"key":"LiquidBronze"},{"floor":5.0,"key":"Strength Potion"},{"floor":6.0,"key":"LiquidBronze"},{"floor":7.0,"key":"BlessingOfTheForge"},{"floor":11.0,"key":"BlessingOfTheForge"},{"floor":29.0,"key":"Poison Potion"}],"is_trial":false,"path_per_floor":["M","M","M","T","M","E","M","?","T","E","M","E","R","E","R","B",null,"M","?","$","M","M","E","M","R","T","$","M","E","M"],"character_chosen":"THE_SILENT","items_purchased":["Vajra","Oddly Smooth Stone","Accuracy","Singing Bowl"],"campfire_rested":0,"item_purchase_floors":[20,20,20,27],"current_hp_per_floor":[68,68,68,68,65,42,46,31,31,43,43,25,25,35,35,39,68,41,66,66,66,62,39,39,39,39,39,50,14,0,0],"gold":62,"neow_bonus":"TEN_PERCENT_HP_BONUS","is_daily":false,"chose_seed":false,"campfire_upgraded":3,"win_rate":0.0,"timestamp":1612461997,"path_taken":["M","?","M","?","M","E","M","?","T","E","M","E","R","E","R","BOSS","M","?","$","M","M","E","M","R","T","$","M","E","M"],"items_purchased_type":["Relic","Relic","Card","Relic"],"build_version":"2020-12-22","purchased_purges":0,"victory":false,"max_hp_per_floor":[77,77,77,77,77,77,77,77,77,77,77,77,77,77,77,77,77,77,77,77,77,77,77,77,77,77,77,79,79,79,79],"relic_stats":{"Singing Bowl":2,"counters":[19,91],"Ornamental Fan":[24],"Bronze Scales":[198],"Tiny Chest":0,"Pen Nib":[13],"Art of War":[1],"Orichalcum":[48],"Smiling Mask":0,"obtain_stats":[{"Singing Bowl":27,"Vajra":20,"Oddly Smooth Stone":20,"Pen Nib":10,"Orichalcum":6,"Smiling Mask":29,"HornCleat":9,"Matryoshka":23,"Ornamental Fan":26,"Bronze Scales":12,"Tiny Chest":14,"Art of War":26,"Ring of the Snake":0,"Meat on the Bone":4},{"Singing Bowl":16,"Vajra":12,"Oddly Smooth Stone":12,"Pen Nib":7,"Orichalcum":5,"Smiling Mask":18,"HornCleat":6,"Matryoshka":15,"Ornamental Fan":16,"Bronze Scales":9,"Tiny Chest":10,"Art of War":16,"Ring of the Snake":0,"Meat on the Bone":3},{"Singing Bowl":80,"Vajra":63,"Oddly Smooth Stone":63,"Pen Nib":35,"Orichalcum":24,"Smiling Mask":88,"HornCleat":29,"Matryoshka":76,"Ornamental Fan":80,"Bronze Scales":43,"Tiny Chest":48,"Art of War":80,"Ring of the Snake":0,"Meat on the Bone":10}],"Ring of the Snake":[38],"Meat on the Bone":108},"card_choices":[{"not_picked":["Underhanded Strike","Crippling Poison"],"picked":"All Out Attack","floor":1.0},{"not_picked":["Deadly Poison","Concentrate"],"picked":"Accuracy","floor":2.0},{"not_picked":["Poisoned Stab","Sucker Punch","All Out Attack"],"picked":"SKIP","floor":3.0},{"not_picked":["Well Laid Plans","Distraction","Choke"],"picked":"SKIP","floor":5.0},{"not_picked":["Doppelganger","Concentrate","Backflip"],"picked":"SKIP","floor":6.0},{"not_picked":["Eviscerate","Sucker Punch","Flying Knee"],"picked":"SKIP","floor":7.0},{"not_picked":["Crippling Poison","Acrobatics","Dodge and Roll"],"picked":"SKIP","floor":10.0},{"not_picked":["All Out Attack","Underhanded Strike","Quick Slash"],"picked":"SKIP","floor":11.0},{"not_picked":["Bane","Finisher"],"picked":"Cloak And Dagger","floor":12.0},{"not_picked":["Cloak And Dagger","Reflex"],"picked":"Blade Dance","floor":14.0},{"not_picked":["Dash","Underhanded Strike","Quick Slash"],"picked":"SKIP","floor":18.0},{"not_picked":["Endless Agony","Dodge and Roll","Bane"],"picked":"SKIP","floor":21.0},{"not_picked":["Sucker Punch","Predator","Endless Agony"],"picked":"SKIP","floor":22.0},{"not_picked":["Dash","Bane+1","Catalyst"],"picked":"SKIP","floor":23.0},{"not_picked":["Flechettes","Reflex+1"],"picked":"Cloak And Dagger+1","floor":24.0},{"not_picked":["Distraction","PiercingWail","Backstab+1"],"picked":"Singing Bowl","floor":28.0},{"not_picked":["Storm of Steel","Deflect"],"picked":"Infinite Blades","floor":29.0}],"player_experience":130483,"relics_obtained":[{"floor":4.0,"key":"Meat on the Bone"},{"floor":6.0,"key":"Orichalcum"},{"floor":9.0,"key":"HornCleat"},{"floor":10.0,"key":"Pen Nib"},{"floor":12.0,"key":"Bronze Scales"},{"floor":14.0,"key":"Tiny Chest"},{"floor":23.0,"key":"Matryoshka"},{"floor":26.0,"key":"Art of War"},{"floor":26.0,"key":"Ornamental Fan"},{"floor":29.0,"key":"Smiling Mask"}],"event_choices":[{"damage_healed":0.0,"max_hp_gain":0.0,"max_hp_loss":0.0,"gold_gain":0.0,"event_name":"Shining Light","player_choice":"Entered Light","floor":8.0,"gold_loss":0.0,"damage_taken":15.0,"cards_upgraded":["Defend_G","Defend_G"]},{"damage_healed":25.0,"max_hp_gain":0.0,"max_hp_loss":0.0,"gold_gain":0.0,"event_name":"The Library","player_choice":"Heal","floor":19.0,"gold_loss":0.0,"damage_taken":0.0}],"is_beta":false,"boss_relics":[{"not_picked":[]}],"items_purged_floors":[],"is_endless":false,"potions_floor_spawned":[3,5,6,7,11,21,28,29],"killed_by":"Centurion and Healer","ascension_level":6}}