{"host":"og2dufvjgkards7m","time":1612475936,"event":{"mods":["AchievementEnabler","BaseMod","Better Match","Better Note","Better Sensory Stone","Block Reminder","Colored Map","Colored Powertips","DeckTracker","Highlight Path","Minty Spire (QoL Compilation)","Rare Cards Sparkle","Relic Sorter","StSLib","SuperFastMode"],"gold_per_floor":[11,11,29,40,40,73,85,103,103,11,25,58,58,75,75,175,175,192,204,222,238,249,249,279,279,279,60,160,193,193,193,193,297,297,315,387,166,166,166,192,192,192,218,230,242,283,348,380,392,404,416,428,6,37,37],"floor_reached":56,"language":"SPA","playtime":2272,"items_purged":["Dualcast","Strike_B"],"score":1554,"play_id":"167ac672-a6b5-451a-8ebb-639b760be59b","local_time":"20210204135856","is_ascension_mode":true,"campfire_choices":[{"data":"Reprogram","floor":15.0,"key":"SMITH"},{"data":"1","floor":23.0,"key":"LIFT"},{"data":"2","floor":25.0,"key":"LIFT"},{"data":"3","floor":30.0,"key":"LIFT"},{"floor":32.0,"key":"RECALL"},{"floor":49.0,"key":"REST"},{"floor":52.0,"key":"REST"}],"circlet_count":0,"master_deck":["Strike_B","Strike_B","Strike_B+1","Defend_B","Defend_B","Defend_B","Defend_B","Sweeping Beam+1","Beam Cell","Beam Cell","Reprogram+1","Swift Strike","Gash","All For One","Gash","Gash","Go for the Eyes","Go for the Eyes+1","Scrape","FollowUp+1","Core Surge","Panacea+1","Buffer+1","All For One+1","Flash of Steel","Secret Weapon","Flash of Steel+1","Bandage Up"],"relics":["Cracked Core","FossilizedHelix","Girya","Singing Bowl","Bottled Lightning","Fusion Hammer","Omamori","Juzu Bracelet","PrismaticShard","Incense Burner","Ornamental Fan","WingedGreaves","SacredBark","Frozen Egg 2","Whetstone","WarpedTongs","Akabeko","MawBank","Shuriken","Lizard Tail","Thread and Needle","Kunai","Boot"],"acts_visited":["Exordium","TheCity","TheBeyond","TheEnding"],"potions_floor_usage":[55,55],"damage_taken":[{"damage":0.0,"enemies":"Small Slimes","floor":1.0,"turns":2.0},{"damage":0.0,"enemies":"Cultist","floor":3.0,"turns":3.0},{"damage":0.0,"enemies":"Jaw Worm","floor":4.0,"turns":3.0},{"damage":20.0,"enemies":"3 Sentries","floor":6.0,"turns":5.0},{"damage":0.0,"enemies":"Looter","floor":7.0,"turns":2.0},{"damage":0.0,"enemies":"Exordium Wildlife","floor":8.0,"turns":4.0},{"damage":0.0,"enemies":"Large Slime","floor":11.0,"turns":4.0},{"damage":8.0,"enemies":"Lagavulin","floor":12.0,"turns":5.0},{"damage":6.0,"enemies":"3 Louse","floor":14.0,"turns":3.0},{"damage":23.0,"enemies":"The Guardian","floor":16.0,"turns":10.0},{"damage":0.0,"enemies":"Shell Parasite","floor":18.0,"turns":3.0},{"damage":10.0,"enemies":"3 Byrds","floor":19.0,"turns":5.0},{"damage":0.0,"enemies":"Snecko","floor":20.0,"turns":3.0},{"damage":8.0,"enemies":"Snake Plant","floor":21.0,"turns":3.0},{"damage":11.0,"enemies":"Shelled Parasite and Fungi","floor":22.0,"turns":3.0},{"damage":4.0,"enemies":"Book of Stabbing","floor":24.0,"turns":4.0},{"damage":14.0,"enemies":"Colosseum Slavers","floor":28.0,"turns":3.0},{"damage":0.0,"enemies":"Colosseum Nobs","floor":28.0,"turns":3.0},{"damage":0.0,"enemies":"Slavers","floor":29.0,"turns":3.0},{"damage":27.0,"enemies":"Automaton","floor":33.0,"turns":6.0},{"damage":0.0,"enemies":"Orb Walker","floor":35.0,"turns":2.0},{"damage":14.0,"enemies":"Giant Head","floor":40.0,"turns":6.0},{"damage":0.0,"enemies":"Nemesis","floor":46.0,"turns":3.0},{"damage":21.0,"enemies":"2 Orb Walkers","floor":47.0,"turns":4.0},{"damage":0.0,"enemies":"3 Darklings","floor":48.0,"turns":2.0},{"damage":21.0,"enemies":"Time Eater","floor":50.0,"turns":4.0},{"damage":0,"enemies":"Shield and Spear","floor":54,"turns":4},{"damage":67,"enemies":"The Heart","floor":55,"turns":8}],"seed_played":"8589305749772280165","potions_obtained":[{"floor":4.0,"key":"EssenceOfDarkness"},{"floor":6.0,"key":"Strength Potion"},{"floor":8.0,"key":"Fruit Juice"},{"floor":14.0,"key":"Block Potion"},{"floor":16.0,"key":"PowerPotion"},{"floor":18.0,"key":"LiquidMemories"},{"floor":20.0,"key":"Fire Potion"},{"floor":24.0,"key":"SkillPotion"},{"floor":28.0,"key":"LiquidMemories"},{"floor":35.0,"key":"Regen Potion"},{"floor":48.0,"key":"AttackPotion"}],"is_trial":false,"path_per_floor":["M","?","M","M","$","E","M","M","T","$","M","E","?","M","R","B",null,"M","M","M","M","M","R","E","R","T","$","?","E","R","?","R","B",null,"M","T","$","?","?","E","?","?","T","?","T","E","?","M","R","B",null,"R","$","E","B",null],"character_chosen":"DEFECT","items_purchased":["Swift Strike","PrismaticShard","Scrape","Whetstone","Kunai","Bandage Up"],"campfire_rested":2,"item_purchase_floors":[10,27,27,37,53,53],"current_hp_per_floor":[75,75,75,75,75,57,57,62,62,62,64,58,63,57,57,34,91,93,83,83,75,64,64,62,62,62,62,50,50,50,50,50,23,97,97,97,97,92,92,80,80,82,82,82,82,82,63,65,95,74,100,100,100,102,58],"gold":37,"neow_bonus":"ONE_RARE_RELIC","is_daily":false,"chose_seed":false,"campfire_upgraded":1,"win_rate":0.0,"timestamp":1612475936,"path_taken":["M","?","M","M","?","E","M","?","T","$","M","E","?","M","R","BOSS","M","M","M","M","M","R","E","R","T","$","?","E","R","?","R","BOSS","M","?","$","?","?","E","?","?","T","?","?","E","?","M","R","BOSS","R","$","E","BOSS"],"items_purchased_type":["Card","Relic","Card","Relic","Relic","Card"],"build_version":"2020-12-22","purchased_purges":2,"victory":true,"max_hp_per_floor":[75,75,75,75,75,77,77,82,82,82,84,86,91,91,91,91,91,93,93,93,93,93,93,95,95,95,95,97,97,97,97,97,97,97,97,97,97,92,92,94,94,96,96,96,96,96,98,100,100,100,100,100,100,102,102],"card_choices":[{"not_picked":["Conserve Battery","Steam"],"picked":"Steam Power","floor":1.0},{"not_picked":["Cold Snap","Barrage"],"picked":"Sweeping Beam","floor":3.0},{"not_picked":["Streamline","Reprogram"],"picked":"Beam Cell","floor":4.0},{"not_picked":["Streamline","Chaos","BootSequence"],"picked":"Singing Bowl","floor":6.0},{"not_picked":["Heatsinks","Lockon"],"picked":"Beam Cell","floor":7.0},{"not_picked":["Rebound","Streamline"],"picked":"Reprogram","floor":8.0},{"not_picked":["Auto Shields","Storm","Genetic Algorithm"],"picked":"Singing Bowl","floor":11.0},{"not_picked":["Conserve Battery","Glacier","Tempest"],"picked":"Singing Bowl","floor":12.0},{"not_picked":["Steam","Defragment"],"picked":"Gash","floor":14.0},{"not_picked":["Electrodynamics","Meteor Strike"],"picked":"All For One","floor":16.0},{"not_picked":["Redo+1","Turbo","Beam Cell"],"picked":"Singing Bowl","floor":18.0},{"not_picked":["Double Energy","Compile Driver"],"picked":"Gash","floor":19.0},{"not_picked":["White Noise","Sweeping Beam"],"picked":"Gash","floor":20.0},{"not_picked":["Leap","Echo Form"],"picked":"Go for the Eyes","floor":21.0},{"not_picked":["Stack","Hello World"],"picked":"Go for the Eyes+1","floor":22.0},{"not_picked":["Undo","Capacitor+1","Tempest"],"picked":"Singing Bowl","floor":24.0},{"not_picked":["Infinite Blades","Jack Of All Trades","ConjureBlade"],"picked":"Singing Bowl","floor":28.0},{"not_picked":["Tactician","Perfected Strike"],"picked":"FollowUp+1","floor":29.0},{"not_picked":["Thunder Strike","Burst"],"picked":"Core Surge","floor":33.0},{"not_picked":["Dagger Throw+1","Steam Power+1"],"picked":"Panacea+1","floor":35.0},{"not_picked":["Go for the Eyes+1","PiercingWail","Barrage+1"],"picked":"Singing Bowl","floor":40.0},{"not_picked":["Electrodynamics+1","Amplify+1","Creative AI+1"],"picked":"Singing Bowl","floor":42.0},{"not_picked":["Rainbow+1","Thunder Strike+1"],"picked":"Buffer+1","floor":42.0},{"not_picked":["Meteor Strike+1","Multi-Cast+1"],"picked":"All For One+1","floor":42.0},{"not_picked":["The Bomb","Master of Strategy"],"picked":"Flash of Steel","floor":44.0},{"not_picked":["PanicButton","Dark Shackles"],"picked":"Secret Weapon","floor":44.0},{"not_picked":["Twin Strike+1","Well Laid Plans+1"],"picked":"Flash of Steel+1","floor":46.0},{"not_picked":["WaveOfTheHand+1","Blade Dance","Evaluate+1"],"picked":"Singing Bowl","floor":47.0},{"not_picked":["Outmaneuver","Enlightenment","Pommel Strike"],"picked":"Singing Bowl","floor":48.0},{"not_picked":["Barrage+1","Demon Form+1","FlyingSleeves"],"picked":"Singing Bowl","floor":54}],"player_experience":169516,"relics_obtained":[{"floor":6.0,"key":"Singing Bowl"},{"floor":12.0,"key":"Bottled Lightning"},{"floor":24.0,"key":"Omamori"},{"floor":26.0,"key":"Juzu Bracelet"},{"floor":28.0,"key":"Incense Burner"},{"floor":28.0,"key":"Ornamental Fan"},{"floor":29.0,"key":"WingedGreaves"},{"floor":36.0,"key":"Frozen Egg 2"},{"floor":40.0,"key":"Akabeko"},{"floor":43.0,"key":"MawBank"},{"floor":45.0,"key":"Shuriken"},{"floor":46.0,"key":"Lizard Tail"},{"floor":47.0,"key":"Thread and Needle"},{"floor":54,"key":"Boot"}],"event_choices":[{"cards_removed":["Steam Power"],"damage_healed":0.0,"max_hp_gain":0.0,"max_hp_loss":0.0,"gold_gain":0.0,"event_name":"WeMeetAgain","player_choice":"Gave Card","floor":2.0,"gold_loss":0.0,"damage_taken":0.0,"relics_obtained":["Girya"]},{"damage_healed":0.0,"max_hp_gain":5.0,"max_hp_loss":0.0,"gold_gain":0.0,"event_name":"Big Fish","player_choice":"Donut","floor":13.0,"gold_loss":0.0,"damage_taken":0.0},{"damage_healed":0.0,"max_hp_gain":0.0,"max_hp_loss":0.0,"gold_gain":0.0,"event_name":"Colosseum","player_choice":"Fight","floor":28.0,"gold_loss":0.0,"damage_taken":0.0},{"damage_healed":0.0,"max_hp_gain":0.0,"max_hp_loss":0.0,"gold_gain":0.0,"event_name":"Colosseum","player_choice":"Fought Nobs","floor":28.0,"gold_loss":0.0,"damage_taken":0.0},{"cards_removed":["Zap"],"damage_healed":0.0,"max_hp_gain":0.0,"max_hp_loss":0.0,"gold_gain":0.0,"event_name":"Purifier","player_choice":"Purged","floor":31.0,"gold_loss":0.0,"damage_taken":0.0},{"damage_healed":0.0,"max_hp_gain":0.0,"max_hp_loss":5.0,"gold_gain":0.0,"event_name":"Winding Halls","player_choice":"Max HP","floor":38.0,"gold_loss":0.0,"damage_taken":0.0},{"damage_healed":0.0,"max_hp_gain":0.0,"max_hp_loss":0.0,"gold_gain":0.0,"event_name":"Accursed Blacksmith","player_choice":"Rummage","floor":39.0,"gold_loss":0.0,"damage_taken":0.0,"relics_obtained":["WarpedTongs"],"cards_obtained":["Pain"]},{"damage_healed":0.0,"max_hp_gain":0.0,"max_hp_loss":0.0,"gold_gain":0.0,"event_name":"Tomb of Lord Red Mask","player_choice":"Ignored","floor":41.0,"gold_loss":0.0,"damage_taken":0.0},{"damage_healed":0.0,"max_hp_gain":0.0,"max_hp_loss":0.0,"gold_gain":0.0,"event_name":"betterMatch:BetterMatch","player_choice":"3","floor":42.0,"gold_loss":0.0,"damage_taken":0.0,"cards_obtained":["betterMatch:RareCard"]},{"damage_healed":0.0,"max_hp_gain":0.0,"max_hp_loss":0.0,"gold_gain":3.0,"event_name":"betterStone:BetterStone","player_choice":"1","floor":44.0,"gold_loss":0.0,"damage_taken":0.0},{"damage_healed":0.0,"max_hp_gain":0.0,"max_hp_loss":0.0,"gold_gain":0.0,"event_name":"Mysterious Sphere","player_choice":"Fight","floor":47.0,"gold_loss":0.0,"damage_taken":0.0}],"is_beta":false,"boss_relics":[{"not_picked":["Pandora\u0027s Box","Ectoplasm"],"picked":"Fusion Hammer"},{"not_picked":["Black Star","FrozenCore"],"picked":"SacredBark"}],"items_purged_floors":[37,53],"is_endless":false,"potions_floor_spawned":[4,6,8,14,16,18,20,24,28,28,35,48],"ascension_level":4}}