{"host":"md0dejzd6k70gl1f","time":1612429747,"event":{"mods":["BaseMod","Minty Spire (QoL Compilation)","Quick Restart"],"gold_per_floor":[116,135,154,169,1,1,26,26,79,97,97,111,111,141,141,220,220,236,44,63,63,63,63,63,63],"floor_reached":24,"language":"ENG","playtime":924,"items_purged":["Strike_G"],"score":412,"play_id":"88fea772-c1d7-45b6-816f-21823bdf7eeb","local_time":"20210204100907","is_ascension_mode":true,"campfire_choices":[{"data":"Skewer","floor":6,"key":"SMITH"},{"floor":11,"key":"REST"},{"data":"Footwork","floor":15,"key":"SMITH"},{"floor":23,"key":"REST"}],"circlet_count":0,"master_deck":["AscendersBane","Strike_G","Strike_G","Strike_G","Strike_G","Defend_G","Defend_G","Defend_G","Defend_G","Defend_G","Survivor","Neutralize","Skewer+1","Terror","Footwork+1","PiercingWail","Die Die Die","Backflip","Cloak And Dagger","Corpse Explosion","Dodge and Roll","Quick Slash","Footwork+1"],"relics":["Ring of the Snake","NeowsBlessing","Membership Card","Ninja Scroll","Smiling Mask","Oddly Smooth Stone","SlaversCollar","Bottled Tornado"],"acts_visited":["Exordium","TheCity"],"potions_floor_usage":[7],"damage_taken":[{"damage":0.0,"enemies":"2 Louse","floor":1.0,"turns":1.0},{"damage":0.0,"enemies":"Cultist","floor":2.0,"turns":1.0},{"damage":0.0,"enemies":"Jaw Worm","floor":3.0,"turns":1.0},{"damage":28,"enemies":"Exordium Thugs","floor":4,"turns":8},{"damage":8,"enemies":"Gremlin Nob","floor":7,"turns":3},{"damage":0,"enemies":"Exordium Wildlife","floor":10,"turns":2},{"damage":5,"enemies":"Red Slaver","floor":12,"turns":6},{"damage":14,"enemies":"3 Sentries","floor":14,"turns":9},{"damage":11,"enemies":"The Guardian","floor":16,"turns":16},{"damage":17,"enemies":"Shell Parasite","floor":18,"turns":4},{"damage":16,"enemies":"Spheric Guardian","floor":20,"turns":14},{"damage":38,"enemies":"Shelled Parasite and Fungi","floor":24,"turns":9}],"seed_played":"-2325338191790916801","potions_obtained":[{"floor":2.0,"key":"SteroidPotion"},{"floor":3.0,"key":"SpeedPotion"},{"floor":4,"key":"Ancient Potion"},{"floor":8,"key":"Swift Potion"},{"floor":18,"key":"LiquidBronze"}],"is_trial":false,"path_per_floor":["M","M","M","M","$","R","E","?","T","M","R","M","?","E","R","B",null,"M","$","M","?","?","R","M"],"character_chosen":"THE_SILENT","items_purchased":["Membership Card","Bottled Tornado"],"campfire_rested":2,"item_purchase_floors":[5,19],"current_hp_per_floor":[59,59,59,31,31,31,23,23,23,23,42,37,37,23,23,12,53,36,36,20,20,20,39,1,1],"gold":63,"neow_bonus":"THREE_ENEMY_KILL","is_daily":false,"chose_seed":false,"campfire_upgraded":2,"win_rate":0.0,"timestamp":1612429747,"path_taken":["M","M","M","M","$","R","E","?","T","M","R","?","?","E","R","BOSS","M","$","M","?","?","R","?"],"items_purchased_type":["Relic","Relic"],"build_version":"2020-12-22","purchased_purges":1,"victory":false,"max_hp_per_floor":[66,66,66,66,66,66,66,66,66,66,66,66,66,66,66,66,66,66,66,66,66,66,66,66,66],"card_choices":[{"not_picked":["Backflip","Bane"],"picked":"Skewer","floor":1.0},{"not_picked":["Outmaneuver","Noxious Fumes"],"picked":"Terror","floor":2.0},{"not_picked":["Underhanded Strike","Predator"],"picked":"Footwork","floor":3.0},{"not_picked":["Caltrops","Prepared"],"picked":"PiercingWail","floor":4},{"not_picked":["Bane","Slice"],"picked":"Die Die Die","floor":7},{"not_picked":["Concentrate","Deflect","Dagger Throw"],"picked":"SKIP","floor":10},{"not_picked":["Deadly Poison","Prepared"],"picked":"Backflip","floor":12},{"not_picked":["Dagger Throw","Reflex","Skewer"],"picked":"SKIP","floor":14},{"not_picked":["Die Die Die","Tools of the Trade"],"picked":"Corpse Explosion","floor":16},{"not_picked":["Acrobatics","Deadly Poison+1"],"picked":"Dodge and Roll","floor":18},{"not_picked":["Finisher","Flying Knee"],"picked":"Quick Slash","floor":20}],"player_experience":469052,"relics_obtained":[{"floor":7,"key":"Ninja Scroll"},{"floor":9,"key":"Smiling Mask"},{"floor":14,"key":"Oddly Smooth Stone"}],"event_choices":[{"damage_healed":0,"gold_gain":0,"player_choice":"Got Potions","damage_taken":0,"max_hp_gain":0,"max_hp_loss":0,"event_name":"Lab","floor":8,"gold_loss":0},{"damage_healed":0,"gold_gain":0,"player_choice":"1 cards matched","damage_taken":0,"max_hp_gain":0,"max_hp_loss":0,"event_name":"Match and Keep!","floor":13,"gold_loss":0,"cards_obtained":["Cloak And Dagger"]},{"damage_healed":0,"gold_gain":0,"player_choice":"Copied","damage_taken":0,"max_hp_gain":0,"max_hp_loss":0,"event_name":"Duplicator","floor":22,"gold_loss":0,"cards_obtained":["Footwork"]}],"is_beta":false,"boss_relics":[{"not_picked":["Coffee Dripper","HoveringKite"],"picked":"SlaversCollar"}],"items_purged_floors":[19],"is_endless":false,"potions_floor_spawned":[2,3,4,14,18],"killed_by":"Shelled Parasite and Fungi","ascension_level":20}}