{"host":"hjajo0rafoe1e6c4","time":1612405301,"event":{"mods":["AchievementEnabler","BaseMod","Bestiary","Colored Map","Colored Powertips","Downfall","Highlight Path","Minty Spire (QoL Compilation)","Relic Stats","StSLib"],"gold_per_floor":[99,99,99,99,99,110,136,152,187,187,207,38,53,70,89,187,187,87,97,117,134,19,19,19,29,29,29,29,14,14,234,251,356,356,256,275,288,288,299,299,322,322,322,322],"floor_reached":42,"language":"ENG","playtime":3201,"items_purged":["downfall:Malfunctioning","Regret","bronze:Strike"],"score":423,"play_id":"86cc1905-7137-4c5b-adf3-5f824c439ade","local_time":"20210203212141","is_ascension_mode":false,"campfire_choices":[{"data":"bronze:Goto","floor":1,"key":"SMITH"},{"floor":18,"key":"RECALL"},{"data":"bronze:CutThrough","floor":23,"key":"SMITH"},{"data":"bronze:CutThrough","floor":26,"key":"SMITH"},{"data":"bronze:GetLatest","floor":35,"key":"SMITH"}],"circlet_count":0,"master_deck":["bronze:Strike+1","bronze:Defend+1","bronze:Defend+1","bronze:Defend","bronze:Defend","bronze:Replicate","bronze:Goto+1","bronze:WhirlingStrike","bronze:Safeguard","bronze:ForceShield","bronze:OilSpill","bronze:Repair","bronze:Assembly","bronze:Iterate","bronze:CutThrough+1","bronze:Shell","bronze:Repair","bronze:FindAndReplace","bronze:GetLatest","bronze:Overheat","bronze:CutThrough+1","bronze:Verify","bronze:GetLatest+1","bronze:RecursiveStrike","bronze:Frontload","bronze:FineTuning+1","bronze:FineTuning+1","expansioncontent:YouAreMine"],"relics":["bronze:PlatinumCore","TungstenRod","Mercury Hourglass","Kunai","SlaversCollar","downfall:HeartBlessingBlue","InkBottle","downfall:RedIOU","downfall:HeartBlessingRed","Bronze Scales","bronze:ProtectiveGoggles"],"acts_visited":["Exordium","TheCity","TheBeyond"],"potions_floor_usage":[20,22,22,25],"damage_taken":[{"damage":3,"enemies":"Small Slimes","floor":6,"turns":2},{"damage":0,"enemies":"Jaw Worm","floor":8,"turns":2},{"damage":29,"enemies":"Gremlin Nob","floor":9,"turns":4},{"damage":0,"enemies":"Cultist","floor":10,"turns":1},{"damage":0,"enemies":"Lots of Slimes","floor":11,"turns":1},{"damage":0,"enemies":"downfall:FleeingMerchant","floor":12,"turns":4},{"damage":3,"enemies":"Large Slime","floor":13,"turns":3},{"damage":1,"enemies":"Exordium Wildlife","floor":14,"turns":2},{"damage":0,"enemies":"2 Fungi Beasts","floor":15,"turns":3},{"damage":13,"enemies":"SI_SHIV_ARCHETYPE","floor":16,"turns":14},{"damage":16,"enemies":"Spheric Guardian","floor":19,"turns":7},{"damage":15,"enemies":"Snecko","floor":20,"turns":6},{"damage":29,"enemies":"Centurion and Healer","floor":21,"turns":6},{"damage":0,"enemies":"downfall:FleeingMerchant","floor":22,"turns":4},{"damage":20,"enemies":"Snake Plant","floor":25,"turns":6},{"damage":15,"enemies":"downfall:FleeingMerchant","floor":29,"turns":4},{"damage":4,"enemies":"downfall:FleeingMerchant","floor":31,"turns":4},{"damage":35,"enemies":"Shelled Parasite and Fungi","floor":32,"turns":7},{"damage":35,"enemies":"DF_ARCHETYPE_CLAW","floor":33,"turns":9},{"damage":31,"enemies":"3 Darklings","floor":36,"turns":5},{"damage":8,"enemies":"3 Shapes","floor":37,"turns":3},{"damage":52,"enemies":"Jaw Worm Horde","floor":39,"turns":5},{"damage":27,"enemies":"2 Orb Walkers","floor":42,"turns":3}],"seed_played":"-2234405678941689040","potions_obtained":[{"floor":8,"key":"Block Potion"},{"floor":9,"key":"Strength Potion"},{"floor":14,"key":"FearPotion"},{"floor":16,"key":"bronze:BuildAFunctionPotion"},{"floor":20,"key":"Energy Potion"},{"floor":32,"key":"FearPotion"},{"floor":33,"key":"Explosive Potion"},{"floor":36,"key":"LiquidMemories"}],"is_trial":false,"path_per_floor":["R","?","?","?","?","M","T","M","E","M","M","$","M","M","M","B",null,"R","M","M","M","$","R","T","M","R","?","?","$","?","$","M","B",null,"R","M","M","?","M","?","T","?"],"character_chosen":"THE_AUTOMATON","items_purchased":["bronze:Iterate","bronze:CutThrough"],"campfire_rested":0,"item_purchase_floors":[12,12],"current_hp_per_floor":[49,44,44,44,44,41,41,41,12,12,12,19,23,22,36,37,70,80,70,62,47,61,61,61,55,55,55,55,47,47,57,36,15,80,80,63,62,62,10,10,10,0,0,0],"gold":322,"neow_bonus":"ONE_RARE_RELIC","is_daily":false,"chose_seed":false,"campfire_upgraded":4,"win_rate":0.0,"timestamp":1612405301,"path_taken":["R","?","?","?","?","M","T","M","E","?","M","?","?","M","M","BOSS","R","M","M","M","$","R","T","M","R","?","?","?","?","?","M","BOSS","R","M","M","?","M","?","T","?"],"items_purchased_type":["Card","Card"],"build_version":"2020-12-22","purchased_purges":3,"victory":false,"max_hp_per_floor":[70,70,70,70,70,70,70,70,70,70,70,70,70,70,70,70,70,80,80,80,80,80,80,80,80,80,80,80,80,80,80,80,80,80,80,80,80,80,80,80,80,80,80,80],"relic_stats":{"counters":[23,103],"Bronze Scales":[36],"Kunai":[42],"obtain_stats":[{"bronze:PlatinumCore":34,"bronze:BronzeCore":0,"downfall:HeartBlessingRed":35,"Mercury Hourglass":3,"SlaversCollar":17,"downfall:BrokenWingStatue":4,"bronze:ProtectiveGoggles":41,"downfall:HeartBlessingBlue":18,"Bronze Scales":38,"downfall:RedIOU":28,"Kunai":9,"bronze:SilverBullet":2,"TungstenRod":0,"InkBottle":24},{"bronze:PlatinumCore":19,"bronze:BronzeCore":0,"downfall:HeartBlessingRed":19,"Mercury Hourglass":0,"SlaversCollar":10,"downfall:BrokenWingStatue":0,"bronze:ProtectiveGoggles":22,"downfall:HeartBlessingBlue":10,"Bronze Scales":21,"downfall:RedIOU":15,"Kunai":3,"bronze:SilverBullet":0,"TungstenRod":0,"InkBottle":14},{"bronze:PlatinumCore":87,"bronze:BronzeCore":0,"downfall:HeartBlessingRed":87,"Mercury Hourglass":0,"SlaversCollar":35,"downfall:BrokenWingStatue":0,"bronze:ProtectiveGoggles":100,"downfall:HeartBlessingBlue":35,"Bronze Scales":95,"downfall:RedIOU":63,"Kunai":8,"bronze:SilverBullet":0,"TungstenRod":0,"InkBottle":57}],"TungstenRod":70,"InkBottle":[19],"Mercury Hourglass":[290]},"card_choices":[{"not_picked":["bronze:DelayedSlice","bronze:Shell"],"picked":"bronze:WhirlingStrike","floor":6},{"not_picked":["bronze:BuggyMess","bronze:Invalidate"],"picked":"bronze:Safeguard","floor":8},{"not_picked":["bronze:Overheat","bronze:Branch"],"picked":"bronze:ForceShield","floor":9},{"not_picked":["bronze:Overheat","bronze:Shield"],"picked":"bronze:OilSpill","floor":10},{"not_picked":["bronze:ChosenStrike","bronze:Invalidate"],"picked":"bronze:Repair","floor":11},{"not_picked":["bronze:Iterate","bronze:Branch"],"picked":"bronze:Assembly","floor":12},{"not_picked":["bronze:DelayedSlice","bronze:ItsAFeature"],"picked":"bronze:Shell","floor":13},{"not_picked":["bronze:Philosophize","bronze:OilSpill"],"picked":"bronze:Repair","floor":14},{"not_picked":["bronze:Invalidate","bronze:Boost","bronze:DarkDash"],"picked":"SKIP","floor":15},{"not_picked":["bronze:CleanCode","bronze:Format"],"picked":"bronze:FindAndReplace","floor":16},{"not_picked":["bronze:ClassDefault","bronze:DelayedGuard+1"],"picked":"bronze:GetLatest","floor":19},{"not_picked":["bronze:WildBeam","bronze:Backtrace","bronze:ClassDefault"],"picked":"SKIP","floor":20},{"not_picked":["bronze:Deprecate","bronze:Allocate+1"],"picked":"bronze:Overheat","floor":21},{"not_picked":["bronze:WildBeam+1","bronze:BuggyMess","bronze:Shield"],"picked":"SKIP","floor":22},{"not_picked":["bronze:Shield","bronze:WhirlingStrike"],"picked":"bronze:CutThrough","floor":25},{"not_picked":["bronze:Branch","bronze:GetLatest+1"],"picked":"bronze:Verify","floor":29},{"not_picked":["bronze:Optimize","bronze:WhirlingStrike"],"picked":"bronze:GetLatest","floor":31},{"not_picked":["bronze:Overheat","bronze:DelayedSlice","bronze:Deprecate"],"picked":"SKIP","floor":32},{"not_picked":["bronze:Mutator","bronze:BurnOut"],"picked":"bronze:RecursiveStrike","floor":33},{"not_picked":["bronze:DelayedGuard","bronze:BitShift"],"picked":"bronze:Frontload","floor":36},{"not_picked":["bronze:ChosenStrike","bronze:BuggyMess"],"picked":"bronze:FineTuning+1","floor":37},{"not_picked":["bronze:Iterate","bronze:DarkDash"],"picked":"bronze:FineTuning+1","floor":39},{"not_picked":["expansioncontent:Hexaburn","expansioncontent:PolyBeam"],"picked":"expansioncontent:YouAreMine","floor":40}],"player_experience":219375,"relics_obtained":[{"floor":9,"key":"Kunai"},{"floor":24,"key":"InkBottle"},{"floor":38,"key":"Bronze Scales"},{"floor":41,"key":"bronze:ProtectiveGoggles"}],"event_choices":[{"damage_healed":0,"gold_gain":0,"player_choice":"Success","damage_taken":7,"relics_obtained":["bronze:SilverBullet"],"max_hp_gain":0,"max_hp_loss":0,"event_name":"Scrap Ooze","floor":2,"gold_loss":0},{"damage_healed":0,"gold_gain":0,"player_choice":"Box","damage_taken":0,"relics_obtained":["Mercury Hourglass"],"max_hp_gain":0,"max_hp_loss":0,"event_name":"Big Fish","floor":3,"gold_loss":0,"cards_obtained":["Regret"]},{"damage_healed":0,"gold_gain":0,"player_choice":"Fight","damage_taken":0,"max_hp_gain":0,"max_hp_loss":0,"event_name":"Mysterious Sphere","floor":42,"gold_loss":0}],"is_beta":false,"boss_relics":[{"not_picked":["Pandora\u0027s Box","Fusion Hammer"],"picked":"SlaversCollar"},{"not_picked":["Runic Dome","Astrolabe"],"picked":"bronze:PlatinumCore"}],"items_purged_floors":[12,22,31],"is_endless":false,"potions_floor_spawned":[8,9,14,16,20,32,33,36],"killed_by":"2 Orb Walkers","ascension_level":0}}