{"host":"e3jr8cs0hrgde9ri","time":1612399000,"event":{"mods":["2.2 Compatiblity","BaseMod","Highlight Path","Minty Spire (QoL Compilation)","Permanent Neow","Quick Restart","SuperFastMode"],"gold_per_floor":[109,71,71,21,40,40,65,84,135,135,147,176,176,192,192,289,289,309,309,8,8,47,73,73,106,106,147,240,259,308,355,355,452,452,496,496,496,123,166,230,230,265,288,312,312,136,136,156,156,156],"floor_reached":51,"language":"ENG","playtime":1469,"items_purged":["Strike_P+1","Writhe"],"score":1333,"play_id":"7c3bb78e-8802-476c-a682-a0b281ac8a89","local_time":"20210203163640","is_ascension_mode":true,"campfire_choices":[{"data":"EmptyFist","floor":6,"key":"SMITH"},{"data":"Fasting2","floor":13,"key":"SMITH"},{"data":"LikeWater","floor":15,"key":"SMITH"},{"data":"Wish","floor":24,"key":"SMITH"},{"data":"Ragnarok","floor":32,"key":"SMITH"},{"floor":41,"key":"REST"},{"floor":47,"key":"RECALL"},{"data":"SpiritShield","floor":49,"key":"SMITH"}],"circlet_count":0,"master_deck":["Strike_P+1","Defend_P+1","Defend_P+1","Defend_P+1","Defend_P+1","Eruption+1","Vigilance+1","EmptyFist+1","FearNoEvil+1","Swivel+1","Fasting2+1","LikeWater+1","Protect+1","Wish+1","SandsOfTime+1","Omniscience+1","Ragnarok+1","WaveOfTheHand+1","WheelKick+1","SpiritShield+1"],"relics":["Snecko Eye","Oddly Smooth Stone","Nunchaku","Shuriken","VioletLotus","Matryoshka","Membership Card","TungstenRod","Akabeko","Ginger","Darkstone Periapt","PreservedInsect","Mummified Hand","Smiling Mask","Sozu","Mark of the Bloom","InkBottle","Lee\u0027s Waffle","Bottled Tornado","Du-Vu Doll","Pantograph","CeramicFish","Pen Nib","Lantern","HornCleat"],"acts_visited":["Exordium","TheCity","TheBeyond"],"potions_floor_usage":[28],"damage_taken":[{"damage":0,"enemies":"Jaw Worm","floor":1,"turns":3},{"damage":0,"enemies":"2 Louse","floor":5,"turns":2},{"damage":10,"enemies":"Lagavulin","floor":7,"turns":6},{"damage":0,"enemies":"Cultist","floor":8,"turns":1},{"damage":0,"enemies":"Exordium Wildlife","floor":11,"turns":3},{"damage":11,"enemies":"3 Sentries","floor":12,"turns":5},{"damage":0,"enemies":"Looter","floor":14,"turns":3},{"damage":0,"enemies":"Slime Boss","floor":16,"turns":8},{"damage":2,"enemies":"Spheric Guardian","floor":18,"turns":4},{"damage":3,"enemies":"Shell Parasite","floor":22,"turns":5},{"damage":25,"enemies":"Slavers","floor":23,"turns":6},{"damage":7,"enemies":"Book of Stabbing","floor":25,"turns":4},{"damage":0,"enemies":"3 Cultists","floor":27,"turns":4},{"damage":0,"enemies":"Slavers","floor":28,"turns":4},{"damage":0,"enemies":"Snecko","floor":29,"turns":2},{"damage":9,"enemies":"Cultist and Chosen","floor":30,"turns":4},{"damage":0,"enemies":"Sentry and Sphere","floor":31,"turns":2},{"damage":0,"enemies":"Automaton","floor":33,"turns":10},{"damage":16,"enemies":"3 Darklings","floor":35,"turns":5},{"damage":0,"enemies":"3 Shapes","floor":39,"turns":2},{"damage":0,"enemies":"Nemesis","floor":40,"turns":3},{"damage":0,"enemies":"Giant Head","floor":42,"turns":5},{"damage":0,"enemies":"Sphere and 2 Shapes","floor":48,"turns":2},{"damage":13,"enemies":"Time Eater","floor":50,"turns":4}],"seed_played":"8013956310030578589","potions_obtained":[{"floor":8,"key":"BlessingOfTheForge"},{"floor":11,"key":"Regen Potion"},{"floor":12,"key":"Explosive Potion"},{"floor":22,"key":"EntropicBrew"},{"floor":29,"key":"GamblersBrew"}],"is_trial":false,"path_per_floor":["M","$","?","?","M","R","E","M","T","?","M","E","R","M","R","B",null,"M","?","$","?","M","E","R","E","T","M","E","M","M","M","R","B",null,"M","?","?","$","M","E","R","E","T","T","?","$","R","M","R","B",null],"character_chosen":"WATCHER","items_purchased":["FearNoEvil","Membership Card","TungstenRod","InkBottle","Lee\u0027s Waffle","Bottled Tornado","HornCleat"],"campfire_rested":1,"item_purchase_floors":[2,20,20,38,38,38,46],"current_hp_per_floor":[72,72,65,65,65,65,55,55,55,60,60,49,49,49,49,49,77,75,75,75,75,72,47,47,40,40,40,40,40,31,31,31,31,77,61,61,61,61,61,61,61,61,61,61,61,61,61,61,61,48],"gold":156,"neow_bonus":"BOSS_RELIC","is_daily":false,"chose_seed":false,"campfire_upgraded":6,"win_rate":0.0,"timestamp":1612399000,"path_taken":["M","$","?","?","M","R","E","M","T","?","M","E","R","M","R","BOSS","M","?","$","?","M","E","R","E","T","M","E","M","M","M","R","BOSS","M","?","?","$","?","E","R","E","T","?","?","$","R","M","R","BOSS"],"items_purchased_type":["Card","Relic","Relic","Relic","Relic","Relic","Relic"],"build_version":"2020-12-22","purchased_purges":2,"victory":true,"max_hp_per_floor":[72,72,72,72,72,72,72,72,72,77,77,77,77,77,77,77,77,77,77,77,77,77,77,77,77,77,77,77,77,77,77,77,77,77,77,77,77,84,84,84,84,84,84,84,80,80,80,80,80,80],"card_choices":[{"not_picked":["FlurryOfBlows","Protect"],"picked":"EmptyFist","floor":1},{"not_picked":["Evaluate","FollowUp"],"picked":"Swivel","floor":5},{"not_picked":["ForeignInfluence","FollowUp"],"picked":"Fasting2","floor":7},{"not_picked":["ClearTheMind","ThirdEye","Weave"],"picked":"SKIP","floor":8},{"not_picked":["FlurryOfBlows","SashWhip","Weave"],"picked":"SKIP","floor":11},{"not_picked":["InnerPeace","Worship"],"picked":"LikeWater","floor":12},{"not_picked":["ClearTheMind","FollowUp"],"picked":"Protect","floor":14},{"not_picked":["MasterReality","Judgement"],"picked":"Wish","floor":16},{"not_picked":["FollowUp","ThirdEye","SashWhip"],"picked":"SKIP","floor":18},{"not_picked":["Study","CarveReality+1"],"picked":"SandsOfTime","floor":22},{"not_picked":["FlyingSleeves+1","Protect"],"picked":"Meditate","floor":23},{"not_picked":["Worship+1","WaveOfTheHand"],"picked":"Omniscience","floor":25},{"not_picked":["Evaluate","FlyingSleeves","SashWhip+1"],"picked":"SKIP","floor":27},{"not_picked":["Consecrate","Weave"],"picked":"Ragnarok","floor":28},{"not_picked":["Prostrate","FlurryOfBlows"],"picked":"WaveOfTheHand+1","floor":29},{"not_picked":["FlurryOfBlows","WindmillStrike"],"picked":"WheelKick","floor":30},{"not_picked":["Prostrate","ThirdEye","Collect"],"picked":"SKIP","floor":31},{"not_picked":["CrushJoints+1","Crescendo","ClearTheMind"],"picked":"SKIP","floor":35},{"not_picked":["FearNoEvil+1","Sanctity","InnerPeace"],"picked":"SKIP","floor":39},{"not_picked":["ThirdEye+1","Crescendo+1","WaveOfTheHand+1"],"picked":"SKIP","floor":40},{"not_picked":["CarveReality","Scrawl","ThirdEye+1"],"picked":"SKIP","floor":42},{"not_picked":["Crescendo+1","Prostrate"],"picked":"SpiritShield","floor":48}],"player_experience":1434548,"relics_obtained":[{"floor":7,"key":"Oddly Smooth Stone"},{"floor":9,"key":"Nunchaku"},{"floor":12,"key":"Shuriken"},{"floor":23,"key":"Ginger"},{"floor":25,"key":"Darkstone Periapt"},{"floor":26,"key":"PreservedInsect"},{"floor":26,"key":"Mummified Hand"},{"floor":28,"key":"Smiling Mask"},{"floor":40,"key":"Du-Vu Doll"},{"floor":42,"key":"Pantograph"},{"floor":43,"key":"CeramicFish"},{"floor":43,"key":"Pen Nib"},{"floor":44,"key":"Lantern"}],"event_choices":[{"cards_removed":["Strike_P"],"damage_healed":0,"gold_gain":0,"player_choice":"Card Removal","damage_taken":7,"max_hp_gain":0,"max_hp_loss":0,"event_name":"Golden Wing","floor":3,"gold_loss":0},{"cards_removed":["Strike_P"],"damage_healed":0,"gold_gain":0,"player_choice":"Card Removal","damage_taken":0,"max_hp_gain":0,"max_hp_loss":0,"event_name":"The Cleric","floor":4,"gold_loss":50},{"damage_healed":0,"gold_gain":0,"player_choice":"Donut","damage_taken":0,"max_hp_gain":5,"max_hp_loss":0,"event_name":"Big Fish","floor":10,"gold_loss":0},{"damage_healed":0,"gold_gain":0,"player_choice":"Gave Potion","damage_taken":0,"relics_obtained":["Matryoshka"],"max_hp_gain":0,"max_hp_loss":0,"event_name":"WeMeetAgain","floor":19,"gold_loss":0},{"damage_healed":0,"gold_gain":0,"player_choice":"Opened","damage_taken":0,"relics_obtained":["Akabeko"],"max_hp_gain":0,"max_hp_loss":0,"event_name":"The Mausoleum","floor":21,"gold_loss":0,"cards_obtained":["Writhe"]},{"cards_removed":["Meditate"],"damage_healed":0,"gold_gain":0,"player_choice":"Removed Skill","damage_taken":0,"max_hp_gain":0,"max_hp_loss":0,"event_name":"Falling","floor":36,"gold_loss":0},{"damage_healed":0,"gold_gain":0,"player_choice":"Upgrade","damage_taken":0,"relics_obtained":["Mark of the Bloom"],"max_hp_gain":0,"max_hp_loss":0,"event_name":"MindBloom","floor":37,"gold_loss":0,"cards_upgraded":["Strike_P","Strike_P","Defend_P","Defend_P","Defend_P","Defend_P","Eruption","Vigilance","FearNoEvil","Swivel","Protect","SandsOfTime","Omniscience","WheelKick"]},{"damage_healed":0,"gold_gain":0,"player_choice":"Max HP","damage_taken":0,"max_hp_gain":0,"max_hp_loss":4,"event_name":"Winding Halls","floor":45,"gold_loss":0}],"is_beta":false,"boss_relics":[{"not_picked":["Coffee Dripper","Empty Cage"],"picked":"VioletLotus"},{"not_picked":["Tiny House","Philosopher\u0027s Stone"],"picked":"Sozu"}],"items_purged_floors":[38,46],"is_endless":false,"potions_floor_spawned":[8,11,12,16,22,23,29,30,31,33,39,40],"ascension_level":4}}