{"host":"klrvvo16pazy794l","time":1612400827,"event":{"mods":["BaseMod","Minty Spire (QoL Compilation)"],"gold_per_floor":[118,118,139,139,11,11,25,25,73,88,88,123,141,15,15,138,138,151,195,195,208,208,208],"floor_reached":22,"language":"ENG","playtime":873,"items_purged":["Defend_G"],"score":193,"play_id":"7832ce64-103b-4abc-a0aa-ec08a70ab5cc","local_time":"20210203190707","is_ascension_mode":true,"campfire_choices":[{"data":"Crippling Poison","floor":6,"key":"SMITH"},{"data":"Flying Knee","floor":8,"key":"SMITH"},{"data":"Survivor","floor":11,"key":"SMITH"},{"data":"Accuracy","floor":15,"key":"SMITH"}],"circlet_count":0,"master_deck":["Strike_G","Strike_G","Strike_G","Strike_G","Strike_G","Defend_G","Defend_G","Defend_G","Defend_G","Survivor+1","Neutralize","Crippling Poison+1","Acrobatics","Accuracy+1","Flying Knee+1","Night Terror","Blade Dance","Envenom","Outmaneuver","Dagger Throw"],"relics":["HoveringKite","Golden Idol","Akabeko","StrikeDummy","WristBlade","Red Mask"],"acts_visited":["Exordium","TheCity"],"potions_floor_usage":[12,16,19,19,22],"damage_taken":[{"damage":2,"enemies":"Small Slimes","floor":1,"turns":4},{"damage":2,"enemies":"Cultist","floor":3,"turns":5},{"damage":5,"enemies":"2 Louse","floor":7,"turns":2},{"damage":7,"enemies":"Exordium Thugs","floor":10,"turns":4},{"damage":6,"enemies":"Lagavulin","floor":12,"turns":6},{"damage":7,"enemies":"Exordium Wildlife","floor":13,"turns":4},{"damage":39,"enemies":"The Guardian","floor":16,"turns":12},{"damage":27,"enemies":"Shell Parasite","floor":18,"turns":5},{"damage":22,"enemies":"Masked Bandits","floor":19,"turns":4},{"damage":14,"enemies":"2 Thieves","floor":21,"turns":4},{"damage":9,"enemies":"Shelled Parasite and Fungi","floor":22,"turns":3}],"seed_played":"-6238630803790947002","potions_obtained":[{"floor":1,"key":"Poison Potion"},{"floor":3,"key":"Ancient Potion"},{"floor":16,"key":"Strength Potion"},{"floor":19,"key":"Strength Potion"}],"is_trial":false,"path_per_floor":["M","?","M","?","$","R","M","R","T","M","R","E","M","$","R","B",null,"M","?","T","M","M"],"character_chosen":"THE_SILENT","items_purchased":["Accuracy","Flying Knee","Energy Potion"],"campfire_rested":0,"item_purchase_floors":[5,5,14],"current_hp_per_floor":[68,68,66,66,66,66,61,61,61,54,54,48,41,41,41,2,70,43,21,21,7,0,0],"gold":208,"neow_bonus":"BOSS_RELIC","is_daily":false,"chose_seed":false,"campfire_upgraded":4,"win_rate":0.0,"timestamp":1612400827,"path_taken":["M","?","M","?","$","R","?","R","T","M","R","E","M","?","R","BOSS","M","?","?","M","M"],"items_purchased_type":["Card","Card","Potion"],"build_version":"2020-12-22","purchased_purges":1,"victory":false,"max_hp_per_floor":[70,70,70,70,70,70,70,70,70,70,70,70,70,70,70,70,70,70,70,70,70,70,70],"card_choices":[{"not_picked":["Blur","Choke"],"picked":"Crippling Poison","floor":1},{"not_picked":["Deadly Poison","Poisoned Stab"],"picked":"Acrobatics","floor":3},{"not_picked":["Choke","Acrobatics","Setup"],"picked":"SKIP","floor":7},{"not_picked":["Prepared","PiercingWail","Flying Knee"],"picked":"SKIP","floor":10},{"not_picked":["Reflex","Slice"],"picked":"Night Terror","floor":12},{"not_picked":["Reflex","Masterful Stab"],"picked":"Blade Dance","floor":13},{"not_picked":["Bullet Time","Malaise"],"picked":"Envenom","floor":16},{"not_picked":["Backflip","Dodge and Roll+1"],"picked":"Outmaneuver","floor":18},{"not_picked":["Deadly Poison","Masterful Stab"],"picked":"Dagger Throw","floor":19},{"not_picked":["Dagger Throw","Bane","Phantasmal Killer"],"picked":"SKIP","floor":21}],"player_experience":519354,"relics_obtained":[{"floor":9,"key":"Akabeko"},{"floor":12,"key":"StrikeDummy"},{"floor":19,"key":"Red Mask"}],"event_choices":[{"damage_healed":0,"gold_gain":0,"player_choice":"Take Wound","damage_taken":0,"relics_obtained":["Golden Idol"],"max_hp_gain":0,"max_hp_loss":0,"event_name":"Golden Idol","floor":2,"gold_loss":0,"cards_obtained":["Injury"]},{"cards_removed":["Injury"],"damage_healed":0,"gold_gain":0,"player_choice":"Removed Curses","damage_taken":0,"max_hp_gain":0,"max_hp_loss":0,"event_name":"Fountain of Cleansing","floor":4,"gold_loss":0},{"damage_healed":0,"gold_gain":0,"player_choice":"Fought Bandits","damage_taken":0,"max_hp_gain":0,"max_hp_loss":0,"event_name":"Masked Bandits","floor":19,"gold_loss":0}],"is_beta":false,"boss_relics":[{"not_picked":["Empty Cage","Runic Pyramid"],"picked":"WristBlade"}],"items_purged_floors":[14],"is_endless":false,"potions_floor_spawned":[1,3,16,19],"killed_by":"Shelled Parasite and Fungi","ascension_level":1}}