{"host":"qrt7o4dq2qslzw13","time":1612448030,"event":{"mods":["AchievementEnabler","BaseMod","Colored Map","Colored Powertips","Minty Spire (QoL Compilation)","Quick Restart","StSLib","SuperFastMode"],"gold_per_floor":[110,110,110,38,49,49,69,69,69,89,104,130,130,149,149,149,149],"floor_reached":16,"language":"ENG","playtime":256,"items_purged":[],"score":163,"play_id":"55104088-6924-41c2-987c-45b197ec79c4","local_time":"20210204091350","is_ascension_mode":true,"campfire_choices":[{"floor":6.0,"key":"REST"},{"data":"Poisoned Stab","floor":8.0,"key":"SMITH"},{"floor":13,"key":"REST"},{"data":"Catalyst","floor":15,"key":"SMITH"}],"circlet_count":0,"master_deck":["AscendersBane","Strike_G","Strike_G","Strike_G","Strike_G","Strike_G","Defend_G","Defend_G","Defend_G","Defend_G","Defend_G","Survivor","Neutralize","Doubt","Envenom+1","Poisoned Stab+1","Regret","Deadly Poison","Poisoned Stab","Flechettes","Blade Dance","Skewer","Catalyst+1","Slice","Blade Dance"],"relics":["Ring of the Snake","Ice Cream","HornCleat","Art of War"],"acts_visited":["Exordium"],"potions_floor_usage":[12,16],"damage_taken":[{"damage":10.0,"enemies":"2 Louse","floor":1.0,"turns":4.0},{"damage":6.0,"enemies":"Jaw Worm","floor":5.0,"turns":4.0},{"damage":0.0,"enemies":"Cultist","floor":7.0,"turns":3.0},{"damage":0.0,"enemies":"Exordium Wildlife","floor":10.0,"turns":3.0},{"damage":2.0,"enemies":"Exordium Thugs","floor":11.0,"turns":4.0},{"damage":42,"enemies":"3 Sentries","floor":12,"turns":9},{"damage":2,"enemies":"Blue Slaver","floor":14,"turns":3},{"damage":49,"enemies":"Slime Boss","floor":16,"turns":7}],"seed_played":"-980259005463418126","potions_obtained":[{"floor":5.0,"key":"BlessingOfTheForge"},{"floor":11.0,"key":"Strength Potion"},{"floor":12,"key":"DistilledChaos"}],"is_trial":false,"path_per_floor":["M","?","?","$","M","R","M","R","T","M","M","E","R","M","R","B"],"character_chosen":"THE_SILENT","items_purchased":["Deadly Poison","Poisoned Stab"],"campfire_rested":2,"item_purchase_floors":[4,4],"current_hp_per_floor":[53,53,53,53,47,68,68,68,68,68,66,24,45,43,43,0,0],"gold":149,"neow_bonus":"THREE_RARE_CARDS","is_daily":false,"chose_seed":false,"campfire_upgraded":2,"win_rate":0.0,"timestamp":1612448030,"path_taken":["M","?","?","?","M","R","?","R","T","M","M","E","R","M","R","BOSS"],"items_purchased_type":["Card","Card"],"build_version":"2020-12-22","purchased_purges":0,"victory":false,"max_hp_per_floor":[70,70,70,70,70,70,70,70,70,70,70,70,70,70,70,70,70],"card_choices":[{"not_picked":["Tools of the Trade","Malaise"],"picked":"Envenom","floor":0.0},{"not_picked":["Quick Slash","Sucker Punch"],"picked":"Poisoned Stab","floor":1.0},{"not_picked":["Acrobatics","Dagger Spray"],"picked":"Flechettes","floor":5.0},{"not_picked":["Outmaneuver","A Thousand Cuts"],"picked":"Blade Dance","floor":7.0},{"not_picked":["Quick Slash","Deflect"],"picked":"Skewer","floor":10.0},{"not_picked":["Setup","Finisher"],"picked":"Catalyst","floor":11.0},{"not_picked":["Dodge and Roll","Concentrate"],"picked":"Slice","floor":12},{"not_picked":["Prepared","PiercingWail"],"picked":"Blade Dance","floor":14}],"player_experience":625702,"relics_obtained":[{"floor":9.0,"key":"HornCleat"},{"floor":12,"key":"Art of War"}],"event_choices":[{"damage_healed":0.0,"max_hp_gain":0.0,"max_hp_loss":0.0,"gold_gain":0.0,"event_name":"Living Wall","player_choice":"Grow","floor":2.0,"gold_loss":0.0,"damage_taken":0.0,"cards_upgraded":["Envenom"]},{"damage_healed":0.0,"max_hp_gain":0.0,"max_hp_loss":0.0,"gold_gain":0.0,"event_name":"Big Fish","player_choice":"Box","floor":3.0,"gold_loss":0.0,"damage_taken":0.0,"relics_obtained":["Ice Cream"],"cards_obtained":["Regret"]}],"is_beta":false,"boss_relics":[],"items_purged_floors":[],"is_endless":false,"potions_floor_spawned":[5,11,12],"killed_by":"Slime Boss","ascension_level":12}}