{"host":"osk2oboccoevp2u5","time":1612461242,"event":{"mods":["AchievementEnabler","Alarm Clock","BaseMod","Colored Powertips","Disable Question Mark Monsters","Displayed Cursed Tome","Key Reminder","Minty Spire (QoL Compilation)","Potion Indicator Mod","Quick Restart","Rare Cards Sparkle","Reorder Act Four","StSLib","The Bug Knight","Useless Jewels Mod"],"gold_per_floor":[116,41,41,14,189,189,189,204,230,244,260,16,36,36,36,140,140,140,140,140,140,140,140,15,15,15,15,15,15,15,15,15,15,15],"floor_reached":33,"language":"ENG","playtime":2965,"items_purged":["HollowMod:NailStrikeStart","Doubt","Regret"],"score":275,"play_id":"9732c0e7-912c-41b1-acdf-045a3f0667b6","local_time":"20210204135402","is_ascension_mode":false,"campfire_choices":[{"data":"HollowMod:WraithStrike","floor":6.0,"key":"SMITH"},{"data":"HollowMod:LifebloodCocoon","floor":15.0,"key":"SMITH"},{"data":"HollowMod:PogoStrike","floor":27.0,"key":"SMITH"},{"data":"HollowMod:VoidDash","floor":29.0,"key":"SMITH"},{"data":"HollowMod:DoubleDash","floor":32.0,"key":"SMITH"}],"circlet_count":0,"master_deck":["HollowMod:NailStrikeStart","HollowMod:NailStrikeStart+1","HollowMod:NailStrikeStart","HollowMod:QuickDashStart+1","HollowMod:QuickDashStart","HollowMod:QuickDashStart+1","HollowMod:QuickDashStart","HollowMod:FocusHealStart","HollowMod:PogoStrike+1","HollowMod:WraithStrike+1","HollowMod:NewLittleFool+1","HollowMod:LifebloodCocoon+1","HollowMod:CrystalDash","HollowMod:ElderbugsWisdom+1","HollowMod:QuirrelsAssistance+1","HollowMod:SharpenedShadows+1","HollowMod:DoubleDash+1","HollowMod:VoidDash+1"],"relics":["Coffee Dripper","Gambling Chip","Frozen Egg 2","Omamori","Whetstone","Ectoplasm","Red Mask","Matryoshka","Happy Flower","Smiling Mask","Ancient Tea Set"],"acts_visited":["Exordium","TheCity"],"potions_floor_usage":[33],"damage_taken":[{"damage":0.0,"enemies":"2 Louse","floor":1.0,"turns":2.0},{"damage":4.0,"enemies":"Small Slimes","floor":8.0,"turns":4.0},{"damage":1.0,"enemies":"Jaw Worm","floor":10.0,"turns":3.0},{"damage":4.0,"enemies":"3 Louse","floor":11.0,"turns":4.0},{"damage":0.0,"enemies":"2 Fungi Beasts","floor":13.0,"turns":6.0},{"damage":7.0,"enemies":"The Guardian","floor":16.0,"turns":24.0},{"damage":0.0,"enemies":"3 Byrds","floor":18.0,"turns":8.0},{"damage":6.0,"enemies":"Chosen","floor":19.0,"turns":9.0},{"damage":62.0,"enemies":"3 Cultists","floor":20.0,"turns":10.0},{"damage":81.0,"enemies":"Masked Bandits","floor":21.0,"turns":9.0},{"damage":2.0,"enemies":"Snake Plant","floor":22.0,"turns":6.0},{"damage":24.0,"enemies":"Slavers","floor":23.0,"turns":7.0},{"damage":5.0,"enemies":"Centurion and Healer","floor":25.0,"turns":7.0},{"damage":11.0,"enemies":"Book of Stabbing","floor":28.0,"turns":8.0},{"damage":27,"enemies":"Collector","floor":33,"turns":5}],"seed_played":"-3747781777796717271","potions_obtained":[{"floor":13.0,"key":"SpeedPotion"},{"floor":21.0,"key":"PowerPotion"},{"floor":22.0,"key":"Block Potion"},{"floor":25.0,"key":"GamblersBrew"},{"floor":28.0,"key":"SpeedPotion"}],"is_trial":false,"path_per_floor":["M","$","?","$","?","R","?","M","T","M","M","$","M","?","R","B",null,"M","M","M","?","M","E","$","M","T","R","E","R","?","$","R","B"],"character_chosen":"THE_BUGKNIGHT","items_purchased":["HollowMod:NewLittleFool","Whetstone"],"campfire_rested":0,"item_purchase_floors":[4,12],"current_hp_per_floor":[75,75,72,72,72,72,72,68,68,67,63,63,63,48,48,41,75,75,69,7,68,66,42,42,37,37,37,26,26,51,51,51,24,24],"gold":15,"neow_bonus":"BOSS_RELIC","is_daily":false,"chose_seed":false,"campfire_upgraded":5,"win_rate":0.0,"timestamp":1612461242,"path_taken":["M","$","?","$","?","R","?","M","T","M","M","?","M","?","R","BOSS","M","M","M","?","M","E","$","M","T","R","E","R","?","?","R","BOSS"],"items_purchased_type":["Card","Relic"],"build_version":"2020-12-22","purchased_purges":3,"victory":false,"max_hp_per_floor":[75,75,75,75,75,75,75,75,75,75,75,75,75,75,75,75,75,75,75,75,75,75,75,75,75,75,75,75,75,75,75,75,75,75],"card_choices":[{"not_picked":["HollowMod:ShadowDash","HollowMod:PerfectDash"],"picked":"HollowMod:WraithStrike","floor":1.0},{"not_picked":["HollowMod:DoubleDash","HollowMod:WraithStrike"],"picked":"HollowMod:LifebloodCocoon","floor":8.0},{"not_picked":["HollowMod:VengefulVoid","HollowMod:CycloneSlash","HollowMod:MonarchWings"],"picked":"SKIP","floor":10.0},{"not_picked":["HollowMod:CloakDash","HollowMod:SoulShaman"],"picked":"HollowMod:CrystalDash","floor":11.0},{"not_picked":["HollowMod:DashSlash","HollowMod:BaldurShell+1","HollowMod:GoodIntentions"],"picked":"SKIP","floor":13.0},{"not_picked":["HollowMod:theNailsmith","HollowMod:VoidDash"],"picked":"HollowMod:ElderbugsWisdom+1","floor":16.0},{"not_picked":["HollowMod:DashSlash","HollowMod:PureNailStrike+1","HollowMod:ChannelNail+1"],"picked":"SKIP","floor":18.0},{"not_picked":["HollowMod:SoulSplash","HollowMod:AbyssShriek","HollowMod:GreatSlash"],"picked":"SKIP","floor":19.0},{"not_picked":["HollowMod:CrystalDash","HollowMod:InfectedCysts","HollowMod:BaldurShell+1"],"picked":"SKIP","floor":20.0},{"not_picked":["HollowMod:NewLittleFool+1","HollowMod:WraithStrike"],"picked":"HollowMod:QuirrelsAssistance+1","floor":21.0},{"not_picked":["HollowMod:VengefulSpirit","HollowMod:DesolateDive"],"picked":"HollowMod:SharpenedShadows+1","floor":22.0},{"not_picked":["HollowMod:QuirrelsAssistance","HollowMod:HornetsHelp"],"picked":"HollowMod:DoubleDash","floor":23.0},{"not_picked":["HollowMod:NewLittleFool","HollowMod:GreatSlash","HollowMod:VengefulSpirit"],"picked":"SKIP","floor":25.0},{"not_picked":["HollowMod:NewJinnsSoul","HollowMod:GoodIntentions"],"picked":"HollowMod:VoidDash","floor":28.0}],"player_experience":927518,"relics_obtained":[{"floor":9.0,"key":"Omamori"},{"floor":21.0,"key":"Red Mask"},{"floor":23.0,"key":"Matryoshka"},{"floor":26.0,"key":"Happy Flower"},{"floor":26.0,"key":"Smiling Mask"},{"floor":28.0,"key":"Ancient Tea Set"}],"event_choices":[{"damage_healed":0.0,"max_hp_gain":0.0,"max_hp_loss":0.0,"gold_gain":0.0,"event_name":"Scrap Ooze","player_choice":"Success","floor":3.0,"gold_loss":0.0,"damage_taken":3.0,"relics_obtained":["Gambling Chip"]},{"damage_healed":0.0,"max_hp_gain":0.0,"max_hp_loss":0.0,"gold_gain":175.0,"event_name":"Liars Game","player_choice":"AGREE","floor":5.0,"gold_loss":0.0,"damage_taken":0.0,"cards_obtained":["Doubt"]},{"damage_healed":0.0,"max_hp_gain":0.0,"max_hp_loss":0.0,"gold_gain":0.0,"event_name":"Big Fish","player_choice":"Box","floor":7.0,"gold_loss":0.0,"damage_taken":0.0,"relics_obtained":["Frozen Egg 2"],"cards_obtained":["Regret"]},{"damage_healed":0.0,"max_hp_gain":0.0,"max_hp_loss":0.0,"gold_gain":0.0,"event_name":"Shining Light","player_choice":"Entered Light","floor":14.0,"gold_loss":0.0,"damage_taken":15.0,"cards_upgraded":["HollowMod:QuickDashStart","HollowMod:QuickDashStart"]},{"damage_healed":0.0,"max_hp_gain":0.0,"max_hp_loss":0.0,"gold_gain":0.0,"event_name":"Masked Bandits","player_choice":"Fought Bandits","floor":21.0,"gold_loss":0.0,"damage_taken":0.0},{"damage_healed":25.0,"max_hp_gain":0.0,"max_hp_loss":0.0,"gold_gain":0.0,"event_name":"The Library","player_choice":"Heal","floor":30.0,"gold_loss":0.0,"damage_taken":0.0}],"is_beta":false,"boss_relics":[{"not_picked":["Pandora\u0027s Box","Tiny House"],"picked":"Ectoplasm"}],"items_purged_floors":[2,12,24],"is_endless":false,"potions_floor_spawned":[13,21,22,25,28],"killed_by":"Collector","ascension_level":0}}