{"host":"5spr8tig1ba228ju","time":1612410947,"event":{"mods":["BaseMod","Bestiary","Colored Map","Colored Powertips","Curses Come First","Energized Spire","Highlight Path","Hubris","Minty Spire (QoL Compilation)","Quick Restart","Relic Stats","Reliquary","Replay The Spire","Shop Mod","Slay the StarCraft II Mod","Spicy Shops","StSLib","SuperFastMode","The Jungle","¡¾ÒÅÎï¿¨ÅÆ¡¿REMEMod"],"gold_per_floor":[112,112,129,163,163,163,180,215,238,266,266,266,294,305,305,384,384,404,421,438,30,50,50,50],"floor_reached":23,"language":"ZHS","playtime":1273,"items_purged":[],"score":401,"play_id":"da7de6d2-15d5-4207-8b1f-250996b305fe","local_time":"20210204115547","is_ascension_mode":true,"campfire_choices":[{"data":"Corruption","floor":6.0,"key":"SMITH"},{"floor":12.0,"key":"REST"},{"floor":15.0,"key":"REST"}],"circlet_count":0,"master_deck":["AscendersBane","Strike_R","Strike_R","Strike_R","Strike_R","Strike_R","Defend_R","Defend_R","Defend_R","Defend_R","Bash","REME_BattleFury","Corruption+1","Inflame","Shrug It Off","ReplayTheSpireMod:Strike From Hell","Havoc","Life Link","Armaments","REME_Cut","Wild Strike","Rupture","Berserk","Flame Barrier","Perfected Strike","Twin Strike","Dark Embrace","Flame Barrier+1","Perfected Strike"],"relics":["Burning Blood","REME_ComplimentaryCards","hubris:Towel","hubris:TinFlute","hubris:OldNail","Smiling Mask","Orichalcum","Matryoshka","Replay:Rubber Ducky","Ring of Chaos","Regal Pillow","reliquary:BrokenClock"],"acts_visited":["Exordium","TheCity"],"potions_floor_usage":[],"damage_taken":[{"damage":9.0,"enemies":"Jaw Worm","floor":1.0,"turns":3.0},{"damage":12.0,"enemies":"2 Louse","floor":3.0,"turns":4.0},{"damage":1.0,"enemies":"Cultist","floor":7.0,"turns":4.0},{"damage":32.0,"enemies":"3 Sentries","floor":8.0,"turns":5.0},{"damage":12.0,"enemies":"Lagavulin","floor":10.0,"turns":6.0},{"damage":27.0,"enemies":"3 Sentries","floor":13.0,"turns":8.0},{"damage":0.0,"enemies":"Looter","floor":14.0,"turns":5.0},{"damage":22.0,"enemies":"Hexaghost","floor":16.0,"turns":8.0},{"damage":21.0,"enemies":"2 Thieves","floor":18.0,"turns":4.0},{"damage":29.0,"enemies":"Shell Parasite","floor":19.0,"turns":5.0},{"damage":23.0,"enemies":"Cultist and Chosen","floor":20.0,"turns":7.0},{"damage":5.0,"enemies":"Sentry and Sphere","floor":22.0,"turns":5.0},{"damage":13,"enemies":"Book of Stabbing","floor":23,"turns":2}],"seed_played":"5899898107142159464","potions_obtained":[{"floor":3.0,"key":"Death Potion"},{"floor":13.0,"key":"Milkshake"},{"floor":14.0,"key":"Fire Potion"},{"floor":16.0,"key":"Death Potion"},{"floor":19.0,"key":"Weak Potion"},{"floor":22.0,"key":"PowerPotion"}],"is_trial":false,"path_per_floor":["M","?","M","?","$","R","M","E","T","E","T","R","E","M","R","B",null,"M","M","M","$","M","E"],"character_chosen":"IRONCLAD","items_purchased":["Regal Pillow","Dark Embrace","Flame Barrier+1","reliquary:BrokenClock"],"campfire_rested":2,"item_purchase_floors":[21,21,21,21],"current_hp_per_floor":[47,47,41,41,41,41,46,20,20,14,14,36,15,21,43,27,63,48,25,8,8,9,0,0],"gold":50,"neow_bonus":"THREE_RARE_CARDS","is_daily":false,"chose_seed":false,"campfire_upgraded":1,"win_rate":0.0,"timestamp":1612410947,"path_taken":["M","?","M","?","?","R","M","E","T","E","?","R","E","M","R","BOSS","M","?","M","$","M","E"],"items_purchased_type":["Relic","Card","Card","Relic"],"build_version":"2020-12-22","purchased_purges":0,"victory":false,"max_hp_per_floor":[75,75,75,75,75,75,75,75,75,75,75,75,75,75,75,75,75,75,75,75,75,75,75,75],"relic_stats":{"Regal Pillow":0,"counters":[13,66],"Orichalcum":[66],"Smiling Mask":0,"obtain_stats":[{"Regal Pillow":21,"Matryoshka":11,"Ring of Chaos":17,"reliquary:BrokenClock":21,"hubris:Towel":2,"Orichalcum":10,"Smiling Mask":9,"Burning Blood":0,"hubris:TinFlute":4,"hubris:OldNail":8,"REME_ComplimentaryCards":0,"Replay:Rubber Ducky":13},{"Regal Pillow":11,"Matryoshka":5,"Ring of Chaos":8,"reliquary:BrokenClock":11,"hubris:Towel":1,"Orichalcum":5,"Smiling Mask":4,"Burning Blood":0,"hubris:TinFlute":2,"hubris:OldNail":4,"REME_ComplimentaryCards":0,"Replay:Rubber Ducky":6},{"Regal Pillow":59,"Matryoshka":22,"Ring of Chaos":43,"reliquary:BrokenClock":59,"hubris:Towel":3,"Orichalcum":22,"Smiling Mask":16,"Burning Blood":0,"hubris:TinFlute":7,"hubris:OldNail":16,"REME_ComplimentaryCards":0,"Replay:Rubber Ducky":30}],"Burning Blood":72},"card_choices":[{"not_picked":["Bludgeon","Brutality"],"picked":"Corruption","floor":0.0},{"not_picked":["Heavy Blade","True Grit"],"picked":"Inflame","floor":1.0},{"not_picked":["Warcry","Pommel Strike"],"picked":"Shrug It Off","floor":3.0},{"not_picked":["Massacre","ReplayReversal"],"picked":"ReplayTheSpireMod:Strike From Hell","floor":4.0},{"not_picked":["Wild Strike","Blood for Blood"],"picked":"Havoc","floor":4.0},{"not_picked":["Seeing Red","ReplayReversal"],"picked":"Life Link","floor":7.0},{"not_picked":["ReplayTheSpireMod:Strike From Hell","Iron Wave"],"picked":"Armaments","floor":8.0},{"not_picked":["Seeing Red","Pommel Strike"],"picked":"REME_Cut","floor":10.0},{"not_picked":["Pommel Strike","Iron Wave"],"picked":"Wild Strike","floor":13.0},{"not_picked":["Body Slam","Dropkick"],"picked":"Rupture","floor":14.0},{"not_picked":["Reaper","Offering"],"picked":"Berserk","floor":16.0},{"not_picked":["Cleave","Blood for Blood"],"picked":"Flame Barrier","floor":18.0},{"not_picked":["Shrug It Off+1","Warcry"],"picked":"Perfected Strike","floor":19.0},{"not_picked":["Spot Weakness","Body Slam"],"picked":"Twin Strike","floor":20.0},{"not_picked":["Heavy Blade","Wild Strike"],"picked":"Perfected Strike","floor":22.0}],"player_experience":649495,"relics_obtained":[{"floor":4.0,"key":"hubris:TinFlute"},{"floor":8.0,"key":"hubris:OldNail"},{"floor":9.0,"key":"Smiling Mask"},{"floor":10.0,"key":"Orichalcum"},{"floor":11.0,"key":"Matryoshka"},{"floor":13.0,"key":"Replay:Rubber Ducky"}],"event_choices":[],"is_beta":false,"boss_relics":[{"not_picked":["Tiny House","energizedSpire:OgreHead"],"picked":"Ring of Chaos"}],"items_purged_floors":[],"is_endless":false,"potions_floor_spawned":[3,13,14,16,19,22],"killed_by":"Book of Stabbing","ascension_level":18}}