{"host":"49pjgf1q9ev52n8z","time":1612417195,"event":{"mods":["BaseMod","Bestiary","Colored Map","Keyboard Shortcuts","Minty Spire (QoL Compilation)","Practice Mode","Relic Stats","StSLib"],"gold_per_floor":[110,110,128,19,38,38,73,73,73,105,124,124,124,156,168,283,295,327,519,3,23,38,66,82,82,109,109,124,159,176,208,208,311,311,330,330,380,655,25,25,54,54,54,89,100,100,0,15,15,15],"floor_reached":51,"language":"ENG","playtime":8941,"items_purged":["Shame","Regret"],"score":957,"play_id":"4917886d-a0d1-43b5-afc0-bbb637a17e1e","local_time":"20210203213955","is_ascension_mode":true,"campfire_choices":[{"data":"Chaos","floor":6.0,"key":"SMITH"},{"floor":8.0,"key":"REST"},{"data":"Hologram","floor":13.0,"key":"SMITH"},{"data":"Dualcast","floor":15.0,"key":"SMITH"},{"floor":25.0,"key":"REST"},{"data":"Chill","floor":27.0,"key":"SMITH"},{"floor":32.0,"key":"REST"},{"data":"Fission","floor":40.0,"key":"SMITH"},{"data":"Static Discharge","floor":42.0,"key":"SMITH"},{"data":"Creative AI","floor":49,"key":"SMITH"}],"circlet_count":0,"master_deck":["Strike_B","Strike_B","Strike_B","Strike_B","Defend_B","Defend_B","Defend_B","Defend_B","Zap","Dualcast+1","Master of Strategy","Chaos+1","Streamline","White Noise","Loop","Conserve Battery","Self Repair","Hologram+1","Chill+1","Multi-Cast","CurseOfTheBell","Defragment","Meteor Strike","Static Discharge+1","Compile Driver","Undo","Leap+1","Defragment+1","Consume","Heatsinks","Biased Cognition","Fission+1","Loop","Creative AI+1","Doom and Gloom","Machine Learning+1","Capacitor+1"],"relics":["Cracked Core","Eternal Feather","Nunchaku","White Beast Statue","Ice Cream","MawBank","Calling Bell","Toy Ornithopter","Gremlin Horn","Bird Faced Urn","Oddly Smooth Stone","Lee\u0027s Waffle","Smiling Mask","Tiny Chest","Gambling Chip","The Courier","Nuclear Battery","Bottled Flame","Prayer Wheel","Membership Card","Happy Flower","Art of War","InkBottle","Vajra","Pear","Frozen Egg 2","Unceasing Top","Pen Nib","Juzu Bracelet","Red Mask"],"acts_visited":["Exordium","TheCity","TheBeyond"],"potions_floor_usage":[50],"damage_taken":[{"damage":1.0,"enemies":"2 Louse","floor":1.0,"turns":3.0},{"damage":3.0,"enemies":"Cultist","floor":3.0,"turns":4.0},{"damage":7.0,"enemies":"Jaw Worm","floor":5.0,"turns":3.0},{"damage":36.0,"enemies":"Gremlin Nob","floor":7.0,"turns":5.0},{"damage":18.0,"enemies":"3 Sentries","floor":10.0,"turns":6.0},{"damage":14.0,"enemies":"3 Louse","floor":11.0,"turns":4.0},{"damage":11.0,"enemies":"Lagavulin","floor":14.0,"turns":6.0},{"damage":23.0,"enemies":"Slime Boss","floor":16.0,"turns":8.0},{"damage":14.0,"enemies":"Spheric Guardian","floor":18.0,"turns":7.0},{"damage":35.0,"enemies":"2 Thieves","floor":21.0,"turns":3.0},{"damage":16.0,"enemies":"Shelled Parasite and Fungi","floor":22.0,"turns":6.0},{"damage":80.0,"enemies":"Slavers","floor":23.0,"turns":4.0},{"damage":8.0,"enemies":"Chosen and Byrds","floor":24.0,"turns":5.0},{"damage":18.0,"enemies":"Centurion and Healer","floor":28.0,"turns":7.0},{"damage":13.0,"enemies":"Gremlin Leader","floor":29.0,"turns":5.0},{"damage":0.0,"enemies":"Snecko","floor":30.0,"turns":4.0},{"damage":69.0,"enemies":"Slavers","floor":31.0,"turns":6.0},{"damage":54.0,"enemies":"Automaton","floor":33.0,"turns":9.0},{"damage":34.0,"enemies":"Orb Walker","floor":35.0,"turns":6.0},{"damage":7.0,"enemies":"Mind Bloom Boss Battle","floor":37.0,"turns":5.0},{"damage":0.0,"enemies":"Giant Head","floor":41.0,"turns":5.0},{"damage":33.0,"enemies":"Nemesis","floor":44.0,"turns":5.0},{"damage":20,"enemies":"3 Shapes","floor":45,"turns":3},{"damage":30,"enemies":"Spire Growth","floor":48,"turns":4},{"damage":73,"enemies":"Time Eater","floor":50,"turns":7}],"seed_played":"3997319067244257044","potions_obtained":[{"floor":5.0,"key":"Energy Potion"},{"floor":10.0,"key":"Swift Potion"},{"floor":11.0,"key":"Fruit Juice"},{"floor":14.0,"key":"EntropicBrew"},{"floor":16.0,"key":"Weak Potion"},{"floor":21.0,"key":"Energy Potion"},{"floor":23.0,"key":"SpeedPotion"},{"floor":24.0,"key":"FearPotion"},{"floor":28.0,"key":"PowerPotion"},{"floor":29.0,"key":"PowerPotion"},{"floor":30.0,"key":"Energy Potion"},{"floor":37.0,"key":"PowerPotion"},{"floor":44.0,"key":"DuplicationPotion"}],"is_trial":false,"path_per_floor":["M","?","M","$","M","R","E","R","T","E","M","?","R","E","R","B",null,"M","?","$","M","M","E","M","R","T","R","M","E","M","E","R","B",null,"M","T","?","?","$","R","E","R","T","E","M","T","?","M","R","B",null],"character_chosen":"DEFECT","items_purchased":["White Noise","Meteor Strike","Static Discharge","Oddly Smooth Stone","Lee\u0027s Waffle","Membership Card","Creative AI","Happy Flower","Art of War","InkBottle","Doom and Gloom","Vajra","Pear"],"campfire_rested":3,"item_purchase_floors":[4,20,20,20,20,39,39,39,39,39,39,39,39],"current_hp_per_floor":[74,71,68,68,61,70,34,65,65,47,47,47,56,52,61,50,80,77,58,87,68,69,10,19,60,60,75,74,87,87,35,79,48,87,72,72,87,87,97,97,97,97,97,82,91,91,91,69,90,43],"gold":15,"neow_bonus":"RANDOM_COLORLESS_2","is_daily":false,"chose_seed":false,"campfire_upgraded":7,"win_rate":0.0,"timestamp":1612417195,"path_taken":["M","?","M","$","M","R","E","R","T","E","M","?","R","E","R","BOSS","M","?","$","M","M","E","M","R","T","R","M","E","M","E","R","BOSS","M","?","?","?","$","R","E","R","T","E","M","?","?","M","R","BOSS"],"items_purchased_type":["Card","Card","Card","Relic","Relic","Relic","Card","Relic","Relic","Relic","Card","Relic","Relic"],"build_version":"2020-12-22","purchased_purges":2,"victory":true,"max_hp_per_floor":[75,75,75,75,75,75,75,75,75,75,75,75,75,75,75,80,80,80,80,87,87,87,87,87,87,87,87,87,87,87,87,87,87,87,87,87,87,87,97,97,97,97,97,97,97,97,97,97,97,97],"relic_stats":{"Lee\u0027s Waffle":29,"Gremlin Horn":[15,15],"Happy Flower":[8],"counters":[25,130],"Eternal Feather":105,"Pen Nib":[0],"Juzu Bracelet":1,"MawBank":72,"Smiling Mask":-10,"Nunchaku":[10],"Bird Faced Urn":[179],"Gambling Chip":[18],"Tiny Chest":1,"Prayer Wheel":2,"Art of War":[9],"obtain_stats":[{"Ice Cream":10,"Gremlin Horn":17,"Vajra":39,"Juzu Bracelet":46,"Smiling Mask":23,"Nunchaku":7,"Gambling Chip":29,"Tiny Chest":26,"Prayer Wheel":37,"Red Mask":47,"Cracked Core":0,"InkBottle":39,"Lee\u0027s Waffle":20,"Pear":39,"Happy Flower":39,"Oddly Smooth Stone":20,"Eternal Feather":2,"The Courier":31,"Pen Nib":44,"Frozen Egg 2":41,"MawBank":14,"White Beast Statue":9,"Nuclear Battery":34,"Calling Bell":17,"Bottled Flame":36,"Bird Faced Urn":17,"Art of War":39,"Membership Card":39,"Toy Ornithopter":17,"Unceasing Top":43},{"Ice Cream":5,"Gremlin Horn":8,"Vajra":20,"Juzu Bracelet":23,"Smiling Mask":12,"Nunchaku":4,"Gambling Chip":15,"Tiny Chest":13,"Prayer Wheel":20,"Red Mask":23,"Cracked Core":0,"InkBottle":20,"Lee\u0027s Waffle":9,"Pear":20,"Happy Flower":20,"Oddly Smooth Stone":9,"Eternal Feather":1,"The Courier":17,"Pen Nib":22,"Frozen Egg 2":21,"MawBank":7,"White Beast Statue":4,"Nuclear Battery":18,"Calling Bell":8,"Bottled Flame":19,"Bird Faced Urn":8,"Art of War":20,"Membership Card":20,"Toy Ornithopter":8,"Unceasing Top":21},{"Ice Cream":21,"Gremlin Horn":39,"Vajra":106,"Juzu Bracelet":119,"Smiling Mask":59,"Nunchaku":15,"Gambling Chip":76,"Tiny Chest":64,"Prayer Wheel":106,"Red Mask":119,"Cracked Core":0,"InkBottle":106,"Lee\u0027s Waffle":46,"Pear":106,"Happy Flower":106,"Oddly Smooth Stone":46,"Eternal Feather":3,"The Courier":86,"Pen Nib":116,"Frozen Egg 2":111,"MawBank":31,"White Beast Statue":15,"Nuclear Battery":95,"Calling Bell":39,"Bottled Flame":101,"Bird Faced Urn":39,"Art of War":106,"Membership Card":106,"Toy Ornithopter":39,"Unceasing Top":111}],"Toy Ornithopter":38,"InkBottle":[12],"Unceasing Top":[0]},"card_choices":[{"not_picked":["Apotheosis","Panache"],"picked":"Master of Strategy","floor":0.0},{"not_picked":["Turbo","Compile Driver"],"picked":"Chaos","floor":1.0},{"not_picked":["White Noise","Glacier"],"picked":"Streamline","floor":3.0},{"not_picked":["Gash","Coolheaded"],"picked":"Loop","floor":5.0},{"not_picked":["Recycle","Gash"],"picked":"Conserve Battery","floor":7.0},{"not_picked":["Reboot","Leap"],"picked":"Self Repair","floor":10.0},{"not_picked":["Ball Lightning","Auto Shields"],"picked":"Hologram","floor":11.0},{"not_picked":["Rebound","Skim"],"picked":"Chill","floor":14.0},{"not_picked":["Buffer","Thunder Strike"],"picked":"Multi-Cast","floor":16.0},{"not_picked":["Gash","Leap"],"picked":"Defragment","floor":18.0},{"not_picked":["Go for the Eyes","Leap"],"picked":"Compile Driver","floor":21.0},{"not_picked":["Hyperbeam","Streamline","Hologram"],"picked":"SKIP","floor":22.0},{"not_picked":["Hologram+1","Compile Driver"],"picked":"Undo","floor":23.0},{"not_picked":["Heatsinks","Barrage"],"picked":"Leap+1","floor":24.0},{"not_picked":["Static Discharge+1","Coolheaded"],"picked":"Defragment+1","floor":28.0},{"not_picked":["Hyperbeam","Rebound"],"picked":"Consume","floor":29.0},{"not_picked":["Gash+1","Ball Lightning"],"picked":"Heatsinks","floor":30.0},{"not_picked":["Undo","Redo+1"],"picked":"Biased Cognition","floor":31.0},{"not_picked":["Meteor Strike","All For One"],"picked":"Fission","floor":33.0},{"not_picked":["Blizzard","Hologram+1"],"picked":"Loop","floor":35.0},{"not_picked":["Steam+1","Auto Shields+1","Recycle"],"picked":"SKIP","floor":41.0},{"not_picked":["Reprogram","Self Repair+1","Rebound"],"picked":"SKIP","floor":44.0},{"not_picked":["Stack","Turbo"],"picked":"Machine Learning+1","floor":45},{"not_picked":["Ball Lightning+1","Beam Cell+1"],"picked":"Capacitor+1","floor":45},{"not_picked":["Conserve Battery","Rebound+1","Sweeping Beam+1"],"picked":"SKIP","floor":48},{"not_picked":["Streamline+1","BootSequence+1","Steam"],"picked":"SKIP","floor":48}],"player_experience":715763,"relics_obtained":[{"floor":7.0,"key":"Nunchaku"},{"floor":9.0,"key":"White Beast Statue"},{"floor":10.0,"key":"Ice Cream"},{"floor":14.0,"key":"MawBank"},{"floor":17.0,"key":"Toy Ornithopter"},{"floor":17.0,"key":"Gremlin Horn"},{"floor":17.0,"key":"Bird Faced Urn"},{"floor":23.0,"key":"Smiling Mask"},{"floor":26.0,"key":"Tiny Chest"},{"floor":29.0,"key":"Gambling Chip"},{"floor":31.0,"key":"The Courier"},{"floor":36.0,"key":"Bottled Flame"},{"floor":37.0,"key":"Prayer Wheel"},{"floor":41.0,"key":"Frozen Egg 2"},{"floor":43.0,"key":"Unceasing Top"},{"floor":44.0,"key":"Pen Nib"},{"floor":46,"key":"Juzu Bracelet"}],"event_choices":[{"damage_healed":0.0,"max_hp_gain":0.0,"max_hp_loss":0.0,"gold_gain":0.0,"event_name":"Scrap Ooze","player_choice":"Success","floor":2.0,"gold_loss":0.0,"damage_taken":3.0,"relics_obtained":["Eternal Feather"]},{"damage_healed":0.0,"max_hp_gain":0.0,"max_hp_loss":0.0,"gold_gain":0.0,"event_name":"Dead Adventurer","player_choice":"Searched \u00271\u0027 times","floor":12.0,"gold_loss":0.0,"damage_taken":0.0},{"damage_healed":0.0,"max_hp_gain":0.0,"max_hp_loss":0.0,"gold_gain":180.0,"event_name":"Knowing Skull","player_choice":"GOLD GOLD ","floor":19.0,"potions_obtained":[],"gold_loss":0.0,"damage_taken":19.0,"cards_obtained":[]},{"damage_healed":0.0,"max_hp_gain":0.0,"max_hp_loss":0.0,"gold_gain":0.0,"event_name":"MindBloom","player_choice":"Fight","floor":37.0,"gold_loss":0.0,"damage_taken":0.0},{"damage_healed":0.0,"max_hp_gain":0.0,"max_hp_loss":0.0,"gold_gain":275.0,"event_name":"Golden Shrine","player_choice":"Desecrate","floor":38.0,"gold_loss":0.0,"damage_taken":0.0,"cards_obtained":["Regret"]},{"damage_healed":0,"gold_gain":0,"player_choice":"Paid","damage_taken":0,"relics_obtained":["Red Mask"],"max_hp_gain":0,"max_hp_loss":0,"event_name":"Tomb of Lord Red Mask","floor":47,"gold_loss":100}],"is_beta":false,"boss_relics":[{"not_picked":["Tiny House","Velvet Choker"],"picked":"Calling Bell"},{"not_picked":["Coffee Dripper","Fusion Hammer"],"picked":"Nuclear Battery"}],"items_purged_floors":[4,39],"is_endless":false,"potions_floor_spawned":[5,10,11,14,16,18,21,22,23,24,28,29,30,31,33,35,37,41,44,45,48],"ascension_level":2}}