{"host":"7jl348xfsxr8glry","time":1612443717,"event":{"mods":["AchievementEnabler","BaseMod","Colored Map","Minty Spire (QoL Compilation)","Random Character Button","Unceasing Turn Reminder"],"gold_per_floor":[113,123,138,150,168,168,196,196,196,52,66,66,27,58,58,161,211,226,32,43,54,54,54],"floor_reached":22,"language":"ENG","playtime":1080,"items_purged":[],"score":218,"play_id":"0ebf4a13-e006-4eec-9506-46b757c5a6dc","local_time":"20210205000157","is_ascension_mode":true,"campfire_choices":[{"floor":6,"key":"REST"},{"floor":8,"key":"REST"},{"floor":12,"key":"RECALL"},{"floor":15,"key":"REST"}],"circlet_count":0,"master_deck":["Strike_B","Strike_B","Strike_B","Strike_B+1","Defend_B","Defend_B","Defend_B","Defend_B","Zap","Dualcast","Rebound","Conserve Battery","Compile Driver","Doom and Gloom","Rebound","Storm","Loop","Compile Driver+1","Machine Learning","Lockon+1","Capacitor","Leap","Conserve Battery"],"relics":["Cracked Core","Molten Egg 2","Shuriken","Sundial","WingedGreaves","Tiny House","MealTicket"],"acts_visited":["Exordium","TheCity"],"potions_floor_usage":[7,20,21,21],"damage_taken":[{"damage":7,"enemies":"Jaw Worm","floor":1,"turns":3},{"damage":1,"enemies":"Cultist","floor":2,"turns":3},{"damage":2,"enemies":"2 Louse","floor":3,"turns":2},{"damage":2,"enemies":"Blue Slaver","floor":4,"turns":4},{"damage":5,"enemies":"2 Fungi Beasts","floor":5,"turns":2},{"damage":34,"enemies":"Gremlin Nob","floor":7,"turns":5},{"damage":9,"enemies":"3 Louse","floor":11,"turns":3},{"damage":24,"enemies":"Lagavulin","floor":14,"turns":6},{"damage":35,"enemies":"Slime Boss","floor":16,"turns":8},{"damage":39,"enemies":"3 Byrds","floor":18,"turns":4},{"damage":16,"enemies":"Chosen","floor":20,"turns":6},{"damage":18,"enemies":"Centurion and Healer","floor":21,"turns":6},{"damage":7,"enemies":"Shelled Parasite and Fungi","floor":22,"turns":1}],"seed_played":"-7655841923689747432","potions_obtained":[{"floor":5,"key":"Regen Potion"},{"floor":14,"key":"SkillPotion"},{"floor":16,"key":"Strength Potion"},{"floor":17,"key":"Ancient Potion"},{"floor":20,"key":"FearPotion"},{"floor":21,"key":"Strength Potion"}],"is_trial":false,"path_per_floor":["M","M","M","M","M","R","E","R","T","?","M","R","$","E","R","B",null,"M","$","M","M","M"],"character_chosen":"DEFECT","items_purchased":["Loop","MealTicket","Leap"],"campfire_rested":3,"item_purchase_floors":[13,19,19],"current_hp_per_floor":[68,67,65,63,58,75,50,72,72,72,63,63,63,39,61,26,80,41,41,25,7,0,0],"gold":54,"neow_bonus":"THREE_CARDS","is_daily":false,"chose_seed":false,"campfire_upgraded":0,"win_rate":0.0,"timestamp":1612443717,"path_taken":["M","M","M","M","M","R","E","R","T","?","?","R","$","E","R","BOSS","M","?","?","M","M"],"items_purchased_type":["Card","Relic","Card"],"build_version":"2020-12-22","purchased_purges":0,"victory":false,"max_hp_per_floor":[75,75,75,75,75,75,75,75,75,75,75,75,75,75,75,75,80,80,80,80,80,80,80],"card_choices":[{"not_picked":["Turbo","Darkness"],"picked":"Rebound","floor":0},{"not_picked":["Compile Driver","Coolheaded"],"picked":"Conserve Battery","floor":1},{"not_picked":["Barrage","Coolheaded","Undo"],"picked":"SKIP","floor":2},{"not_picked":["Redo","Cold Snap"],"picked":"Compile Driver","floor":3},{"not_picked":["Tempest","Compile Driver"],"picked":"Doom and Gloom","floor":4},{"not_picked":["Gash","Coolheaded"],"picked":"Rebound","floor":5},{"not_picked":["Hologram","Core Surge+1"],"picked":"Storm","floor":7},{"not_picked":["Hologram","Steam","Heatsinks"],"picked":"SKIP","floor":11},{"not_picked":["Stack","Barrage+1"],"picked":"Compile Driver+1","floor":14},{"not_picked":["Buffer","All For One+1"],"picked":"Machine Learning","floor":16},{"not_picked":["Hologram","Turbo"],"picked":"Lockon+1","floor":17},{"not_picked":["Hello World","Steam"],"picked":"Capacitor","floor":18},{"not_picked":["Redo","Steam Power"],"picked":"Conserve Battery","floor":20},{"not_picked":["Sunder+1","Glacier","Barrage+1"],"picked":"SKIP","floor":21}],"player_experience":222308,"relics_obtained":[{"floor":7,"key":"Molten Egg 2"},{"floor":9,"key":"Shuriken"},{"floor":14,"key":"WingedGreaves"}],"event_choices":[{"damage_healed":0,"gold_gain":0,"player_choice":"Paid Gold","damage_taken":0,"relics_obtained":["Sundial"],"max_hp_gain":0,"max_hp_loss":0,"event_name":"WeMeetAgain","floor":10,"gold_loss":144}],"is_beta":false,"boss_relics":[{"not_picked":["Ectoplasm","Busted Crown"],"picked":"Tiny House"}],"items_purged_floors":[],"is_endless":false,"potions_floor_spawned":[5,14,16,20,21],"killed_by":"Shelled Parasite and Fungi","ascension_level":2}}