{"host":"spoxbmo2txwgdxt2","time":1612469244,"event":{"mods":["AchievementEnabler","Act Like it!","BaseMod","Colored Powertips","Gensokyo","Highlight Path","Marisa£®ÏF”Í°°ƒß¿Ì…≥£©","Minty Spire (QoL Compilation)","Quick Restart","Shop Mod","StSLib"],"gold_per_floor":[114,64,38,38,38,88,117,132,156,156,207,79,134,171,171,296,296,310,322,29,129,144,200,200,200,271,328,346,599,599,657,657,783,783,795,795,833,833,833,833,893,928,928,928,954,954,625,642,642,642,642,642,102,162,162],"floor_reached":56,"language":"ZHS","playtime":5408,"items_purged":["Pain"],"score":1495,"play_id":"9d187803-9c8d-472d-8e36-306ec226a9fb","local_time":"20210205040724","is_ascension_mode":true,"campfire_choices":[{"data":"WitchOfGreed","floor":10.0,"key":"SMITH"},{"data":"Singularity","floor":15.0,"key":"SMITH"},{"data":"EscapeVelocity","floor":24.0,"key":"SMITH"},{"data":"BlazingStar","floor":32.0,"key":"SMITH"},{"floor":40.0,"key":"RECALL"},{"data":"FairyDestructionRay","floor":46.0,"key":"PURGE"},{"data":"Defend_MRS","floor":49.0,"key":"PURGE"},{"data":"Defend_MRS","floor":52.0,"key":"PURGE"}],"circlet_count":0,"master_deck":["Strike_MRS","Defend_MRS","Defend_MRS","MasterSpark","UpSweep","Gensokyo:BlessingOfConstitution","WitchOfGreed+1","WitchLeyline","OortCloud","Singularity+1","IllusionStar","WitchLeyline","MagicAbsorber","EscapeVelocity+1","MagicChant+1","OpenUniverse","BlazeAway+1","Dash","ShootingEcho+1","WitchLeyline","PowerUp","BlazingStar+1","UltimateShortwave","ManaRampage","PulseMagic+1","MillisecondPulsars","MagicChant+1","MagicChant","Gensokyo:Taser","CasketOfStar","Apotheosis","AsteroidBelt+1","GalacticHalo+1"],"relics":["MiniHakkero","NeowsBlessing","Gensokyo:LunaticRedEyes","Gensokyo:Justice","Anchor","Gensokyo:MarisaPhilosophersStone","Blood Vial","Torii","SacredBark","ClockworkSouvenir","SproutingBranch","Gambling Chip","MealTicket","White Beast Statue","Mercury Hourglass","Bronze Scales","Shuriken","Oddly Smooth Stone","Fusion Hammer","Incense Burner","Peace Pipe","Ancient Tea Set","Lantern","PreservedInsect","Ornamental Fan","Bag of Marbles","TheAbacus","Happy Flower"],"acts_visited":["Gensokyo:Gensokyo","Gensokyo:Gensokyoer","Gensokyo:Gensokyoest","TheEnding"],"potions_floor_usage":[55,55,55,55,55,55],"damage_taken":[{"damage":0.0,"enemies":"Gensokyo:2_Kodama","floor":1.0,"turns":1.0},{"damage":1.0,"enemies":"Gensokyo:Cirno","floor":6.0,"turns":2.0},{"damage":0.0,"enemies":"Gensokyo:Gryphon","floor":7.0,"turns":1.0},{"damage":5.0,"enemies":"Gensokyo:Gryphon","floor":8.0,"turns":5.0},{"damage":4.0,"enemies":"Gensokyo:Aya","floor":11.0,"turns":4.0},{"damage":0.0,"enemies":"Gensokyo:Mamizou","floor":13.0,"turns":8.0},{"damage":0.0,"enemies":"Gensokyo:Python","floor":14.0,"turns":2.0},{"damage":0.0,"enemies":"Gensokyo:Reimu","floor":16.0,"turns":10.0},{"damage":0.0,"enemies":"Gensokyo:AngelMirror","floor":18.0,"turns":2.0},{"damage":0.0,"enemies":"Gensokyo:CosmicMonolith","floor":19.0,"turns":2.0},{"damage":27.0,"enemies":"Gensokyo:CosmicMonolith","floor":21.0,"turns":4.0},{"damage":14.0,"enemies":"Gensokyo:Chomper_and_Gloop","floor":22.0,"turns":4.0},{"damage":37.0,"enemies":"Gensokyo:Reisen","floor":23.0,"turns":9.0},{"damage":6.0,"enemies":"Gensokyo:Koishi","floor":27.0,"turns":4.0},{"damage":0.0,"enemies":"Gensokyo:Swordslinger","floor":28.0,"turns":2.0},{"damage":0.0,"enemies":"Gensokyo:Tenshi","floor":29.0,"turns":2.0},{"damage":9.0,"enemies":"Gensokyo:Koishi","floor":31.0,"turns":6.0},{"damage":61.0,"enemies":"Gensokyo:Kaguya","floor":33.0,"turns":6.0},{"damage":1.0,"enemies":"Gensokyo:AncientGuardian","floor":35.0,"turns":4.0},{"damage":0.0,"enemies":"Gensokyo:3_Bats","floor":37.0,"turns":3.0},{"damage":12.0,"enemies":"Gensokyo:Marisa","floor":41.0,"turns":3.0},{"damage":0.0,"enemies":"Gensokyo:3_Boulders","floor":42.0,"turns":4.0},{"damage":18.0,"enemies":"Gensokyo:Kasen","floor":45.0,"turns":3.0},{"damage":0.0,"enemies":"Gensokyo:Dusk_and_Dawn","floor":48.0,"turns":2.0},{"damage":8.0,"enemies":"Gensokyo:Yuyuko","floor":50.0,"turns":7.0},{"damage":21.0,"enemies":"Shield and Spear","floor":54.0,"turns":4.0},{"damage":64,"enemies":"The Heart","floor":55,"turns":6}],"seed_played":"2358550916376452985","potions_obtained":[{"floor":6.0,"key":"Fire Potion"},{"floor":6.0,"key":"LiquidMemories"},{"floor":7.0,"key":"AttackPotion"},{"floor":8.0,"key":"Explosive Potion"},{"floor":11.0,"key":"SkillPotion"},{"floor":16.0,"key":"Block Potion"},{"floor":16.0,"key":"Strength Potion"},{"floor":18.0,"key":"BlessingOfTheForge"},{"floor":19.0,"key":"SteroidPotion"},{"floor":21.0,"key":"FearPotion"},{"floor":23.0,"key":"Energy Potion"},{"floor":27.0,"key":"ShroomBrew"},{"floor":27.0,"key":"BlessingOfTheForge"},{"floor":29.0,"key":"Dexterity Potion"},{"floor":29.0,"key":"Fruit Juice"},{"floor":31.0,"key":"GamblersBrew"},{"floor":31.0,"key":"LiquidMemories"},{"floor":33.0,"key":"Ancient Potion"},{"floor":33.0,"key":"Energy Potion"},{"floor":41.0,"key":"CultistPotion"},{"floor":45.0,"key":"EntropicBrew"}],"is_trial":false,"path_per_floor":["M","?","$","?","?","E","M","?","T","R","E","$","E","M","R","B",null,"M","M","COS","?","M","E","R","?","T","E","M","E","?","E","R","B",null,"M","?","M","?","?","R","E","M","T","?","E","R","$","M","R","B",null,"R","$","E","B",null],"character_chosen":"MARISA","items_purchased":["WitchOfGreed","IllusionStar","Apotheosis","PreservedInsect","Ornamental Fan","Bag of Marbles","TheAbacus"],"campfire_rested":0,"item_purchase_floors":[3,12,47,47,53,53,53],"current_hp_per_floor":[75,75,75,75,75,74,74,69,69,69,65,65,67,69,69,71,75,75,75,75,48,48,28,28,28,28,36,43,60,60,68,68,28,85,84,84,85,51,51,51,50,64,64,64,57,57,72,79,79,79,85,85,85,67,20],"gold":162,"neow_bonus":"THREE_ENEMY_KILL","is_daily":false,"chose_seed":false,"campfire_upgraded":4,"win_rate":0.0,"timestamp":1612469244,"path_taken":["M","?","$","?","?","E","?","?","T","R","E","?","E","M","R","BOSS","M","M","COS","?","M","E","R","?","T","E","M","E","?","E","R","BOSS","M","?","M","?","?","R","E","M","T","?","E","R","?","M","R","BOSS","R","$","E","BOSS"],"items_purchased_type":["Card","Card","Card","Relic","Relic","Relic","Relic"],"build_version":"2020-12-22","purchased_purges":1,"victory":true,"max_hp_per_floor":[75,75,75,75,75,75,75,75,75,75,75,75,75,75,75,75,75,75,75,75,75,75,75,75,75,75,75,75,85,85,85,85,85,85,85,85,85,85,85,85,85,85,85,85,85,85,85,85,85,85,85,85,85,85,85],"card_choices":[{"not_picked":["SprinkleStarSeal","MachineGunSpark"],"picked":"MilkyWay","floor":1.0},{"not_picked":["IllusionStar","6A"],"picked":"WitchLeyline","floor":6.0},{"not_picked":["MilkyWay","SprinkleStarSeal"],"picked":"OortCloud","floor":7.0},{"not_picked":["DC","DoubleSpark"],"picked":"FairyDestructionRay","floor":8.0},{"not_picked":["Occultation","MilkyWay","WitchOfGreed"],"picked":"SKIP","floor":11.0},{"not_picked":["StarlightTyphoon","DeepEcoloBomb"],"picked":"WitchLeyline","floor":13.0},{"not_picked":["AsteroidBelt","GalacticHalo"],"picked":"MagicAbsorber","floor":14.0},{"not_picked":["BigCrunch","BinaryStars"],"picked":"EscapeVelocity","floor":16.0},{"not_picked":["NonDirectionalLaser+1","GrandCross","WitchOfGreed"],"picked":"SKIP","floor":18.0},{"not_picked":["LuminesStrike+1","OneTimeOff"],"picked":"MagicChant+1","floor":19.0},{"not_picked":["6A","StarBarrage"],"picked":"OpenUniverse","floor":21.0},{"not_picked":["6A","GravityBeat","FairyDestructionRay"],"picked":"SKIP","floor":22.0},{"not_picked":["AbsoluteMagnitude","ManaRampage"],"picked":"BigCrunch","floor":23.0},{"not_picked":["NonDirectionalLaser","DC"],"picked":"BlazeAway+1","floor":23.0},{"not_picked":["EnergyFlow","DeepEcoloBomb"],"picked":"ShootingEcho+1","floor":27.0},{"not_picked":["BlazeAway","DoubleSpark"],"picked":"WitchLeyline","floor":28.0},{"not_picked":["NonDirectionalLaser","GrandCross+1"],"picked":"PowerUp","floor":29.0},{"not_picked":["EarthLightRay","DC"],"picked":"UltimateShortwave","floor":31.0},{"not_picked":["TreasureHunter","SatelliteIllusion"],"picked":"ManaRampage","floor":33.0},{"not_picked":["WitchLeyline+1","OpenUniverse+1"],"picked":"PulseMagic+1","floor":35.0},{"not_picked":["UnstableBomb+1","AsteroidBelt"],"picked":"MagicChant+1","floor":37.0},{"not_picked":["ShootingEcho+1","MillisecondPulsars"],"picked":"MagicChant","floor":41.0},{"not_picked":["WitchOfGreed+1","DarkMatter+1","MysteriousBeam+1"],"picked":"SKIP","floor":42.0},{"not_picked":["FairyDestructionRay+1","PropBag"],"picked":"CasketOfStar","floor":45.0},{"not_picked":["6A","EnergyFlow"],"picked":"AsteroidBelt+1","floor":48.0},{"not_picked":["BlazeAway","LuminesStrike"],"picked":"GalacticHalo+1","floor":54.0}],"player_experience":328227,"relics_obtained":[{"floor":6.0,"key":"Anchor"},{"floor":8.0,"key":"Gensokyo:MarisaPhilosophersStone"},{"floor":11.0,"key":"Blood Vial"},{"floor":13.0,"key":"Torii"},{"floor":21.0,"key":"SproutingBranch"},{"floor":21.0,"key":"Gambling Chip"},{"floor":23.0,"key":"MealTicket"},{"floor":26.0,"key":"White Beast Statue"},{"floor":27.0,"key":"Bronze Scales"},{"floor":29.0,"key":"Shuriken"},{"floor":31.0,"key":"Oddly Smooth Stone"},{"floor":41.0,"key":"Peace Pipe"},{"floor":43.0,"key":"Ancient Tea Set"},{"floor":45.0,"key":"Lantern"},{"floor":54.0,"key":"Happy Flower"}],"event_choices":[],"is_beta":false,"boss_relics":[{"not_picked":["Astrolabe","Empty Cage"],"picked":"SacredBark"},{"not_picked":["Black Star","Pandora\u0027s Box"],"picked":"Fusion Hammer"}],"items_purged_floors":[12],"is_endless":false,"potions_floor_spawned":[6,13,16,18,19,21,27,28,29,31,33,35,37,41,42,45,48,54],"ascension_level":1}}