{"host":"msfr2axb1w9025n0","time":1612429030,"event":{"mods":["BaseMod","Colored Map","DeckTracker","Minty Spire (QoL Compilation)","Relic Stats"],"gold_per_floor":[114,133,56,74,92,126,142,142,142,142,142,177,177,195,195,268,268,279,294,60,72,85,118,118,147,147,147,157,157,175,194,194,268,268,282,293,305,316,316,316,316],"floor_reached":40,"language":"ENG","playtime":1688,"items_purged":[],"score":822,"play_id":"72e4351e-14d1-4965-890c-4b099b68aa46","local_time":"20210204155710","is_ascension_mode":true,"campfire_choices":[{"data":"Bouncing Flask","floor":8.0,"key":"SMITH"},{"data":"Wraith Form v2","floor":11.0,"key":"SMITH"},{"data":"Bouncing Flask","floor":13.0,"key":"SMITH"},{"data":"Deadly Poison","floor":15.0,"key":"SMITH"},{"floor":24.0,"key":"REST"},{"floor":27.0,"key":"REST"},{"floor":32,"key":"REST"}],"circlet_count":0,"master_deck":["AscendersBane","Strike_G","Strike_G","Strike_G","Strike_G","Defend_G","Defend_G","Defend_G","Defend_G","Defend_G","Survivor","Neutralize","Bouncing Flask+1","Bouncing Flask+1","Poisoned Stab","PiercingWail","Dodge and Roll","Wraith Form v2+1","Deadly Poison+1","Backstab","Glass Knife","Dodge and Roll+1","Bouncing Flask","Bouncing Flask","Noxious Fumes","Escape Plan+1","Writhe","Deadly Poison+1","Crippling Poison","Corpse Explosion","Tactician","Deflect+1","Panache"],"relics":["Velvet Choker","MealTicket","Mummified Hand","Tiny Chest","Empty Cage","ClockworkSouvenir","Ginger","Toy Ornithopter","Sundial","Bag of Preparation","Runic Pyramid"],"acts_visited":["Exordium","TheCity","TheBeyond"],"potions_floor_usage":[33,38,40,40],"damage_taken":[{"damage":0.0,"enemies":"2 Louse","floor":1.0,"turns":4.0},{"damage":6.0,"enemies":"Jaw Worm","floor":2.0,"turns":4.0},{"damage":0.0,"enemies":"Cultist","floor":4.0,"turns":3.0},{"damage":24.0,"enemies":"Large Slime","floor":5.0,"turns":5.0},{"damage":5.0,"enemies":"Lagavulin","floor":6.0,"turns":6.0},{"damage":4.0,"enemies":"Blue Slaver","floor":7.0,"turns":4.0},{"damage":19.0,"enemies":"3 Sentries","floor":12.0,"turns":9.0},{"damage":4.0,"enemies":"Gremlin Gang","floor":14.0,"turns":6.0},{"damage":14.0,"enemies":"Hexaghost","floor":16.0,"turns":7.0},{"damage":14.0,"enemies":"Spheric Guardian","floor":18.0,"turns":4.0},{"damage":5.0,"enemies":"Shell Parasite","floor":19.0,"turns":4.0},{"damage":2.0,"enemies":"Centurion and Healer","floor":21.0,"turns":7.0},{"damage":9.0,"enemies":"Chosen and Byrds","floor":22.0,"turns":6.0},{"damage":21.0,"enemies":"Book of Stabbing","floor":23.0,"turns":5.0},{"damage":22.0,"enemies":"Gremlin Leader","floor":25.0,"turns":8.0},{"damage":18.0,"enemies":"Snake Plant","floor":28.0,"turns":4.0},{"damage":1,"enemies":"Snecko","floor":30,"turns":5},{"damage":5,"enemies":"3 Cultists","floor":31,"turns":6},{"damage":26,"enemies":"Automaton","floor":33,"turns":9},{"damage":19,"enemies":"Orb Walker","floor":35,"turns":3},{"damage":0,"enemies":"3 Shapes","floor":36,"turns":5},{"damage":2,"enemies":"Transient","floor":37,"turns":5},{"damage":22,"enemies":"3 Darklings","floor":38,"turns":5},{"damage":55,"enemies":"Giant Head","floor":40,"turns":8}],"seed_played":"-3225971227282756538","potions_obtained":[{"floor":1.0,"key":"Regen Potion"},{"floor":5.0,"key":"PowerPotion"},{"floor":7.0,"key":"Dexterity Potion"},{"floor":19.0,"key":"Explosive Potion"},{"floor":21.0,"key":"SkillPotion"},{"floor":31,"key":"EssenceOfSteel"},{"floor":33,"key":"CunningPotion"},{"floor":35,"key":"Poison Potion"},{"floor":36,"key":"Fire Potion"},{"floor":38,"key":"FearPotion"}],"is_trial":false,"path_per_floor":["M","M","$","M","M","E","M","R","T","?","R","E","R","M","R","B",null,"M","M","$","M","M","E","R","E","T","R","M","?","M","M","R","B",null,"M","M","M","M","?","E"],"character_chosen":"THE_SILENT","items_purchased":["Bouncing Flask","ClockworkSouvenir","Bouncing Flask"],"campfire_rested":3,"item_purchase_floors":[3,20,20],"current_hp_per_floor":[59,53,53,53,29,39,35,35,35,51,51,32,32,28,28,14,51,37,32,47,45,36,15,33,11,11,29,11,11,10,5,23,2,48,29,29,27,10,10,0,0],"gold":316,"neow_bonus":"BOSS_RELIC","is_daily":false,"chose_seed":false,"campfire_upgraded":4,"win_rate":0.0,"timestamp":1612429030,"path_taken":["M","M","$","M","M","E","M","R","T","?","R","E","R","M","R","BOSS","M","M","$","M","M","E","R","E","T","R","M","?","M","M","R","BOSS","M","M","M","M","?","E"],"items_purchased_type":["Card","Relic","Card"],"build_version":"2020-12-22","purchased_purges":0,"victory":false,"max_hp_per_floor":[66,66,66,66,66,66,66,66,66,66,66,66,66,66,66,66,63,63,63,63,63,63,63,63,63,63,63,63,63,63,63,63,63,63,63,63,63,63,63,63,63],"relic_stats":{"counters":[24,132],"Mummified Hand":[31],"Sundial":[2],"MealTicket":15,"Tiny Chest":0,"Bag of Preparation":[16],"Ginger":[4],"obtain_stats":[{"Mummified Hand":9,"Sundial":26,"Velvet Choker":0,"MealTicket":6,"Tiny Chest":12,"Bag of Preparation":29,"Ginger":23,"Empty Cage":17,"Toy Ornithopter":25,"Ring of the Snake":0,"ClockworkSouvenir":20,"Runic Pyramid":34},{"Mummified Hand":6,"Sundial":15,"Velvet Choker":0,"MealTicket":5,"Tiny Chest":7,"Bag of Preparation":16,"Ginger":14,"Empty Cage":9,"Toy Ornithopter":15,"Ring of the Snake":0,"ClockworkSouvenir":11,"Runic Pyramid":19},{"Mummified Hand":26,"Sundial":82,"Velvet Choker":0,"MealTicket":22,"Tiny Chest":35,"Bag of Preparation":86,"Ginger":74,"Empty Cage":48,"Toy Ornithopter":82,"Ring of the Snake":0,"ClockworkSouvenir":56,"Runic Pyramid":106}],"Toy Ornithopter":20},"card_choices":[{"not_picked":["Reflex","Infinite Blades","Deflect"],"picked":"SKIP","floor":1.0},{"not_picked":["Acrobatics","Infinite Blades"],"picked":"Bouncing Flask","floor":2.0},{"not_picked":["Prepared","Outmaneuver"],"picked":"Poisoned Stab","floor":4.0},{"not_picked":["Dodge and Roll","Outmaneuver"],"picked":"PiercingWail","floor":5.0},{"not_picked":["Dagger Throw","Blade Dance"],"picked":"Dodge and Roll","floor":6.0},{"not_picked":["Acrobatics","Caltrops"],"picked":"Wraith Form v2","floor":7.0},{"not_picked":["Riddle With Holes","PiercingWail"],"picked":"Deadly Poison","floor":12.0},{"not_picked":["Slice","Underhanded Strike"],"picked":"Backstab","floor":14.0},{"not_picked":["Envenom","Storm of Steel"],"picked":"Glass Knife","floor":16.0},{"not_picked":["Expertise","Dagger Throw"],"picked":"Dodge and Roll+1","floor":18.0},{"not_picked":["Deadly Poison","Underhanded Strike"],"picked":"Bouncing Flask","floor":19.0},{"not_picked":["Phantasmal Killer","Infinite Blades","Dagger Spray"],"picked":"SKIP","floor":21.0},{"not_picked":["Quick Slash","Terror+1"],"picked":"Noxious Fumes","floor":22.0},{"not_picked":["Accuracy","Cloak And Dagger"],"picked":"Escape Plan+1","floor":23.0},{"not_picked":["Outmaneuver","Dodge and Roll","Sucker Punch"],"picked":"SKIP","floor":25.0},{"not_picked":["Dagger Throw","Skewer","Slice"],"picked":"SKIP","floor":28.0},{"not_picked":["All Out Attack","Skewer"],"picked":"Deadly Poison+1","floor":30},{"not_picked":["Terror","Masterful Stab"],"picked":"Crippling Poison","floor":31},{"not_picked":["Phantasmal Killer","After Image"],"picked":"Corpse Explosion","floor":33},{"not_picked":["Quick Slash+1","Sucker Punch","Well Laid Plans"],"picked":"SKIP","floor":35},{"not_picked":["Setup","Flying Knee"],"picked":"Tactician","floor":36},{"not_picked":["Backflip","Underhanded Strike","Infinite Blades"],"picked":"SKIP","floor":37},{"not_picked":["Slice","Poisoned Stab"],"picked":"Deflect+1","floor":38},{"not_picked":["Flash of Steel","Good Instincts"],"picked":"Panache","floor":39}],"player_experience":279991,"relics_obtained":[{"floor":6.0,"key":"MealTicket"},{"floor":9.0,"key":"Mummified Hand"},{"floor":12.0,"key":"Tiny Chest"},{"floor":23.0,"key":"Ginger"},{"floor":25.0,"key":"Toy Ornithopter"},{"floor":26.0,"key":"Sundial"}],"event_choices":[{"damage_healed":16.0,"max_hp_gain":0.0,"max_hp_loss":0.0,"gold_gain":0.0,"event_name":"Mushrooms","player_choice":"Healed and dodged fight","floor":10.0,"gold_loss":0.0,"damage_taken":0.0,"cards_obtained":["Parasite"]},{"damage_healed":0.0,"max_hp_gain":0.0,"max_hp_loss":0.0,"gold_gain":0.0,"event_name":"The Mausoleum","player_choice":"Opened","floor":29.0,"gold_loss":0.0,"damage_taken":0.0,"relics_obtained":["Bag of Preparation"],"cards_obtained":["Writhe"]},{"damage_healed":0,"gold_gain":0,"player_choice":"Memory 1","damage_taken":0,"max_hp_gain":0,"max_hp_loss":0,"event_name":"SensoryStone","floor":39,"gold_loss":0}],"is_beta":false,"boss_relics":[{"not_picked":["SacredBark","Sozu"],"picked":"Empty Cage"},{"not_picked":["Black Star","Fusion Hammer"],"picked":"Runic Pyramid"}],"items_purged_floors":[],"is_endless":false,"potions_floor_spawned":[1,5,7,12,19,21,31,33,35,36,38],"killed_by":"Giant Head","ascension_level":14}}