{"host":"lne8wiuoeo5kx55p","time":1612406906,"event":{"mods":["BaseMod","Colored Map","Colored Powertips","Googly Eyes","Minty Spire (QoL Compilation)","Replay The Spire","StSLib"],"gold_per_floor":[9999,10019,9500,9518,9518,9518,9548,9548,9548,8868,8868,8881,8881,8894,8894,8994,8994,8994,8994,8331,8331,8331,8331,8331,8331,8331,8331,7280,7280,7280,7280,7280,7280,7280,7280,7280,7280,6512,6512,6512,5442,5442,5442,5442,5442,5442,5442,5442,5442,5442],"floor_reached":51,"language":"ZHS","playtime":4085,"items_purged":["Defend_R","Defend_R","Strike_R","Strike_R","Strike_R","Defend_R"],"score":776,"play_id":"31cca58f-867a-4ee1-9f9b-feee3233db05","local_time":"20210204104826","is_ascension_mode":true,"campfire_choices":[{"floor":6,"key":"RECALL"},{"data":"Feed","floor":8,"key":"SMITH"},{"data":"Heavy Blade","floor":15,"key":"SMITH"},{"data":"Eclipse","floor":23,"key":"SMITH"},{"data":"Corruption","floor":25,"key":"SMITH"},{"floor":32,"key":"REST"},{"floor":40,"key":"REST"},{"data":"1","floor":44,"key":"LIFT"},{"data":"2","floor":46,"key":"LIFT"},{"data":"3","floor":49,"key":"LIFT"}],"circlet_count":0,"master_deck":["Bash+1","Warcry","Shrug It Off","Combust","Feed+1","Rage","Heavy Blade+1","Defy Death+1","ReplayTheSpireMod:Limb From Limb","ReplayTheSpireMod:Muscle Training","Clash+1","Reaper","Eclipse+1","Thunderclap+1","Thunderclap+1","ReplayTheSpireMod:Muscle Training+1","Rupture","Corruption+1","Clash","Clash","Clash+1","Replay:Many Hands","Burning Pact","Transmutation+1","ReplayReversal+1","Limit Break+1","Shrug It Off+1","Disarm+1","Inflame+1","Mayhem+1","Pommel Strike+1","Offering+1","Immolate+1","Iron Wave+1","Feed+1","Pot Of Greed","Pot Of Greed","Pot Of Greed","Hemokinesis+1","Pot Of Greed","Heavy Blade+1"],"relics":["Burning Blood","Tiny Chest","ReplayFunnel","ReplayTheSpireMod:Ninjato","Brimstone","Bag of Preparation","ReplayTheSpireMod:Spearhead","Ancient Tea Set","Sundial","Ectoplasm","ReplayTheSpireMod:TigerMarble","Darkstone Periapt","Orrery","Frozen Egg 2","Quantum Egg","Question Card","Golden Egg","Toolbox","Dream Catcher","Ring of Chaos","Counterbalance","Whetstone","Bottled Tornado","Regal Pillow","Pen Nib","Girya","Medical Kit","Replay:Rubber Ducky","Mercury Hourglass","Grinning Jar"],"acts_visited":["Exordium","TheCity","TheBeyond"],"potions_floor_usage":[12,16,21,33,37,45,48,50],"damage_taken":[{"damage":6,"enemies":"Cultist","floor":1,"turns":3},{"damage":3,"enemies":"2 Louse","floor":2,"turns":3},{"damage":11,"enemies":"Jaw Worm","floor":4,"turns":4},{"damage":56,"enemies":"Lagavulin","floor":7,"turns":7},{"damage":14,"enemies":"Exordium Wildlife","floor":12,"turns":2},{"damage":4,"enemies":"Looter","floor":14,"turns":2},{"damage":27,"enemies":"Hexaghost","floor":16,"turns":5},{"damage":1,"enemies":"Spheric Guardian","floor":18,"turns":2},{"damage":30,"enemies":"3 Byrds","floor":21,"turns":4},{"damage":0,"enemies":"Snake Plant","floor":22,"turns":1},{"damage":3,"enemies":"Book of Stabbing","floor":24,"turns":2},{"damage":0,"enemies":"Cultist and Chosen","floor":27,"turns":4},{"damage":42,"enemies":"Champ","floor":33,"turns":4},{"damage":35,"enemies":"3 Darklings","floor":35,"turns":3},{"damage":1,"enemies":"Orb Walker","floor":37,"turns":1},{"damage":12,"enemies":"3 Darklings","floor":42,"turns":3},{"damage":1,"enemies":"Reptomancer","floor":45,"turns":2},{"damage":0,"enemies":"Giant Head","floor":47,"turns":3},{"damage":0,"enemies":"Sphere and 2 Shapes","floor":48,"turns":2},{"damage":25,"enemies":"Replay:Hell Engine","floor":50,"turns":3}],"seed_played":"-5803865229521941286","potions_obtained":[{"floor":4,"key":"Swift Potion"},{"floor":7,"key":"Weak Potion"},{"floor":16,"key":"Block Potion"},{"floor":24,"key":"Strength Potion"},{"floor":33,"key":"Toxic Potion"},{"floor":37,"key":"FairyPotion"},{"floor":42,"key":"SkillPotion"},{"floor":47,"key":"Block Potion"}],"is_trial":false,"path_per_floor":["M","M","$","M","?","R","E","R","T","$","?","M","T","M","R","B",null,"M","?","$","M","M","R","E","R","T","M","$","?","T","?","R_BF","B",null,"M","?","M","$","T","R","$","M","T","R","E","R","E","M","R","B",null],"character_chosen":"IRONCLAD","items_purchased":["Tiny Chest","ReplayFunnel","Feed","Rage","Brimstone","Bag of Preparation","ReplayTheSpireMod:Spearhead","SteroidPotion","ReplayTheSpireMod:Muscle Training","ReplayTheSpireMod:TigerMarble","Darkstone Periapt","Orrery","Question Card","Golden Egg","Toolbox","Ancient Potion","Transmutation","Mayhem+1","Whetstone","Bottled Tornado","Pen Nib","Girya","Medical Kit","Offering","Immolate"],"campfire_rested":2,"item_purchase_floors":[3,3,3,3,10,10,10,10,10,20,20,20,28,28,28,28,28,38,38,38,41,41,41,41,41],"current_hp_per_floor":[80,80,80,78,78,78,28,28,28,28,28,24,24,30,30,21,91,91,91,91,74,84,84,95,95,95,95,95,95,95,76,100,64,100,71,46,51,51,51,96,96,90,90,90,95,95,100,100,100,81],"gold":5442,"neow_bonus":"TRANSFORM_CARD","is_daily":false,"chose_seed":false,"campfire_upgraded":4,"win_rate":0.0,"timestamp":1612406906,"path_taken":["M","?","$","?","?","R","E","R","T","$","?","M","?","?","R","BOSS","M","?","$","M","M","R","E","R","T","M","$","?","?","?","R_BF","BOSS","M","?","M","$","?","R","$","M","T","R","E","R","E","M","R","BOSS"],"items_purchased_type":["Relic","Relic","Card","Card","Relic","Relic","Relic","Potion","Card","Relic","Relic","Relic","Relic","Relic","Relic","Potion","Card","Card","Relic","Relic","Relic","Relic","Relic","Card","Card"],"build_version":"2020-12-22","purchased_purges":6,"victory":true,"max_hp_per_floor":[80,80,80,83,83,83,83,83,83,83,83,87,87,91,91,91,91,91,91,91,91,95,95,95,95,95,95,95,95,95,100,100,100,100,100,100,100,100,100,100,100,100,100,100,100,100,100,100,100,100],"card_choices":[{"not_picked":["Sword Boomerang","Run Through"],"picked":"Shrug It Off","floor":1},{"not_picked":["Battle Trance","ReplayTheSpireMod:Limb From Limb"],"picked":"Combust","floor":2},{"not_picked":["Run Through","Clothesline"],"picked":"Heavy Blade","floor":4},{"not_picked":["Thunderclap","Searing Blow"],"picked":"ReplayTheSpireMod:Limb From Limb","floor":7},{"not_picked":["ReplayTheSpireMod:Strike From Hell","Twin Strike"],"picked":"Clash","floor":12},{"not_picked":["Armaments","Run Through"],"picked":"Reaper","floor":14},{"not_picked":["Barricade","Double Tap"],"picked":"Eclipse","floor":16},{"not_picked":["Hemokinesis+1","Twin Strike+1"],"picked":"Thunderclap+1","floor":18},{"not_picked":["Armaments","Wild Strike"],"picked":"Thunderclap+1","floor":20},{"not_picked":["True Grit","Armaments+1"],"picked":"ReplayTheSpireMod:Muscle Training+1","floor":20},{"not_picked":["Pommel Strike","Hemokinesis"],"picked":"Rupture","floor":20},{"not_picked":["Clothesline","True Grit"],"picked":"Corruption","floor":20},{"not_picked":["Armaments","Body Slam"],"picked":"Clash","floor":20},{"not_picked":["Anger","Feel No Pain"],"picked":"Clash","floor":21},{"not_picked":["Thunderclap+1","Body Slam"],"picked":"Clash+1","floor":22},{"not_picked":["True Grit","Sever Soul"],"picked":"Replay:Many Hands","floor":24},{"not_picked":["Anger+1","Run Through+1"],"picked":"Burning Pact","floor":27},{"not_picked":["Dual Wield","Ghostly Armor","Wild Strike"],"picked":"ReplayReversal+1","floor":32},{"not_picked":["Feed","Berserk+1","Corruption+1"],"picked":"Limit Break","floor":33},{"not_picked":["Inflame+1","Run Through+1","Warcry+1"],"picked":"Shrug It Off+1","floor":35},{"not_picked":["Twin Strike+1","Run Through","Fiend Fire"],"picked":"Disarm+1","floor":36},{"not_picked":["Headbutt+1","Anger","Twin Strike+1"],"picked":"Inflame+1","floor":37},{"not_picked":["Wild Strike+1","ReplayTheSpireMod:Corrosion Curse+1","Twin Strike+1"],"picked":"Pommel Strike+1","floor":40},{"not_picked":["Shrug It Off","Twin Strike+1","Anger"],"picked":"Iron Wave+1","floor":42},{"not_picked":["Impervious","Disarm","Shrug It Off+1"],"picked":"Feed","floor":45},{"not_picked":["Disarm","Flex","Body Slam+1"],"picked":"Hemokinesis+1","floor":47},{"not_picked":["Clothesline+1","Fire Breathing+1","Warcry+1"],"picked":"Heavy Blade+1","floor":48}],"player_experience":37516,"relics_obtained":[{"floor":7,"key":"ReplayTheSpireMod:Ninjato"},{"floor":13,"key":"Sundial"},{"floor":24,"key":"Frozen Egg 2"},{"floor":26,"key":"Quantum Egg"},{"floor":30,"key":"Dream Catcher"},{"floor":36,"key":"Counterbalance"},{"floor":39,"key":"Regal Pillow"},{"floor":43,"key":"Replay:Rubber Ducky"},{"floor":45,"key":"Mercury Hourglass"},{"floor":47,"key":"Grinning Jar"}],"event_choices":[{"damage_healed":0,"gold_gain":0,"player_choice":"Searched \u00272\u0027 times","damage_taken":0,"relics_obtained":["Ancient Tea Set"],"max_hp_gain":0,"max_hp_loss":0,"event_name":"Dead Adventurer","floor":11,"gold_loss":0},{"cards_removed":["Strike_R"],"damage_healed":0,"gold_gain":0,"player_choice":"Elegance","damage_taken":0,"max_hp_gain":0,"max_hp_loss":0,"event_name":"Back to Basics","floor":19,"gold_loss":0},{"damage_healed":0,"gold_gain":0,"player_choice":"Ignored","damage_taken":0,"max_hp_gain":0,"max_hp_loss":0,"event_name":"Ghosts","floor":29,"gold_loss":0},{"damage_healed":0,"gold_gain":0,"player_choice":"Shed Blood","damage_taken":24,"max_hp_gain":5,"max_hp_loss":0,"event_name":"Forgotten Altar","floor":31,"gold_loss":0}],"is_beta":false,"boss_relics":[{"not_picked":["Busted Crown","Replay:Grab Bag"],"picked":"Ectoplasm"},{"not_picked":["Ooze Armor","Cursed Key"],"picked":"Ring of Chaos"}],"items_purged_floors":[3,10,20,28,38,41],"is_endless":false,"potions_floor_spawned":[4,7,16,24,33,37,42,47],"ascension_level":1}}