{"host":"dggqshehf2ar9kzd","time":1612473442,"event":{"mods":["BaseMod","Highlight Path","Minty Spire (QoL Compilation)"],"gold_per_floor":[115,115,125,143,162,193,207,207,231,258,276,167,167,182,182,277,277,288,300,300,312,332,363,363,363],"floor_reached":24,"language":"ENG","playtime":1501,"items_purged":["Strike_P"],"score":283,"play_id":"0f8bc041-4bb9-47c9-a0db-0eb371b7b97b","local_time":"20210204161722","is_ascension_mode":true,"campfire_choices":[{"data":"WindmillStrike","floor":13,"key":"SMITH"},{"floor":15,"key":"REST"}],"circlet_count":0,"master_deck":["Strike_P+1","Strike_P","Defend_P","Defend_P","Defend_P","Defend_P","Eruption+1","Vigilance","WindmillStrike+1","ThirdEye","FlurryOfBlows","SandsOfTime","FlurryOfBlows","Devotion","Wireheading","Wallop","Establishment","SandsOfTime"],"relics":["PureWater","Nunchaku","Pen Nib","Bag of Preparation","Busted Crown","Nloth\u0027s Gift","Potion Belt"],"acts_visited":["Exordium","TheCity"],"potions_floor_usage":[6,18,22,24],"damage_taken":[{"damage":2,"enemies":"Jaw Worm","floor":1,"turns":5},{"damage":4,"enemies":"Small Slimes","floor":3,"turns":3},{"damage":0,"enemies":"Cultist","floor":4,"turns":2},{"damage":7,"enemies":"Red Slaver","floor":5,"turns":6},{"damage":14,"enemies":"3 Sentries","floor":6,"turns":7},{"damage":5,"enemies":"3 Louse","floor":7,"turns":4},{"damage":14,"enemies":"Gremlin Nob","floor":10,"turns":4},{"damage":0,"enemies":"Blue Slaver","floor":11,"turns":2},{"damage":0,"enemies":"Red Slaver","floor":14,"turns":4},{"damage":33,"enemies":"The Guardian","floor":16,"turns":7},{"damage":15,"enemies":"Shell Parasite","floor":18,"turns":7},{"damage":12,"enemies":"Chosen","floor":19,"turns":5},{"damage":13,"enemies":"Snecko","floor":21,"turns":3},{"damage":31,"enemies":"Snake Plant","floor":22,"turns":4},{"damage":4,"enemies":"Gremlin Leader","floor":23,"turns":4},{"damage":21,"enemies":"Centurion and Healer","floor":24,"turns":2}],"seed_played":"-230511734549269387","potions_obtained":[{"floor":1,"key":"Ancient Potion"},{"floor":3,"key":"ColorlessPotion"},{"floor":7,"key":"Explosive Potion"},{"floor":10,"key":"LiquidMemories"},{"floor":14,"key":"Dexterity Potion"},{"floor":23,"key":"Weak Potion"}],"is_trial":false,"path_per_floor":["M","?","M","M","M","E","M","?","T","E","M","$","R","M","R","B",null,"M","M","?","M","M","E","M"],"character_chosen":"WATCHER","items_purchased":["Wireheading"],"campfire_rested":1,"item_purchase_floors":[12],"current_hp_per_floor":[70,56,52,52,45,38,33,33,33,19,19,19,19,19,42,9,79,64,52,52,39,8,4,0,0],"gold":363,"neow_bonus":"RANDOM_COMMON_RELIC","is_daily":false,"chose_seed":false,"campfire_upgraded":1,"win_rate":0.0,"timestamp":1612473442,"path_taken":["M","?","M","M","M","E","M","?","T","E","M","$","R","M","R","BOSS","M","M","?","M","M","E","?"],"items_purchased_type":["Card"],"build_version":"2020-12-22","purchased_purges":1,"victory":false,"max_hp_per_floor":[72,72,72,72,72,79,79,79,79,79,79,79,79,79,79,79,79,79,79,79,79,79,79,79,79],"card_choices":[{"not_picked":["Adaptation","CarveReality"],"picked":"WindmillStrike","floor":1},{"not_picked":["Sanctity","Halt"],"picked":"ThirdEye","floor":3},{"not_picked":["ClearTheMind","Evaluate","SashWhip"],"picked":"SKIP","floor":4},{"not_picked":["Halt","PathToVictory"],"picked":"FlurryOfBlows","floor":5},{"not_picked":["WreathOfFlame","Crescendo"],"picked":"SandsOfTime","floor":6},{"not_picked":["Prostrate","Evaluate"],"picked":"FlurryOfBlows","floor":7},{"not_picked":["ClearTheMind","Weave","CarveReality"],"picked":"SKIP","floor":10},{"not_picked":["SignatureMove","FlurryOfBlows"],"picked":"Devotion","floor":11},{"not_picked":["Prostrate","Crescendo"],"picked":"Wallop","floor":14},{"not_picked":["DeusExMachina","Devotion"],"picked":"Establishment","floor":16},{"not_picked":["SignatureMove"],"picked":"SKIP","floor":18},{"not_picked":[],"picked":"SandsOfTime","floor":19},{"not_picked":["JustLucky"],"picked":"SKIP","floor":21},{"not_picked":["Consecrate+1"],"picked":"SKIP","floor":22},{"not_picked":["Ragnarok"],"picked":"SKIP","floor":23}],"player_experience":328941,"relics_obtained":[{"floor":6,"key":"Strawberry"},{"floor":9,"key":"Pen Nib"},{"floor":10,"key":"Bag of Preparation"},{"floor":23,"key":"Potion Belt"}],"event_choices":[{"damage_healed":0,"gold_gain":0,"player_choice":"Entered Light","damage_taken":14,"max_hp_gain":0,"max_hp_loss":0,"event_name":"Shining Light","floor":2,"gold_loss":0,"cards_upgraded":["Eruption","Strike_P"]},{"cards_removed":["Strike_P"],"damage_healed":0,"gold_gain":0,"player_choice":"Forget","damage_taken":0,"max_hp_gain":0,"max_hp_loss":0,"event_name":"Living Wall","floor":8,"gold_loss":0},{"damage_healed":0,"gold_gain":0,"player_choice":"Traded Relic","damage_taken":0,"relics_obtained":["Nloth\u0027s Gift"],"max_hp_gain":0,"max_hp_loss":0,"event_name":"N\u0027loth","floor":20,"relics_lost":["Strawberry"],"gold_loss":0}],"is_beta":false,"boss_relics":[{"not_picked":["Sozu","Snecko Eye"],"picked":"Busted Crown"}],"items_purged_floors":[12],"is_endless":false,"potions_floor_spawned":[1,3,7,10,14,23],"killed_by":"Centurion and Healer","ascension_level":2}}