{"host":"jbmvtpvel2a8rbg6","time":1612459406,"event":{"mods":["Aspiration","BaseMod","Better Match","Better Sensory Stone","Better Skull","Conspire","Downfall","Energized Spire","GungeonMod","Hubris","Infinite Spire","Minty Spire (QoL Compilation)","RRrroohrrRGHHhhh!!","Reliquary","Replay The Spire","StSLib","Wandering Minibosses"],"gold_per_floor":[118,137,151,151,161,196,214,248,327,340,340,361,361,418,418,513,513,529,543,543,543,543,573,589,589,589],"floor_reached":25,"language":"ENG","playtime":3109,"items_purged":[],"score":258,"play_id":"c57e9ba1-ad4a-4559-86b4-9f68ae3a1111","local_time":"20210204092326","is_ascension_mode":false,"campfire_choices":[{"floor":15,"key":"REST"}],"circlet_count":0,"master_deck":["Strike_G","Strike_G","Strike_G","Defend_G","Defend_G","Defend_G","Defend_G","Defend_G","Survivor","Neutralize","Masterful Stab","Terror","rorgmod:Accuracy","Distraction","Cloak And Dagger","Well Laid Plans","ReplayTheSpireMod:Splinters","Dagger Spray","Atom Bomb","rorgmod:Tendon Slice","Deflect","PiercingWail","downfall:Haunted","downfall:Haunted","infinitespire:Pacifist","Die Die Die","Midas Touch","Venomology","Poisoned Strike","PanicButton","Flash of Steel","Venomology"],"relics":["Ring of the Snake","NeowsBlessing","Lantern","hubris:OldNail","Snack Pack","hubris:Towel","Odd Mushroom","infinitespire:BottledMercury","energizedSpire:StickyHand","Darkstone Periapt","DemoMod:Metronome","ReplayTheSpireMod:ShopPack","hubris:FruitBowl","Frozen Egg 2"],"acts_visited":["Exordium","TheCity"],"potions_floor_usage":[6,10,16,18,23,23,25,25,25],"damage_taken":[{"damage":0,"enemies":"2 Louse","floor":1,"turns":1},{"damage":0,"enemies":"Cultist","floor":2,"turns":1},{"damage":0,"enemies":"Jaw Worm","floor":3,"turns":1},{"damage":3,"enemies":"Blue Slaver","floor":5,"turns":3},{"damage":24,"enemies":"3 Sentries","floor":6,"turns":14},{"damage":0,"enemies":"Large Slime","floor":7,"turns":6},{"damage":1,"enemies":"Gremlin Nob","floor":8,"turns":4},{"damage":0,"enemies":"2 Fungi Beasts","floor":10,"turns":2},{"damage":14,"enemies":"The Mushroom Lair","floor":12,"turns":5},{"damage":47,"enemies":"Fading Forest","floor":16,"turns":11},{"damage":7,"enemies":"Shell Parasite","floor":18,"turns":3},{"damage":7,"enemies":"2 Thieves","floor":19,"turns":3},{"damage":33,"enemies":"Book of Stabbing","floor":23,"turns":4},{"damage":3,"enemies":"Snecko","floor":24,"turns":4},{"damage":19,"enemies":"Centurion and Healer","floor":25,"turns":6}],"seed_played":"-8775021396457584959","potions_obtained":[{"floor":3,"key":"PowerPotion"},{"floor":6,"key":"Fire Potion"},{"floor":8,"key":"champ:CounterPotion"},{"floor":10,"key":"BlessingOfTheForge"},{"floor":16,"key":"SpeedPotion"},{"floor":24,"key":"AttackPotion"}],"is_trial":false,"path_per_floor":["M","M","M","?","M","E","M","E","T","M","?","?","?","?","R","B",null,"M","M","?","T","$","E","M","M"],"character_chosen":"THE_SILENT","items_purchased":["ReplayTheSpireMod:ShopPack","hubris:FruitBowl"],"campfire_rested":1,"item_purchase_floors":[22,22],"current_hp_per_floor":[70,70,70,70,67,43,43,42,42,44,44,32,32,32,53,22,70,63,58,76,76,49,16,13,0,0],"gold":589,"neow_bonus":"THREE_ENEMY_KILL","is_daily":false,"chose_seed":false,"campfire_upgraded":0,"win_rate":0.0,"timestamp":1612459406,"path_taken":["M","M","M","?","?","E","M","E","T","M","?","?","?","?","R","BOSS","M","M","?","?","?","E","M","M"],"items_purchased_type":["Relic","Relic"],"build_version":"2020-12-22","purchased_purges":0,"victory":false,"max_hp_per_floor":[70,70,70,70,70,70,70,70,70,70,70,70,70,70,70,70,70,70,70,88,88,88,88,88,88,88],"card_choices":[{"not_picked":["Concentrate","Eviscerate"],"picked":"Masterful Stab","floor":1},{"not_picked":["hubris:TrickCloak","PiercingWail","Bane"],"picked":"SKIP","floor":2},{"not_picked":["Bane","rorgmod:Slice"],"picked":"Terror","floor":3},{"not_picked":["Deadly Poison","Flying Knee","Fluid Movement"],"picked":"SKIP","floor":5},{"not_picked":["Hidden Blade","Acrobatics"],"picked":"rorgmod:Accuracy","floor":6},{"not_picked":["Blade Dance","Dagger Throw"],"picked":"Distraction","floor":7},{"not_picked":["Bane","Dagger Throw","Backflip"],"picked":"SKIP","floor":8},{"not_picked":["PiercingWail","Sucker Punch"],"picked":"Cloak And Dagger","floor":10},{"not_picked":["PiercingWail","Dodge and Roll"],"picked":"Dagger Spray","floor":14},{"not_picked":["rorgmod:Storm of Steel","Grand Finale"],"picked":"Atom Bomb","floor":16},{"not_picked":["Blade Dance","All Out Attack","Deadly Poison+1"],"picked":"SKIP","floor":18},{"not_picked":["rorgmod:Tendon Slice","Deflect"],"picked":"PiercingWail","floor":19},{"not_picked":["Midas Touch","Poisoned Strike"],"picked":"Venomology","floor":22},{"not_picked":["PanicButton","Flash of Steel"],"picked":"Venomology","floor":22},{"not_picked":["hubris:Counter+1","ReplayTheSpireMod:Necrosis","Expertise+1"],"picked":"SKIP","floor":23},{"not_picked":["hubris:Counter+1","ReplayTheSpireMod:Necrosis","Expertise+1"],"picked":"SKIP","floor":23},{"not_picked":["Crippling Poison","Cloak And Dagger","conspire:DoublingDagger"],"picked":"SKIP","floor":24}],"player_experience":818545,"relics_obtained":[{"floor":6,"key":"Lantern"},{"floor":8,"key":"hubris:OldNail"},{"floor":9,"key":"Snack Pack"},{"floor":12,"key":"Odd Mushroom"},{"floor":14,"key":"infinitespire:BottledMercury"},{"floor":21,"key":"DemoMod:Metronome"},{"floor":23,"key":"Frozen Egg 2"}],"event_choices":[{"cards_removed":["Strike_G"],"damage_healed":0,"gold_gain":0,"player_choice":"Purged","damage_taken":0,"max_hp_gain":0,"max_hp_loss":0,"event_name":"Purifier","floor":4,"gold_loss":0},{"damage_healed":0,"gold_gain":0,"player_choice":"Fought Mushrooms","damage_taken":0,"max_hp_gain":0,"max_hp_loss":0,"event_name":"Mushrooms","floor":12,"gold_loss":0},{"damage_healed":0,"gold_gain":0,"cards_transformed":["Strike_G"],"player_choice":"Change","damage_taken":0,"max_hp_gain":0,"max_hp_loss":0,"event_name":"Living Wall","floor":13,"gold_loss":0,"cards_obtained":["Well Laid Plans"]}],"is_beta":false,"boss_relics":[{"not_picked":["Ectoplasm","hubris:CrackedHourglass"],"picked":"energizedSpire:StickyHand"}],"items_purged_floors":[],"is_endless":false,"potions_floor_spawned":[3,6,8,10,16,24],"killed_by":"Centurion and Healer","ascension_level":0}}