{"host":"7sni158j623xchr2","time":1612427482,"event":{"mods":["BaseMod","Colored Map","Highlight Path","Minty Spire (QoL Compilation)","Permanent Neow","Potion Indicator Mod","Rare Cards Sparkle","Relic Sorter","Relic Stats","StSLib","everything is the same but u backflip on backflip"],"gold_per_floor":[119,130,5,5,5,35,35,64,89,44,44,44,69,89,89,184,184,194,207,218,230,230,230,258,258,282,312,312,347,361,361,361,462,462,488,1505,982,1009,1018,1052,1052,273,298,298,298,298,338,364,364,364,364,364,43,83,83],"floor_reached":56,"language":"ENG","playtime":1722,"items_purged":["Strike_P","Normality","Normality"],"score":1506,"play_id":"edcd016d-d93a-484b-97b5-e9ec6f767803","local_time":"20210204023122","is_ascension_mode":true,"campfire_choices":[{"data":"FollowUp","floor":7,"key":"SMITH"},{"data":"Fasting2","floor":12,"key":"SMITH"},{"data":"Meditate","floor":15,"key":"SMITH"},{"floor":23,"key":"REST"},{"floor":25,"key":"REST"},{"data":"Scrawl","floor":28,"key":"SMITH"},{"data":"WaveOfTheHand","floor":32,"key":"SMITH"},{"floor":41,"key":"RECALL"},{"floor":45,"key":"REST"},{"floor":49,"key":"REST"},{"data":"Fasting2","floor":52,"key":"SMITH"}],"circlet_count":0,"master_deck":["Strike_P","Defend_P","Defend_P","Defend_P","Defend_P","Eruption+1","Vigilance","ReachHeaven+1","CutThroughFate+1","FollowUp+1","WaveOfTheHand+1","ThirdEye","Fasting2+1","Meditate+1","Halt","Scrawl+1","Wallop","Consecrate+1","MasterReality","FearNoEvil","Evaluate+1","Adaptation","CrushJoints+1","Deep Breath","Fasting2+1","Halt","FlurryOfBlows","Tantrum+1","Wallop+1","Halt","Fasting2+1"],"relics":["PureWater","NeowsBlessing","Boot","Bag of Marbles","Toy Ornithopter","Orichalcum","VioletLotus","Enchiridion","CeramicFish","Pear","Akabeko","SlaversCollar","OrangePellets","Centennial Puzzle","CaptainsWheel","Sling","Nunchaku","Question Card","PreservedInsect","Shovel","Membership Card","Ice Cream","Kunai"],"acts_visited":["Exordium","TheCity","TheBeyond","TheEnding"],"potions_floor_usage":[16,27,33,33,33,33,33,47,55,55],"damage_taken":[{"damage":0,"enemies":"2 Louse","floor":1,"turns":1},{"damage":0,"enemies":"Small Slimes","floor":2,"turns":1},{"damage":0,"enemies":"Lagavulin","floor":6,"turns":1},{"damage":0,"enemies":"Gremlin Nob","floor":8,"turns":2},{"damage":23,"enemies":"3 Sentries","floor":13,"turns":4},{"damage":0,"enemies":"Jaw Worm","floor":14,"turns":3},{"damage":10,"enemies":"Hexaghost","floor":16,"turns":7},{"damage":0,"enemies":"3 Byrds","floor":18,"turns":5},{"damage":17,"enemies":"Spheric Guardian","floor":19,"turns":4},{"damage":18,"enemies":"Snake Plant","floor":20,"turns":3},{"damage":6,"enemies":"Snecko","floor":21,"turns":4},{"damage":13,"enemies":"Gremlin Leader","floor":24,"turns":5},{"damage":17,"enemies":"Slavers","floor":27,"turns":4},{"damage":11,"enemies":"Gremlin Leader","floor":29,"turns":4},{"damage":17,"enemies":"Centurion and Healer","floor":30,"turns":2},{"damage":54,"enemies":"Champ","floor":33,"turns":9},{"damage":22,"enemies":"3 Darklings","floor":35,"turns":3},{"damage":17,"enemies":"3 Shapes","floor":38,"turns":4},{"damage":1,"enemies":"Giant Head","floor":40,"turns":4},{"damage":32,"enemies":"Nemesis","floor":47,"turns":5},{"damage":0,"enemies":"3 Darklings","floor":48,"turns":3},{"damage":14,"enemies":"Awakened One","floor":50,"turns":8},{"damage":16,"enemies":"Shield and Spear","floor":54,"turns":4},{"damage":6,"enemies":"The Heart","floor":55,"turns":5}],"seed_played":"4466298731830039670","potions_obtained":[{"floor":1,"key":"SteroidPotion"},{"floor":13,"key":"SpeedPotion"},{"floor":20,"key":"StancePotion"},{"floor":21,"key":"Ancient Potion"},{"floor":27,"key":"EntropicBrew"},{"floor":35,"key":"LiquidMemories"},{"floor":38,"key":"LiquidMemories"},{"floor":47,"key":"StancePotion"}],"is_trial":false,"path_per_floor":["M","M","$","?","?","E","R","E","T","$","?","R","E","M","R","B",null,"M","M","M","M","?","R","E","R","T","E","R","E","M","?","R","B",null,"M","?","$","M","?","E","R","$","T","?","R","?","E","M","R","B",null,"R","$","E","B",null],"character_chosen":"WATCHER","items_purchased":["CutThroughFate","ThirdEye","OrangePellets","Centennial Puzzle","Adaptation","Swift Potion","Sling","Fasting2","Nunchaku","Halt","FlurryOfBlows","Question Card","Membership Card","Ice Cream","Halt"],"campfire_rested":4,"item_purchase_floors":[3,10,37,37,37,37,42,42,42,42,42,42,53,53,53],"current_hp_per_floor":[72,72,72,72,58,58,58,58,58,58,58,58,35,35,35,30,72,72,55,37,31,15,36,23,44,44,42,42,31,14,41,41,12,82,60,60,60,43,43,42,42,42,42,42,66,66,39,39,63,49,82,82,82,66,70],"gold":83,"neow_bonus":"THREE_ENEMY_KILL","is_daily":false,"chose_seed":false,"campfire_upgraded":6,"win_rate":0.0,"timestamp":1612427482,"path_taken":["M","M","$","?","?","E","R","E","T","?","?","R","E","M","R","BOSS","M","M","M","?","?","R","E","R","T","E","R","E","M","?","R","BOSS","M","?","$","M","?","E","R","$","T","?","R","?","E","M","R","BOSS","R","$","E","BOSS"],"items_purchased_type":["Card","Card","Relic","Relic","Card","Potion","Relic","Card","Relic","Card","Card","Relic","Relic","Relic","Card"],"build_version":"2020-12-22","purchased_purges":3,"victory":true,"max_hp_per_floor":[72,72,72,72,72,72,72,72,72,72,72,72,72,72,72,72,72,72,72,72,72,72,72,72,72,72,82,82,82,82,82,82,82,82,82,82,82,82,82,82,82,82,82,82,82,82,82,82,82,82,82,82,82,82,82],"relic_stats":{"counters":[24,95],"CeramicFish":126,"PreservedInsect":115,"Orichalcum":[66],"Boot":[25],"Question Card":3,"OrangePellets":[15],"Centennial Puzzle":[18],"Nunchaku":[6],"Shovel":0,"VioletLotus":[18],"Kunai":[4],"obtain_stats":[{"Ice Cream":53,"Pear":27,"NeowsBlessing":0,"CeramicFish":24,"Enchiridion":22,"PreservedInsect":43,"Orichalcum":13,"Boot":6,"Sling":42,"Question Card":42,"Akabeko":29,"SlaversCollar":34,"OrangePellets":37,"Centennial Puzzle":37,"CaptainsWheel":40,"Nunchaku":42,"Shovel":47,"VioletLotus":17,"Bag of Marbles":8,"Membership Card":53,"Kunai":54,"PureWater":0,"Toy Ornithopter":9},{"Ice Cream":22,"Pear":13,"NeowsBlessing":0,"CeramicFish":12,"Enchiridion":11,"PreservedInsect":19,"Orichalcum":5,"Boot":3,"Sling":19,"Question Card":19,"Akabeko":14,"SlaversCollar":16,"OrangePellets":17,"Centennial Puzzle":17,"CaptainsWheel":19,"Nunchaku":19,"Shovel":20,"VioletLotus":7,"Bag of Marbles":4,"Membership Card":22,"Kunai":23,"PureWater":0,"Toy Ornithopter":4},{"Ice Cream":86,"Pear":44,"NeowsBlessing":0,"CeramicFish":40,"Enchiridion":35,"PreservedInsect":70,"Orichalcum":9,"Boot":3,"Sling":70,"Question Card":70,"Akabeko":48,"SlaversCollar":59,"OrangePellets":62,"Centennial Puzzle":62,"CaptainsWheel":70,"Nunchaku":70,"Shovel":75,"VioletLotus":19,"Bag of Marbles":5,"Membership Card":86,"Kunai":90,"PureWater":0,"Toy Ornithopter":5}],"Toy Ornithopter":50},"card_choices":[{"not_picked":["Conclude","FlurryOfBlows"],"picked":"ReachHeaven","floor":1},{"not_picked":["Crescendo","EmptyBody","Prostrate"],"picked":"SKIP","floor":2},{"not_picked":["SashWhip","ClearTheMind"],"picked":"FollowUp","floor":6},{"not_picked":["BowlingBash","MasterReality"],"picked":"WaveOfTheHand","floor":8},{"not_picked":["Alpha","Nirvana"],"picked":"Meditate","floor":13},{"not_picked":["Indignation","Protect"],"picked":"Halt","floor":14},{"not_picked":["Wish","Omniscience"],"picked":"Scrawl","floor":16},{"not_picked":["WreathOfFlame","BowlingBash"],"picked":"Wallop","floor":18},{"not_picked":["Nirvana","Protect","Wallop"],"picked":"SKIP","floor":19},{"not_picked":["ClearTheMind","Evaluate"],"picked":"Consecrate+1","floor":20},{"not_picked":["Study","BattleHymn"],"picked":"MasterReality","floor":21},{"not_picked":["SandsOfTime","InnerPeace","SashWhip"],"picked":"SKIP","floor":24},{"not_picked":["SandsOfTime","InnerPeace","SashWhip"],"picked":"SKIP","floor":24},{"not_picked":["Pray","SashWhip","ClearTheMind"],"picked":"SKIP","floor":27},{"not_picked":["InnerPeace","FollowUp"],"picked":"FearNoEvil","floor":29},{"not_picked":["Protect","Crescendo","WaveOfTheHand+1"],"picked":"SKIP","floor":30},{"not_picked":["Swivel+1","WindmillStrike+1","Evaluate+1"],"picked":"SKIP","floor":35},{"not_picked":["Swivel+1","WindmillStrike+1"],"picked":"Evaluate+1","floor":35},{"not_picked":["SashWhip+1","Prostrate+1"],"picked":"CrushJoints+1","floor":38},{"not_picked":["HandOfGreed","Mayhem"],"picked":"Deep Breath","floor":39},{"not_picked":["Evaluate","ClearTheMind+1","Worship+1"],"picked":"SKIP","floor":40},{"not_picked":["WheelKick","Halt+1","Adaptation+1"],"picked":"Tantrum+1","floor":47},{"not_picked":["CutThroughFate+1","Protect+1","BattleHymn+1"],"picked":"Wallop+1","floor":48},{"not_picked":["WindmillStrike+1","MasterReality","Conclude"],"picked":"Fasting2+1","floor":54}],"player_experience":1751881,"relics_obtained":[{"floor":6,"key":"Boot"},{"floor":8,"key":"Bag of Marbles"},{"floor":9,"key":"Toy Ornithopter"},{"floor":13,"key":"Orichalcum"},{"floor":22,"key":"Enchiridion"},{"floor":24,"key":"CeramicFish"},{"floor":27,"key":"Pear"},{"floor":29,"key":"Akabeko"},{"floor":40,"key":"CaptainsWheel"},{"floor":43,"key":"PreservedInsect"},{"floor":47,"key":"Shovel"},{"floor":54,"key":"Kunai"}],"event_choices":[{"damage_healed":0,"gold_gain":0,"player_choice":"Grow","damage_taken":0,"max_hp_gain":0,"max_hp_loss":0,"event_name":"Living Wall","floor":4,"gold_loss":0,"cards_upgraded":["Eruption"]},{"damage_healed":0,"gold_gain":0,"player_choice":"Entered Light","damage_taken":14,"max_hp_gain":0,"max_hp_loss":0,"event_name":"Shining Light","floor":5,"gold_loss":0,"cards_upgraded":["CutThroughFate","ReachHeaven"]},{"damage_healed":0,"gold_gain":0,"cards_transformed":["Strike_P"],"player_choice":"Transformed","damage_taken":0,"max_hp_gain":0,"max_hp_loss":0,"event_name":"Transmorgrifier","floor":11,"gold_loss":0,"cards_obtained":["Fasting2"]},{"damage_healed":0,"gold_gain":0,"player_choice":"Obtained Book","damage_taken":16,"max_hp_gain":0,"max_hp_loss":0,"event_name":"Cursed Tome","floor":22,"gold_loss":0},{"damage_healed":27,"gold_gain":0,"player_choice":"Heal","damage_taken":0,"max_hp_gain":0,"max_hp_loss":0,"event_name":"The Library","floor":31,"gold_loss":0},{"damage_healed":0,"gold_gain":999,"player_choice":"Gold","damage_taken":0,"max_hp_gain":0,"max_hp_loss":0,"event_name":"MindBloom","floor":36,"gold_loss":0,"cards_obtained":["Normality","Normality"]},{"damage_healed":0,"gold_gain":0,"player_choice":"Memory 1","damage_taken":0,"max_hp_gain":0,"max_hp_loss":0,"event_name":"SensoryStone","floor":39,"gold_loss":0},{"damage_healed":0,"gold_gain":0,"player_choice":"Ignored","damage_taken":0,"max_hp_gain":0,"max_hp_loss":0,"event_name":"Tomb of Lord Red Mask","floor":44,"gold_loss":0},{"cards_removed":["Strike_P"],"damage_healed":0,"gold_gain":0,"player_choice":"Removed Attack","damage_taken":0,"max_hp_gain":0,"max_hp_loss":0,"event_name":"Falling","floor":46,"gold_loss":0}],"is_beta":false,"boss_relics":[{"not_picked":["Pandora\u0027s Box","SacredBark"],"picked":"VioletLotus"},{"not_picked":["Tiny House","Snecko Eye"],"picked":"SlaversCollar"}],"items_purged_floors":[3,37,42],"is_endless":false,"potions_floor_spawned":[1,13,20,21,24,27,30,35,38,47],"ascension_level":3}}