{"host":"p0hktren06injwdf","time":1612397574,"event":{"mods":["AchievementEnabler","BaseMod","Colored Map","DeckTracker","Minty Spire (QoL Compilation)","Permanent Neow","StSLib","SuperFastMode"],"gold_per_floor":[116,135,153,153,164,164,192,192,192,227,247,261,221,35,35,114,114,128,146,146,163,125,125,145,145,145,176,176,126,126,136,136,209,209,222,235,86,86,101,101,136,61,115,145,145,145,145,173,173,173,173],"floor_reached":52,"language":"KOR","playtime":1217,"items_purged":["Strike_R","Defend_R","Defend_R","Defend_R"],"score":1936,"play_id":"59a07373-b045-412a-8197-6ad28af874f4","local_time":"20210204091254","is_ascension_mode":true,"campfire_choices":[{"data":"Reckless Charge","floor":6,"key":"SMITH"},{"data":"Shrug It Off","floor":8,"key":"SMITH"},{"data":"Whirlwind","floor":15,"key":"SMITH"},{"data":"Demon Form","floor":23,"key":"SMITH"},{"floor":25,"key":"REST"},{"data":"Heavy Blade","floor":32,"key":"SMITH"},{"data":"Battle Trance","floor":40,"key":"SMITH"},{"data":"Reaper","floor":45,"key":"SMITH"},{"data":"Power Through","floor":49,"key":"SMITH"}],"circlet_count":0,"master_deck":["AscendersBane","Strike_R","Strike_R+1","Strike_R","Defend_R","Bash","Headbutt+1","Reckless Charge+1","Battle Trance+1","Wild Strike+1","Shrug It Off+1","Shrug It Off","Whirlwind+1","Demon Form+1","Power Through+1","Heavy Blade+1","Reaper+1","Thunderclap+1","Evolve+1"],"relics":["Burning Blood","Centennial Puzzle","Strawberry","Ornamental Fan","Membership Card","Busted Crown","Enchiridion","Orichalcum","Whetstone","MealTicket","Coffee Dripper","Brimstone","Singing Bowl","Juzu Bracelet","Lizard Tail","Oddly Smooth Stone"],"acts_visited":["Exordium","TheCity","TheBeyond"],"potions_floor_usage":[11,16,16,33,50,51],"damage_taken":[{"damage":12,"enemies":"Jaw Worm","floor":1,"turns":3},{"damage":6,"enemies":"Cultist","floor":2,"turns":3},{"damage":2,"enemies":"2 Louse","floor":3,"turns":2},{"damage":9,"enemies":"Red Slaver","floor":5,"turns":2},{"damage":25,"enemies":"3 Sentries","floor":7,"turns":8},{"damage":8,"enemies":"Gremlin Nob","floor":10,"turns":3},{"damage":12,"enemies":"Lots of Slimes","floor":11,"turns":4},{"damage":3,"enemies":"3 Louse","floor":12,"turns":3},{"damage":7,"enemies":"Slime Boss","floor":16,"turns":7},{"damage":8,"enemies":"Chosen","floor":18,"turns":3},{"damage":18,"enemies":"Shell Parasite","floor":19,"turns":5},{"damage":2,"enemies":"Centurion and Healer","floor":21,"turns":7},{"damage":15,"enemies":"Chosen and Byrds","floor":24,"turns":5},{"damage":39,"enemies":"Book of Stabbing","floor":27,"turns":6},{"damage":19,"enemies":"Snecko","floor":31,"turns":4},{"damage":23,"enemies":"Collector","floor":33,"turns":6},{"damage":35,"enemies":"3 Darklings","floor":35,"turns":6},{"damage":15,"enemies":"3 Shapes","floor":36,"turns":5},{"damage":6,"enemies":"Sphere and 2 Shapes","floor":39,"turns":3},{"damage":21,"enemies":"Reptomancer","floor":41,"turns":4},{"damage":41,"enemies":"Giant Head","floor":44,"turns":5},{"damage":68,"enemies":"Nemesis","floor":48,"turns":5},{"damage":57,"enemies":"Donu and Deca","floor":50,"turns":6},{"damage":83,"enemies":"Awakened One","floor":51,"turns":7}],"seed_played":"-1560195402668649718","potions_obtained":[{"floor":2,"key":"Swift Potion"},{"floor":10,"key":"SkillPotion"},{"floor":12,"key":"FearPotion"},{"floor":27,"key":"GamblersBrew"},{"floor":33,"key":"Fire Potion"},{"floor":36,"key":"Dexterity Potion"},{"floor":44,"key":"DuplicationPotion"}],"is_trial":false,"path_per_floor":["M","M","M","?","M","R","E","R","T","E","M","M","$","$","R","B",null,"M","M","?","M","$","R","M","R","T","E","T","$","$","M","R","B",null,"M","M","$","?","M","R","E","$","T","E","R","?","?","E","R","B","B",null],"character_chosen":"IRONCLAD","items_purchased":["Whirlwind","Membership Card","SteroidPotion","Brimstone"],"campfire_rested":1,"item_purchase_floors":[13,14,14,37],"current_hp_per_floor":[62,62,66,66,63,63,44,44,51,49,43,46,46,46,46,45,73,71,59,38,42,42,42,33,57,57,24,24,39,54,41,41,24,68,47,43,58,58,70,70,67,80,80,56,56,56,82,23,23,20,30],"gold":173,"neow_bonus":"TRANSFORM_CARD","is_daily":false,"chose_seed":false,"campfire_upgraded":8,"win_rate":0.0,"timestamp":1612397574,"path_taken":["M","M","M","?","?","R","E","R","T","E","M","M","?","$","R","BOSS","M","M","?","M","$","R","M","R","T","E","?","?","$","M","R","BOSS","M","M","$","?","M","R","E","$","T","E","R","?","?","E","R","BOSS","BOSS"],"items_purchased_type":["Card","Relic","Potion","Relic"],"build_version":"2020-12-22","purchased_purges":4,"victory":true,"max_hp_per_floor":[75,75,75,75,75,75,75,75,82,82,82,82,82,82,82,82,82,82,82,82,82,82,82,82,82,82,82,82,82,82,82,82,82,82,82,82,82,78,78,78,80,80,80,82,82,82,82,84,84,84,84],"card_choices":[{"not_picked":["Headbutt","Shrug It Off"],"picked":"Reckless Charge","floor":1},{"not_picked":["Perfected Strike","Warcry"],"picked":"Battle Trance","floor":2},{"not_picked":["True Grit","Perfected Strike"],"picked":"Wild Strike","floor":3},{"not_picked":["Warcry","Dark Embrace"],"picked":"Shrug It Off","floor":5},{"not_picked":["Sentinel","Cleave"],"picked":"Shrug It Off","floor":7},{"not_picked":["Heavy Blade","Thunderclap","Warcry"],"picked":"SKIP","floor":10},{"not_picked":["Pummel","Headbutt","Shrug It Off"],"picked":"SKIP","floor":11},{"not_picked":["Sentinel","Twin Strike","Intimidate"],"picked":"SKIP","floor":12},{"not_picked":["Brutality","Exhume"],"picked":"Demon Form","floor":16},{"not_picked":[],"picked":"Power Through","floor":18},{"not_picked":["Wild Strike"],"picked":"SKIP","floor":19},{"not_picked":["Perfected Strike"],"picked":"SKIP","floor":21},{"not_picked":["Carnage"],"picked":"SKIP","floor":24},{"not_picked":["Warcry"],"picked":"SKIP","floor":27},{"not_picked":[],"picked":"Heavy Blade","floor":31},{"not_picked":[],"picked":"Reaper","floor":33},{"not_picked":[],"picked":"Thunderclap+1","floor":35},{"not_picked":["Warcry"],"picked":"SKIP","floor":36},{"not_picked":[],"picked":"Evolve+1","floor":39},{"not_picked":["Hemokinesis"],"picked":"Singing Bowl","floor":41},{"not_picked":["Clash"],"picked":"Singing Bowl","floor":44},{"not_picked":["Twin Strike"],"picked":"Singing Bowl","floor":48}],"player_experience":1006454,"relics_obtained":[{"floor":7,"key":"Centennial Puzzle"},{"floor":9,"key":"Strawberry"},{"floor":10,"key":"Ornamental Fan"},{"floor":20,"key":"Enchiridion"},{"floor":26,"key":"Orichalcum"},{"floor":27,"key":"Whetstone"},{"floor":28,"key":"MealTicket"},{"floor":41,"key":"Singing Bowl"},{"floor":43,"key":"Juzu Bracelet"},{"floor":44,"key":"Lizard Tail"},{"floor":48,"key":"Oddly Smooth Stone"}],"event_choices":[{"damage_healed":0,"gold_gain":0,"player_choice":"Upgraded","damage_taken":0,"max_hp_gain":0,"max_hp_loss":0,"event_name":"Upgrade Shrine","floor":4,"gold_loss":0,"cards_upgraded":["Wild Strike"]},{"damage_healed":0,"gold_gain":0,"player_choice":"Obtained Book","damage_taken":21,"max_hp_gain":0,"max_hp_loss":0,"event_name":"Cursed Tome","floor":20,"gold_loss":0},{"damage_healed":0,"gold_gain":0,"player_choice":"Max HP","damage_taken":0,"max_hp_gain":0,"max_hp_loss":4,"event_name":"Winding Halls","floor":38,"gold_loss":0},{"damage_healed":0,"gold_gain":0,"player_choice":"0 cards matched","damage_taken":0,"max_hp_gain":0,"max_hp_loss":0,"event_name":"Match and Keep!","floor":46,"gold_loss":0,"cards_obtained":[]},{"damage_healed":26,"gold_gain":0,"player_choice":"Full Heal","damage_taken":0,"max_hp_gain":0,"max_hp_loss":0,"event_name":"Wheel of Change","floor":47,"gold_loss":0}],"is_beta":false,"boss_relics":[{"not_picked":["Black Blood","SlaversCollar"],"picked":"Busted Crown"},{"not_picked":["Astrolabe","SacredBark"],"picked":"Coffee Dripper"}],"items_purged_floors":[22,29,37,42],"is_endless":false,"potions_floor_spawned":[2,10,12,27,33,36,41,44],"ascension_level":20}}