{"host":"gtv41eena9h15rk5","time":1612445218,"event":{"mods":["BaseMod","Colored Powertips","Downfall","Marisa£®ÏF”Í°°ƒß¿Ì…≥£©","Minty Spire (QoL Compilation)","Replay The Spire","Shop Mod","StSLib","The Bug Knight","The Construct","The Cursed","The Runesmith","The Servant 0.9.4","[IsaacMod]“‘»ˆº‚À˛"],"gold_per_floor":[114,114,130,130,148,186,35,35,35,110,124,124,23,23,23,142,142,167,167,167,177,197,197,197,213,268,287,287,302,61,75,75,75,75],"floor_reached":33,"language":"ZHS","playtime":1377,"items_purged":["Replay:Hysterical Blindness"],"score":338,"play_id":"caf1368e-1b94-47bd-ac98-ae337e6d1297","local_time":"20210204212658","is_ascension_mode":true,"campfire_choices":[{"data":"Crystallizer","floor":8,"key":"SMITH"},{"floor":15,"key":"RECALL"},{"floor":23,"key":"REST"},{"floor":28,"key":"REST"}],"circlet_count":0,"master_deck":["Defend_B","Defend_B","Defend_B","Defend_B+1","Zap","Dualcast","Double Energy","FIFO Queue","Crystallizer+1","Rainbow","Stack","Redo","White Noise","Redo","Bite","Bite","Bite","Bite","Bite","Reinforced Body","Consume","Conserve Battery+1","BootSequence","BootSequence","Distribution","Distribution"],"relics":["Cracked Core","HushsDoor","Leech","Bloody Idol","Sundial","MerchantsRug","SharpPlug","ReplayTheSpireMod:CursedCoin","Geode","Centennial Puzzle","Fusion Hammer","Prayer Wheel","Orichalcum","Blue Doll","MutagenicStrength"],"acts_visited":["Exordium","TheCity"],"potions_floor_usage":[16],"damage_taken":[{"damage":0,"enemies":"Small Slimes","floor":1,"turns":3},{"damage":7,"enemies":"Jaw Worm","floor":3,"turns":3},{"damage":0,"enemies":"Cultist","floor":5,"turns":3},{"damage":0,"enemies":"3 Sentries","floor":6,"turns":1},{"damage":8,"enemies":"Blue Slaver","floor":11,"turns":3},{"damage":22,"enemies":"Slime Boss","floor":16,"turns":6},{"damage":16,"enemies":"Chosen","floor":18,"turns":5},{"damage":30,"enemies":"2 Thieves","floor":21,"turns":4},{"damage":25,"enemies":"Shelled Parasite and Fungi","floor":22,"turns":5},{"damage":42,"enemies":"Sentry and Sphere","floor":25,"turns":5},{"damage":6,"enemies":"Cultist and Chosen","floor":27,"turns":5},{"damage":31,"enemies":"Centurion and Healer","floor":29,"turns":8},{"damage":8,"enemies":"Snake Plant","floor":31,"turns":4},{"damage":68,"enemies":"Automaton","floor":33,"turns":6}],"seed_played":"2449787184800713296","potions_obtained":[{"floor":3,"key":"GamblersBrew"},{"floor":11,"key":"Swift Potion"},{"floor":16,"key":"Milkshake"},{"floor":18,"key":"Strength Potion"},{"floor":22,"key":"CultistPotion"},{"floor":27,"key":"Fire Potion"},{"floor":31,"key":"SpeedPotion"}],"is_trial":false,"path_per_floor":["M","?","M","?","M","E","$","R","T","?","M","?","$","?","R","B",null,"M","?","?","M","M","R","?","M","T","M","R","M","$","M","R","B"],"character_chosen":"DEFECT","items_purchased":["MerchantsRug","ReplayTheSpireMod:CursedCoin","Geode","Stack","Blue Doll","BootSequence","Distribution"],"campfire_rested":2,"item_purchase_floors":[7,13,13,13,30,30,30],"current_hp_per_floor":[82,82,77,57,59,59,59,59,59,48,43,31,31,31,31,14,82,67,67,67,50,34,58,57,33,38,56,57,52,57,57,57,0,0],"gold":75,"neow_bonus":"TEN_PERCENT_HP_BONUS","is_daily":false,"chose_seed":false,"campfire_upgraded":1,"win_rate":0.0,"timestamp":1612445218,"path_taken":["M","?","M","?","?","E","$","R","T","?","M","?","?","?","R","BOSS","M","?","?","M","?","R","?","M","T","?","R","M","$","M","R","BOSS"],"items_purchased_type":["Relic","Relic","Relic","Card","Relic","Card","Card"],"build_version":"2020-12-22","purchased_purges":1,"victory":false,"max_hp_per_floor":[82,82,82,82,82,82,82,82,82,82,82,82,82,82,82,82,82,82,82,82,82,82,82,57,57,57,57,57,57,57,57,57,57,57],"card_choices":[{"not_picked":[],"picked":"Bomb","floor":0},{"not_picked":["Fan","Sweeping Beam"],"picked":"Double Energy","floor":1},{"not_picked":["ReplaySort","Scrape"],"picked":"FIFO Queue","floor":3},{"not_picked":["Panic Button","Pulse"],"picked":"Bomb","floor":5},{"not_picked":["Time Bomb","Panic Button"],"picked":"Crystallizer","floor":6},{"not_picked":["Hologram","Rip and Tear"],"picked":"Rainbow","floor":11},{"not_picked":["Hyperbeam","Reboot"],"picked":"ReplayTheSpireMod:Fabricate Wheel","floor":16},{"not_picked":["Go for the Eyes+1","Beam Cell+1"],"picked":"Redo","floor":18},{"not_picked":["BasicCrystalCard","Rip and Tear","ReplaySort"],"picked":"SKIP","floor":18},{"not_picked":["Reinforced Body","Genetic Algorithm+1"],"picked":"White Noise","floor":21},{"not_picked":["Chaos","Rebound+1","Recycle"],"picked":"SKIP","floor":21},{"not_picked":["Gash+1","Panic Button"],"picked":"Redo","floor":22},{"not_picked":["Amplify","Rebound+1","ReplaySort+1"],"picked":"SKIP","floor":22},{"not_picked":["Hologram+1","Turbo"],"picked":"Reinforced Body","floor":25},{"not_picked":["Streamline","Steam","Panic Button"],"picked":"SKIP","floor":25},{"not_picked":["Steam","Cancel"],"picked":"Consume","floor":27},{"not_picked":["Sunder+1","Hologram+1","Barrage"],"picked":"SKIP","floor":27},{"not_picked":["Barrage","ReplayTheSpireMod:Fabricate Wheel"],"picked":"Conserve Battery+1","floor":29},{"not_picked":["Ball Lightning","FIFO Queue"],"picked":"BootSequence","floor":29},{"not_picked":["Chaos+1","Stack"],"picked":"Distribution","floor":31},{"not_picked":["Turbo","Leap+1","White Noise"],"picked":"SKIP","floor":31}],"player_experience":244210,"relics_obtained":[{"floor":6,"key":"Sundial"},{"floor":26,"key":"Orichalcum"}],"event_choices":[{"damage_healed":0,"gold_gain":0,"player_choice":"Take Damage","damage_taken":20,"relics_obtained":["Golden Idol"],"max_hp_gain":0,"max_hp_loss":0,"event_name":"Golden Idol","floor":4,"gold_loss":0},{"damage_healed":0,"gold_gain":75,"player_choice":"Gather Gold","damage_taken":11,"max_hp_gain":0,"max_hp_loss":0,"event_name":"World of Goop","floor":10,"gold_loss":0},{"damage_healed":0,"gold_gain":0,"player_choice":"Success","damage_taken":12,"relics_obtained":["SharpPlug"],"max_hp_gain":0,"max_hp_loss":0,"event_name":"Scrap Ooze","floor":12,"gold_loss":0},{"damage_healed":0,"gold_gain":0,"player_choice":"Gave Potion","damage_taken":0,"relics_obtained":["Centennial Puzzle"],"max_hp_gain":0,"max_hp_loss":0,"event_name":"WeMeetAgain","floor":14,"gold_loss":0},{"damage_healed":0,"gold_gain":0,"player_choice":"Ignored","damage_taken":0,"max_hp_gain":0,"max_hp_loss":0,"event_name":"Ghosts","floor":19,"gold_loss":0},{"damage_healed":0,"gold_gain":0,"player_choice":"Gave Idol","damage_taken":0,"relics_obtained":["Bloody Idol"],"max_hp_gain":0,"max_hp_loss":0,"event_name":"Forgotten Altar","floor":20,"relics_lost":["Golden Idol"],"gold_loss":0},{"damage_healed":0,"gold_gain":0,"player_choice":"Became a vampire","damage_taken":0,"max_hp_gain":0,"max_hp_loss":25,"event_name":"Vampires","floor":24,"gold_loss":0,"cards_obtained":["Bite","Bite","Bite","Bite","Bite"]},{"damage_healed":0,"gold_gain":0,"player_choice":"Inject Mutagens","damage_taken":0,"relics_obtained":["MutagenicStrength"],"max_hp_gain":0,"max_hp_loss":0,"event_name":"Drug Dealer","floor":32,"gold_loss":0}],"is_beta":false,"boss_relics":[{"not_picked":["Runic Dome","ChewingGum"],"picked":"Fusion Hammer"},{"not_picked":[]}],"items_purged_floors":[13],"is_endless":false,"potions_floor_spawned":[3,11,16,18,22,27,29,31],"killed_by":"Automaton","ascension_level":3}}