{"host":"v9oq5ccz01n9mezq","time":1612436877,"event":{"mods":["BaseMod","Colored Map","Minty Spire (QoL Compilation)","Relic Stats"],"gold_per_floor":[113,127,141,152,164,164,34,34,113,113,142,142,172,182,182,284,284,266,299,311,331,104,104,135,135,161,161,161,161,187,199,199,298,298,314,367,384,396,396,396,408,408,408,408,408,177,211,223,223,223],"floor_reached":51,"language":"ENG","playtime":4378,"items_purged":["Finisher"],"score":980,"play_id":"458c5bde-ffe0-4e76-a879-75f4331aac63","local_time":"20210204060757","is_ascension_mode":true,"campfire_choices":[{"data":"Neutralize","floor":6.0,"key":"SMITH"},{"data":"Cloak And Dagger","floor":10.0,"key":"SMITH"},{"data":"Caltrops","floor":12.0,"key":"SMITH"},{"data":"Footwork","floor":15.0,"key":"SMITH"},{"floor":23.0,"key":"REST"},{"data":"After Image","floor":25.0,"key":"SMITH"},{"data":"Ghostly","floor":29.0,"key":"SMITH"},{"floor":32.0,"key":"REST"},{"data":"Ghostly","floor":40.0,"key":"SMITH"},{"data":"Eviscerate","floor":42.0,"key":"SMITH"},{"data":"Cloak And Dagger","floor":44.0,"key":"SMITH"},{"data":"Well Laid Plans","floor":49.0,"key":"SMITH"}],"circlet_count":0,"master_deck":["Survivor","Neutralize+1","Dagger Spray","Cloak And Dagger+1","Caltrops+1","Heel Hook","Dagger Throw","Footwork+1","Cloak And Dagger","After Image+1","Backflip","Die Die Die","Flechettes","Cloak And Dagger+1","Wraith Form v2","Backflip","Slice","Eviscerate+1","Tools of the Trade","Phantasmal Killer","Doppelganger","Dodge and Roll+1","Prepared","Blade Dance","Ghostly+1","Ghostly+1","Ghostly","Ghostly","Ghostly","Footwork","PiercingWail","Dagger Throw+1","Outmaneuver+1","Tactician+1","Blade Dance+1","Well Laid Plans+1","Backflip+1"],"relics":["Ring of the Snake","NeowsBlessing","Gremlin Horn","FossilizedHelix","Orichalcum","Pandora\u0027s Box","Red Mask","PreservedInsect","Blue Candle","Dream Catcher","Dead Branch","Cursed Key","TungstenRod","Anchor","Molten Egg 2"],"acts_visited":[],"potions_floor_usage":[50],"damage_taken":[{"damage":0.0,"enemies":"Cultist","floor":1.0,"turns":1.0},{"damage":0.0,"enemies":"2 Louse","floor":2.0,"turns":1.0},{"damage":0.0,"enemies":"Small Slimes","floor":3.0,"turns":1.0},{"damage":13.0,"enemies":"3 Louse","floor":4.0,"turns":3.0},{"damage":18.0,"enemies":"Exordium Thugs","floor":5.0,"turns":5.0},{"damage":8.0,"enemies":"3 Sentries","floor":11.0,"turns":8.0},{"damage":0.0,"enemies":"Gremlin Nob","floor":13.0,"turns":3.0},{"damage":0.0,"enemies":"Looter","floor":14.0,"turns":3.0},{"damage":18.0,"enemies":"Slime Boss","floor":16.0,"turns":12.0},{"damage":5.0,"enemies":"2 Thieves","floor":18.0,"turns":5.0},{"damage":0.0,"enemies":"Masked Bandits","floor":19.0,"turns":3.0},{"damage":11.0,"enemies":"Shell Parasite","floor":20.0,"turns":4.0},{"damage":30.0,"enemies":"Snake Plant","floor":21.0,"turns":5.0},{"damage":0.0,"enemies":"Gremlin Leader","floor":24.0,"turns":3.0},{"damage":0.0,"enemies":"Book of Stabbing","floor":30.0,"turns":6.0},{"damage":5.0,"enemies":"Centurion and Healer","floor":31.0,"turns":7.0},{"damage":11.0,"enemies":"Automaton","floor":33.0,"turns":15.0},{"damage":0.0,"enemies":"3 Shapes","floor":35.0,"turns":7.0},{"damage":0.0,"enemies":"2 Orb Walkers","floor":36.0,"turns":6.0},{"damage":0.0,"enemies":"3 Darklings","floor":37.0,"turns":4.0},{"damage":0.0,"enemies":"Transient","floor":38.0,"turns":5.0},{"damage":2.0,"enemies":"Writhing Mass","floor":41.0,"turns":8.0},{"damage":0.0,"enemies":"Nemesis","floor":47.0,"turns":7.0},{"damage":0.0,"enemies":"Maw","floor":48.0,"turns":7.0},{"damage":23,"enemies":"Time Eater","floor":50,"turns":13}],"seed_played":"-1696252374462440214","potions_obtained":[{"floor":3.0,"key":"Ancient Potion"},{"floor":11.0,"key":"CunningPotion"},{"floor":13.0,"key":"DuplicationPotion"},{"floor":16.0,"key":"GhostInAJar"},{"floor":21.0,"key":"Fire Potion"},{"floor":30.0,"key":"DistilledChaos"},{"floor":33.0,"key":"Block Potion"}],"is_trial":false,"path_per_floor":["M","M","M","M","M","R","$","?","T","R","E","R","E","M","R","B",null,"M","?","M","M","$","R","E","R","T","?","?","R","E","M","R","B",null,"M","?","M","M","?","R","M","R","T","R","?","$","E","M","R","B",null],"character_chosen":"THE_SILENT","items_purchased":["Footwork","Cloak And Dagger","PreservedInsect","Anchor","Well Laid Plans"],"campfire_rested":2,"item_purchase_floors":[7,7,22,46,46],"current_hp_per_floor":[70,70,70,57,39,39,39,62,62,62,54,54,54,54,54,36,70,65,65,54,24,24,45,45,45,45,32,32,32,32,27,37,26,37,37,37,37,37,35,35,33,33,33,33,33,33,33,33,33,10],"gold":223,"neow_bonus":"THREE_ENEMY_KILL","is_daily":false,"chose_seed":false,"campfire_upgraded":10,"win_rate":0.0,"timestamp":1612436877,"path_taken":["M","M","M","?","M","R","$","?","T","R","E","R","E","M","R","BOSS","M","?","M","M","$","R","E","R","T","?","?","R","E","M","R","BOSS","M","?","M","M","?","R","M","R","T","R","?","$","E","?","R","BOSS"],"items_purchased_type":["Card","Card","Relic","Relic","Card"],"build_version":"2020-12-22","purchased_purges":1,"victory":true,"max_hp_per_floor":[70,70,70,70,70,70,70,70,70,70,70,70,70,70,70,70,70,70,70,70,70,70,70,70,70,70,75,37,37,37,37,37,37,37,37,37,37,37,35,35,35,35,35,35,35,35,35,35,35,35],"relic_stats":{"Dream Catcher":0,"Gremlin Horn":[0,0],"counters":[1,13],"Blue Candle":[0],"Dead Branch":[37],"Pandora\u0027s Box":[],"PreservedInsect":0,"Orichalcum":[0],"Cursed Key":0,"obtain_stats":[{"NeowsBlessing":0,"Gremlin Horn":0,"Blue Candle":0,"Dead Branch":0,"PreservedInsect":0,"Orichalcum":0,"Cursed Key":0,"Dream Catcher":0,"Anchor":0,"Pandora\u0027s Box":0,"Molten Egg 2":0,"Red Mask":0,"FossilizedHelix":0,"TungstenRod":0,"Ring of the Snake":0},{"NeowsBlessing":0,"Gremlin Horn":0,"Blue Candle":0,"Dead Branch":0,"PreservedInsect":0,"Orichalcum":0,"Cursed Key":0,"Dream Catcher":0,"Anchor":0,"Pandora\u0027s Box":0,"Molten Egg 2":0,"Red Mask":0,"FossilizedHelix":0,"TungstenRod":0,"Ring of the Snake":0},{"NeowsBlessing":0,"Gremlin Horn":0,"Blue Candle":0,"Dead Branch":0,"PreservedInsect":0,"Orichalcum":0,"Cursed Key":0,"Dream Catcher":0,"Anchor":0,"Pandora\u0027s Box":0,"Molten Egg 2":0,"Red Mask":0,"FossilizedHelix":0,"TungstenRod":0,"Ring of the Snake":0}],"TungstenRod":2,"Ring of the Snake":[2]},"card_choices":[{"not_picked":["Underhanded Strike","Masterful Stab"],"picked":"Dagger Spray","floor":1.0},{"not_picked":["Dodge and Roll","Flying Knee"],"picked":"Cloak And Dagger","floor":2.0},{"not_picked":["Dagger Spray","PiercingWail"],"picked":"Caltrops","floor":3.0},{"not_picked":["Underhanded Strike","Dodge and Roll"],"picked":"Heel Hook","floor":4.0},{"not_picked":["Calculated Gamble","Finisher"],"picked":"Dagger Throw","floor":5.0},{"not_picked":["Backstab","Storm of Steel"],"picked":"After Image","floor":11.0},{"not_picked":["Slice","Bane","Outmaneuver"],"picked":"SKIP","floor":13.0},{"not_picked":["Prepared","Poisoned Stab"],"picked":"Backflip","floor":14.0},{"not_picked":["Tools of the Trade","Wraith Form v2"],"picked":"Die Die Die","floor":16.0},{"not_picked":["Dodge and Roll","Deflect"],"picked":"Finisher+1","floor":18.0},{"not_picked":["Quick Slash","Cloak And Dagger"],"picked":"Dodge and Roll+1","floor":19.0},{"not_picked":["Quick Slash+1","Riddle With Holes"],"picked":"Prepared","floor":20.0},{"not_picked":["Underhanded Strike","Caltrops"],"picked":"Blade Dance","floor":21.0},{"not_picked":["Storm of Steel","Cloak And Dagger","Dagger Spray+1"],"picked":"SKIP","floor":24.0},{"not_picked":["Acrobatics","Night Terror","Storm of Steel"],"picked":"SKIP","floor":30.0},{"not_picked":["PiercingWail","Sucker Punch"],"picked":"Footwork","floor":31.0},{"not_picked":["Bane","Dagger Spray+1"],"picked":"PiercingWail","floor":32.0},{"not_picked":["Backflip","Slice+1"],"picked":"Dagger Throw+1","floor":35.0},{"not_picked":["Backflip+1","Poisoned Stab+1"],"picked":"Outmaneuver+1","floor":36.0},{"not_picked":["Deflect","Distraction"],"picked":"Tactician+1","floor":37.0},{"not_picked":["Quick Slash","Skewer"],"picked":"Blade Dance+1","floor":38.0},{"not_picked":["Venomology","Acrobatics","Poisoned Stab"],"picked":"SKIP","floor":41.0},{"not_picked":["PiercingWail","Riddle With Holes+1","Dagger Spray+1"],"picked":"SKIP","floor":47.0},{"not_picked":["Blade Dance+1","Dodge and Roll"],"picked":"Backflip+1","floor":48.0}],"player_experience":129863,"relics_obtained":[{"floor":9.0,"key":"Gremlin Horn"},{"floor":11.0,"key":"FossilizedHelix"},{"floor":13.0,"key":"Orichalcum"},{"floor":19.0,"key":"Red Mask"},{"floor":24.0,"key":"Blue Candle"},{"floor":26.0,"key":"Dream Catcher"},{"floor":30.0,"key":"Dead Branch"},{"floor":36.0,"key":"TungstenRod"},{"floor":47.0,"key":"Molten Egg 2"}],"event_choices":[{"damage_healed":23.0,"max_hp_gain":0.0,"max_hp_loss":0.0,"gold_gain":0.0,"event_name":"Big Fish","player_choice":"Banana","floor":8.0,"gold_loss":0.0,"damage_taken":0.0},{"damage_healed":0.0,"max_hp_gain":0.0,"max_hp_loss":0.0,"gold_gain":0.0,"event_name":"Masked Bandits","player_choice":"Fought Bandits","floor":19.0,"gold_loss":0.0,"damage_taken":0.0},{"damage_healed":0.0,"max_hp_gain":5.0,"max_hp_loss":0.0,"gold_gain":0.0,"event_name":"Forgotten Altar","player_choice":"Shed Blood","floor":27.0,"gold_loss":0.0,"damage_taken":18.0},{"damage_healed":0.0,"max_hp_gain":0.0,"max_hp_loss":38.0,"gold_gain":0.0,"event_name":"Ghosts","player_choice":"Became a Ghost","floor":28.0,"gold_loss":0.0,"damage_taken":0.0,"cards_obtained":["Ghostly","Ghostly","Ghostly","Ghostly","Ghostly"]},{"damage_healed":0.0,"max_hp_gain":0.0,"max_hp_loss":0.0,"gold_gain":0.0,"event_name":"Mysterious Sphere","player_choice":"Fight","floor":36.0,"gold_loss":0.0,"damage_taken":0.0},{"damage_healed":0.0,"max_hp_gain":0.0,"max_hp_loss":2.0,"gold_gain":0.0,"event_name":"Winding Halls","player_choice":"Max HP","floor":39.0,"gold_loss":0.0,"damage_taken":0.0},{"cards_removed":["Finisher"],"damage_healed":0.0,"max_hp_gain":0.0,"max_hp_loss":0.0,"gold_gain":0.0,"event_name":"Falling","player_choice":"Removed Attack","floor":45.0,"gold_loss":0.0,"damage_taken":0.0}],"is_beta":false,"boss_relics":[{"not_picked":["Runic Dome","Fusion Hammer"],"picked":"Pandora\u0027s Box"},{"not_picked":["Runic Pyramid","Coffee Dripper"],"picked":"Cursed Key"}],"items_purged_floors":[22],"is_endless":false,"potions_floor_spawned":[3,11,13,16,21,30,31,33,41,47,48],"ascension_level":4}}