{"host":"oigynbtg272c19pw","time":1612441760,"event":{"mods":["BaseMod","Colored Map","Minty Spire (QoL Compilation)","Relic Stats","Slay the Relics Exporter","StSLib"],"gold_per_floor":[118,118,136,151,48,48,73,73,73,97,97,97,97],"floor_reached":12,"playtime":341,"items_purged":[],"score":152,"play_id":"55029112-e4c4-48f3-8c3e-a5809a832160","local_time":"20210204132920","is_ascension_mode":true,"campfire_choices":[{"data":"Perfected Strike","floor":6,"key":"SMITH"},{"data":"True Grit","floor":8,"key":"SMITH"},{"data":"Power Through","floor":11,"key":"SMITH"}],"circlet_count":0,"master_deck":["AscendersBane","Strike_R","Strike_R","Strike_R","Strike_R","Strike_R","Defend_R","Defend_R","Defend_R","Defend_R","Bash","Perfected Strike+1","Intimidate","Clash","Power Through+1","True Grit+1","Dark Embrace","Seeing Red"],"relics":["Burning Blood","NeowsBlessing","Bird Faced Urn","PreservedInsect"],"acts_visited":["Exordium"],"potions_floor_usage":[7],"damage_taken":[{"damage":0,"enemies":"Jaw Worm","floor":1,"turns":1},{"damage":0,"enemies":"Cultist","floor":3,"turns":1},{"damage":0,"enemies":"2 Louse","floor":4,"turns":1},{"damage":40,"enemies":"3 Sentries","floor":7,"turns":10},{"damage":43,"enemies":"Lagavulin","floor":12,"turns":10}],"seed_played":"-1517222119971444196","potions_obtained":[{"floor":4,"key":"AttackPotion"}],"is_trial":false,"path_per_floor":["M","?","M","M","$","R","E","R","T","T","R","E"],"character_chosen":"IRONCLAD","items_purchased":["True Grit","Dark Embrace"],"campfire_rested":0,"item_purchase_floors":[5,5],"current_hp_per_floor":[74,74,75,75,75,75,41,41,41,41,41,0,0],"gold":97,"neow_bonus":"THREE_ENEMY_KILL","is_daily":false,"chose_seed":false,"campfire_upgraded":3,"win_rate":0.0,"timestamp":1612441760,"path_taken":["M","?","?","M","$","R","E","R","T","?","R","E"],"items_purchased_type":["Card","Card"],"build_version":"2020-12-13","purchased_purges":0,"victory":false,"max_hp_per_floor":[75,75,75,75,75,75,75,75,75,75,75,75,75],"relic_stats":{"counters":[5,23],"Bird Faced Urn":[2],"PreservedInsect":29,"obtain_stats":[{"NeowsBlessing":0,"Bird Faced Urn":7,"PreservedInsect":10,"Burning Blood":0},{"NeowsBlessing":0,"Bird Faced Urn":4,"PreservedInsect":4,"Burning Blood":0},{"NeowsBlessing":0,"Bird Faced Urn":13,"PreservedInsect":13,"Burning Blood":0}],"Burning Blood":13},"card_choices":[{"not_picked":["Armaments","Cleave"],"picked":"Perfected Strike","floor":1},{"not_picked":["Havoc","Clothesline"],"picked":"Clash","floor":3},{"not_picked":["Bloodletting","Armaments"],"picked":"Power Through","floor":4},{"not_picked":["Twin Strike","Infernal Blade"],"picked":"Seeing Red","floor":7}],"player_experience":1531143,"relics_obtained":[{"floor":7,"key":"Bird Faced Urn"},{"floor":10,"key":"PreservedInsect"}],"event_choices":[{"damage_healed":0,"gold_gain":0,"player_choice":"1 cards matched","damage_taken":0,"max_hp_gain":0,"max_hp_loss":0,"event_name":"Match and Keep!","floor":2,"gold_loss":0,"cards_obtained":["Intimidate"]}],"is_beta":false,"boss_relics":[],"items_purged_floors":[],"is_endless":false,"potions_floor_spawned":[4],"killed_by":"Lagavulin","ascension_level":20}}