{"host":"ordk2y2ebcetabk6","time":1612398313,"event":{"mods":["AlwaysNeverKeys","BaseMod","Better Debug","Colored Map","Colored Powertips","Dark Map","Highlight Path","Minty Spire (QoL Compilation)","Morshu Shopkeeper","Permanent Neow","Rare Cards Sparkle","Spire Arcade","StSLib","The Adventurer"],"gold_per_floor":[113,38,38,57,57,57,77,107,107,107,137,152,152,152,152,257,257,267,267,284,113,126,159,179,179,179],"floor_reached":25,"language":"ENG","playtime":1335,"items_purged":["adventurer:Strike","adventurer:Strike"],"score":231,"play_id":"732ea57c-f53e-4e07-9a5d-53c15f31f712","local_time":"20210203172513","is_ascension_mode":false,"campfire_choices":[{"data":"adventurer:FutureProofing","floor":6,"key":"SMITH"},{"data":"adventurer:Indecision","floor":10,"key":"SMITH"},{"data":"adventurer:PartyPopper","floor":13,"key":"SMITH"},{"data":"adventurer:ShootingStars","floor":15,"key":"SMITH"}],"circlet_count":0,"master_deck":["adventurer:Defend","adventurer:Defend","adventurer:Defend","adventurer:Defend","adventurer:FlurryFire","adventurer:JourneyBegins+1","adventurer:Indecision+1","adventurer:PartyPopper+1","adventurer:FutureProofing+1","adventurer:MinceWords","adventurer:ShootingStars+1","adventurer:Hexashot","adventurer:LetsAdventure","adventurer:Hexashot","adventurer:GarlicClove","adventurer:Lie","adventurer:ShotAndShiv+1","adventurer:SlayABeast","adventurer:Reprint"],"relics":["adventurer:TodoItem","Mummified Hand","StrikeDummy","StoneCalendar","Empty Cage","Anchor"],"acts_visited":["Exordium","TheCity"],"potions_floor_usage":[20,20,24,24],"damage_taken":[{"damage":0,"enemies":"2 Louse","floor":1,"turns":3},{"damage":6,"enemies":"Jaw Worm","floor":4,"turns":2},{"damage":0,"enemies":"Cultist","floor":7,"turns":2},{"damage":12,"enemies":"Lagavulin","floor":8,"turns":7},{"damage":26,"enemies":"3 Sentries","floor":11,"turns":8},{"damage":0,"enemies":"3 Louse","floor":12,"turns":3},{"damage":15,"enemies":"Hexaghost","floor":16,"turns":7},{"damage":11,"enemies":"Spheric Guardian","floor":18,"turns":4},{"damage":12,"enemies":"2 Thieves","floor":20,"turns":3},{"damage":7,"enemies":"Snake Plant","floor":22,"turns":4},{"damage":39,"enemies":"Book of Stabbing","floor":23,"turns":7},{"damage":32,"enemies":"3 Cultists","floor":24,"turns":5},{"damage":2,"enemies":"Centurion and Healer","floor":25,"turns":5}],"seed_played":"7377048673686770819","potions_obtained":[{"floor":8,"key":"SteroidPotion"},{"floor":11,"key":"BlessingOfTheForge"},{"floor":12,"key":"SneckoOil"},{"floor":20,"key":"Regen Potion"},{"floor":22,"key":"BlessingOfTheForge"}],"is_trial":false,"path_per_floor":["M","$","?","M","?","R","M","E","T","R","E","M","R","?","R","B",null,"M","?","M","$","M","E","M","M"],"character_chosen":"THE_ADVENTURER","items_purchased":["adventurer:Lie"],"campfire_rested":0,"item_purchase_floors":[21],"current_hp_per_floor":[80,80,80,74,74,74,74,62,62,62,36,36,36,41,41,26,85,74,74,62,62,59,24,1,0,0],"gold":179,"neow_bonus":"THREE_CARDS","is_daily":false,"chose_seed":false,"campfire_upgraded":4,"win_rate":0.0,"timestamp":1612398313,"path_taken":["M","$","?","M","?","R","M","E","T","R","E","?","R","?","R","BOSS","M","?","M","?","M","E","M","M"],"items_purchased_type":["Card"],"build_version":"2020-12-22","purchased_purges":2,"victory":false,"max_hp_per_floor":[80,80,80,80,80,80,80,80,80,80,80,80,80,85,85,85,85,85,85,85,85,85,85,85,85,85],"card_choices":[{"not_picked":["adventurer:ToDoList","adventurer:Dive"],"picked":"adventurer:Indecision","floor":0},{"not_picked":["adventurer:SuperbShield","adventurer:Workout"],"picked":"adventurer:PartyPopper","floor":1},{"not_picked":["adventurer:Stockpile","adventurer:CardboardBullets"],"picked":"adventurer:FutureProofing","floor":4},{"not_picked":["adventurer:ExplorersPack","adventurer:Sunhat"],"picked":"adventurer:MinceWords","floor":7},{"not_picked":["adventurer:FutureProofing","adventurer:DualBullets","adventurer:StopThat"],"picked":"SKIP","floor":8},{"not_picked":["adventurer:LastGasp","adventurer:ShotAndShiv"],"picked":"adventurer:ShootingStars","floor":11},{"not_picked":["adventurer:FlashingRedWeakPoint","adventurer:DungeonEntrance","adventurer:FutureProofing"],"picked":"SKIP","floor":12},{"not_picked":["adventurer:DazzlingForm","adventurer:SkeletonKey"],"picked":"adventurer:Hexashot","floor":16},{"not_picked":["adventurer:SuperbShield","adventurer:LoadingScreen"],"picked":"adventurer:LetsAdventure","floor":18},{"not_picked":["adventurer:DualBullets+1","adventurer:Stockpile"],"picked":"adventurer:GarlicClove","floor":20},{"not_picked":["adventurer:Nah","adventurer:Chorus"],"picked":"adventurer:ShotAndShiv+1","floor":22},{"not_picked":["adventurer:FutureProofing","adventurer:Indecision"],"picked":"adventurer:SlayABeast","floor":23},{"not_picked":["adventurer:Dive","adventurer:SuperbShield"],"picked":"adventurer:Reprint","floor":24}],"player_experience":931687,"relics_obtained":[{"floor":8,"key":"Mummified Hand"},{"floor":9,"key":"StrikeDummy"},{"floor":11,"key":"StoneCalendar"},{"floor":23,"key":"Anchor"}],"event_choices":[{"damage_healed":0,"gold_gain":0,"player_choice":"Ignored","damage_taken":0,"max_hp_gain":0,"max_hp_loss":0,"event_name":"Liars Game","floor":3,"gold_loss":0},{"damage_healed":0,"gold_gain":0,"player_choice":"Upgraded","damage_taken":0,"max_hp_gain":0,"max_hp_loss":0,"event_name":"Upgrade Shrine","floor":5,"gold_loss":0,"cards_upgraded":["adventurer:JourneyBegins"]},{"damage_healed":0,"gold_gain":0,"player_choice":"Donut","damage_taken":0,"max_hp_gain":5,"max_hp_loss":0,"event_name":"Big Fish","floor":14,"gold_loss":0},{"damage_healed":0,"gold_gain":0,"player_choice":"Copied","damage_taken":0,"max_hp_gain":0,"max_hp_loss":0,"event_name":"Duplicator","floor":19,"gold_loss":0,"cards_obtained":["adventurer:Hexashot"]}],"is_beta":false,"boss_relics":[{"not_picked":["Pandora\u0027s Box","Coffee Dripper"],"picked":"Empty Cage"}],"items_purged_floors":[2,21],"is_endless":false,"potions_floor_spawned":[8,11,12,18,20,22],"killed_by":"Centurion and Healer","ascension_level":0}}