{"host":"v54ek091sdz7ha6h","time":1612471952,"event":{"mods":["BaseMod","Better Vampires","Colored Map","Colored Powertips","Custom Start","DeckTracker","Highlight Path","KOR Keyword Fix","Minty Spire (QoL Compilation)","Rare Cards Sparkle","Relic Stats","StSLib","SuperFastMode","everything is the same but u backflip on backflip"],"gold_per_floor":[118,133,143,162,178,178,196,196,196,196,222,222,254,281,281,355,355,355,355,355,138,138,46,46,46,46,46,46,46,46,46,46,46,46,46,0,0,0,0,0,0,0,0,0,0,0,0,0,0,0,0,0,0,0,0,0],"floor_reached":57,"language":"KOR","playtime":1736,"items_purged":[],"score":2884,"play_id":"58d04955-d88f-45bb-9910-2cf8cd3f1de2","local_time":"20210205055232","is_ascension_mode":true,"campfire_choices":[{"data":"Offering","floor":6,"key":"SMITH"},{"data":"Armaments","floor":10,"key":"SMITH"},{"data":"Corruption","floor":12,"key":"SMITH"},{"data":"Feel No Pain","floor":15,"key":"SMITH"},{"data":"Enlightenment","floor":24,"key":"SMITH"},{"data":"Armaments","floor":32,"key":"SMITH"},{"data":"Dark Embrace","floor":40,"key":"SMITH"},{"floor":42,"key":"RECALL"},{"data":"Barricade","floor":46,"key":"SMITH"},{"data":"Apotheosis","floor":49,"key":"SMITH"},{"data":"Seeing Red","floor":53,"key":"SMITH"}],"circlet_count":0,"master_deck":["AscendersBane","Strike_R+1","Strike_R+1","Strike_R+1","Strike_R+1","Strike_R+1","Defend_R+1","Defend_R+1","Defend_R+1","Defend_R+1","Bash","Offering+1","Perfected Strike","Feel No Pain+1","Corruption+1","Perfected Strike","Seeing Red+1","Armaments+1","Thunderclap","Impervious","Barricade+1","Dark Embrace+1","Perfected Strike","Violence","Twin Strike","Enlightenment+1","Armaments+1","Perfected Strike","Ghostly","Ghostly","Ghostly","Perfected Strike","Offering","Twin Strike","Second Wind","Evolve+1","Apotheosis+1","Pommel Strike","True Grit+1","Bloodletting"],"relics":["Burning Blood","Magic Flower","Letter Opener","Shuriken","Centennial Puzzle","Ectoplasm","Singing Bowl","Calipers","Runic Cube","Red Mask","Charon\u0027s Ashes","Paper Frog","Incense Burner","Orichalcum"],"acts_visited":["Exordium","TheCity","TheBeyond","TheEnding"],"potions_floor_usage":[11,13,18,20,29,33,56,56],"damage_taken":[{"damage":8,"enemies":"2 Louse","floor":1,"turns":3},{"damage":8,"enemies":"Jaw Worm","floor":2,"turns":3},{"damage":13,"enemies":"Small Slimes","floor":3,"turns":3},{"damage":23,"enemies":"3 Louse","floor":4,"turns":5},{"damage":7,"enemies":"2 Fungi Beasts","floor":5,"turns":3},{"damage":14,"enemies":"Blue Slaver","floor":7,"turns":2},{"damage":18,"enemies":"3 Sentries","floor":11,"turns":7},{"damage":16,"enemies":"Lagavulin","floor":13,"turns":4},{"damage":28,"enemies":"Hexaghost","floor":16,"turns":9},{"damage":20,"enemies":"3 Byrds","floor":18,"turns":3},{"damage":16,"enemies":"Spheric Guardian","floor":20,"turns":4},{"damage":6,"enemies":"Cultist and Chosen","floor":22,"turns":5},{"damage":6,"enemies":"Snake Plant","floor":25,"turns":3},{"damage":19,"enemies":"Book of Stabbing","floor":29,"turns":6},{"damage":8,"enemies":"Centurion and Healer","floor":30,"turns":3},{"damage":1,"enemies":"3 Cultists","floor":31,"turns":4},{"damage":37,"enemies":"Collector","floor":33,"turns":10},{"damage":7,"enemies":"3 Darklings","floor":35,"turns":4},{"damage":5,"enemies":"Orb Walker","floor":38,"turns":3},{"damage":22,"enemies":"2 Orb Walkers","floor":39,"turns":5},{"damage":7,"enemies":"Reptomancer","floor":41,"turns":4},{"damage":0,"enemies":"Sphere and 2 Shapes","floor":45,"turns":4},{"damage":6,"enemies":"Jaw Worm Horde","floor":47,"turns":3},{"damage":12,"enemies":"Nemesis","floor":48,"turns":1},{"damage":17,"enemies":"Awakened One","floor":50,"turns":8},{"damage":7,"enemies":"Time Eater","floor":51,"turns":7},{"damage":4,"enemies":"Shield and Spear","floor":55,"turns":5},{"damage":11,"enemies":"The Heart","floor":56,"turns":7}],"seed_played":"3514448351341187167","potions_obtained":[{"floor":2,"key":"BlessingOfTheForge"},{"floor":7,"key":"Weak Potion"},{"floor":16,"key":"LiquidBronze"},{"floor":18,"key":"ElixirPotion"},{"floor":22,"key":"Block Potion"},{"floor":31,"key":"EssenceOfSteel"},{"floor":41,"key":"BloodPotion"},{"floor":45,"key":"PowerPotion"},{"floor":47,"key":"FearPotion"}],"is_trial":false,"path_per_floor":["M","M","M","M","M","R","M","?","T","R","E","R","E","T","R","B",null,"M","?","M","$","M","$","R","M","T","?","?","E","M","M","R","B",null,"M","?","?","M","?","R","E","R","T","?","M","R","M","E","R","B","B",null,"R","$","E","B",null],"character_chosen":"IRONCLAD","items_purchased":["Violence","Enlightenment"],"campfire_rested":0,"item_purchase_floors":[21,23],"current_hp_per_floor":[66,64,57,40,39,39,31,56,56,56,47,47,40,40,40,21,62,51,51,44,44,47,47,47,50,50,50,37,27,30,40,40,12,34,38,38,38,41,28,28,30,30,30,27,38,38,41,38,38,30,32,42,42,42,45,43],"gold":0,"neow_bonus":"ONE_RANDOM_RARE_CARD","is_daily":false,"chose_seed":false,"campfire_upgraded":10,"win_rate":0.0,"timestamp":1612471952,"path_taken":["M","M","M","M","M","R","M","?","T","R","E","R","E","?","R","BOSS","M","?","M","$","M","$","R","M","T","?","?","E","M","M","R","BOSS","M","?","?","M","?","R","E","R","T","?","M","R","?","E","R","BOSS","BOSS","R","$","E","BOSS"],"items_purchased_type":["Card","Card"],"build_version":"2020-12-22","purchased_purges":0,"victory":true,"max_hp_per_floor":[75,75,75,75,75,75,75,75,75,75,75,75,75,75,75,75,75,75,75,75,75,75,75,75,75,75,75,37,37,39,41,41,41,41,43,43,41,41,41,41,41,41,41,43,45,45,45,45,45,45,45,45,45,45,45,45],"relic_stats":{"Centennial Puzzle":[57],"Singing Bowl":10,"counters":[28,128],"Shuriken":[30],"Magic Flower":[63],"Ectoplasm":418,"Charon\u0027s Ashes":[448],"Letter Opener":[306],"Orichalcum":[0],"obtain_stats":[{"Calipers":29,"Singing Bowl":26,"Magic Flower":9,"Charon\u0027s Ashes":39,"Incense Burner":48,"Letter Opener":11,"Orichalcum":55,"Burning Blood":0,"Centennial Puzzle":14,"Shuriken":13,"Ectoplasm":17,"Red Mask":36,"Runic Cube":34,"Paper Frog":41},{"Calipers":14,"Singing Bowl":13,"Magic Flower":6,"Charon\u0027s Ashes":20,"Incense Burner":24,"Letter Opener":7,"Orichalcum":27,"Burning Blood":0,"Centennial Puzzle":8,"Shuriken":8,"Ectoplasm":9,"Red Mask":18,"Runic Cube":17,"Paper Frog":21},{"Calipers":60,"Singing Bowl":54,"Magic Flower":19,"Charon\u0027s Ashes":89,"Incense Burner":101,"Letter Opener":26,"Orichalcum":121,"Burning Blood":0,"Centennial Puzzle":30,"Shuriken":30,"Ectoplasm":39,"Red Mask":81,"Runic Cube":77,"Paper Frog":93}],"Burning Blood":231,"Runic Cube":[24]},"card_choices":[{"not_picked":["Shockwave","Heavy Blade"],"picked":"Perfected Strike","floor":1},{"not_picked":["Iron Wave","True Grit"],"picked":"Feel No Pain","floor":2},{"not_picked":["Clash","Sever Soul"],"picked":"Corruption","floor":3},{"not_picked":["Iron Wave","Combust"],"picked":"Perfected Strike","floor":4},{"not_picked":["Carnage","Rampage"],"picked":"Seeing Red","floor":5},{"not_picked":["Flex","Body Slam"],"picked":"Armaments","floor":7},{"not_picked":["Armaments","True Grit"],"picked":"Thunderclap","floor":11},{"not_picked":["Rampage","Heavy Blade"],"picked":"Impervious","floor":13},{"not_picked":["Demon Form","Fiend Fire"],"picked":"Barricade","floor":16},{"not_picked":["Thunderclap","Bloodletting+1"],"picked":"Dark Embrace","floor":18},{"not_picked":["Evolve","Carnage"],"picked":"Perfected Strike","floor":20},{"not_picked":["Iron Wave","Twin Strike","Thunderclap"],"picked":"SKIP","floor":22},{"not_picked":["Iron Wave","Thunderclap"],"picked":"Twin Strike","floor":22},{"not_picked":["Body Slam","Cleave"],"picked":"Armaments","floor":25},{"not_picked":["Headbutt","Body Slam"],"picked":"Perfected Strike","floor":29},{"not_picked":["Armaments","Thunderclap+1","Warcry"],"picked":"Singing Bowl","floor":30},{"not_picked":["Clash","Rampage","Ghostly Armor"],"picked":"Singing Bowl","floor":31},{"not_picked":["Barricade","Bludgeon"],"picked":"Offering","floor":33},{"not_picked":["Headbutt","Power Through","Blood for Blood"],"picked":"Singing Bowl","floor":35},{"not_picked":["Headbutt","Sword Boomerang+1"],"picked":"Twin Strike","floor":38},{"not_picked":["Sever Soul+1","Cleave"],"picked":"Second Wind","floor":39},{"not_picked":["Cleave","Seeing Red"],"picked":"Evolve+1","floor":41},{"not_picked":["Mind Blast","Madness","Enlightenment"],"picked":"Singing Bowl","floor":44},{"not_picked":["Dramatic Entrance","Blind"],"picked":"Apotheosis","floor":44},{"not_picked":["Flex","Headbutt","Dark Embrace"],"picked":"Singing Bowl","floor":45},{"not_picked":["Reckless Charge","Entrench"],"picked":"Pommel Strike","floor":47},{"not_picked":["Burning Pact","Cleave"],"picked":"True Grit+1","floor":48},{"not_picked":["Clash+1","Rage"],"picked":"Bloodletting","floor":55}],"player_experience":1470945,"relics_obtained":[{"floor":9,"key":"Magic Flower"},{"floor":11,"key":"Letter Opener"},{"floor":13,"key":"Shuriken"},{"floor":14,"key":"Centennial Puzzle"},{"floor":26,"key":"Singing Bowl"},{"floor":29,"key":"Calipers"},{"floor":39,"key":"Charon\u0027s Ashes"},{"floor":41,"key":"Paper Frog"},{"floor":48,"key":"Incense Burner"},{"floor":55,"key":"Orichalcum"}],"event_choices":[{"damage_healed":25,"gold_gain":0,"player_choice":"Banana","damage_taken":0,"max_hp_gain":0,"max_hp_loss":0,"event_name":"Big Fish","floor":8,"gold_loss":0},{"damage_healed":0,"gold_gain":0,"player_choice":"Simplicity","damage_taken":0,"max_hp_gain":0,"max_hp_loss":0,"event_name":"Back to Basics","floor":19,"gold_loss":0,"cards_upgraded":["Strike_R","Strike_R","Strike_R","Strike_R","Strike_R","Defend_R","Defend_R","Defend_R","Defend_R"]},{"damage_healed":0,"gold_gain":0,"player_choice":"Read","damage_taken":0,"max_hp_gain":0,"max_hp_loss":0,"event_name":"The Library","floor":27,"gold_loss":0,"cards_obtained":["Perfected Strike"]},{"damage_healed":0,"gold_gain":0,"player_choice":"Became a Ghost","damage_taken":0,"max_hp_gain":0,"max_hp_loss":38,"event_name":"Ghosts","floor":28,"gold_loss":0,"cards_obtained":["Ghostly","Ghostly","Ghostly"]},{"damage_healed":0,"gold_gain":0,"player_choice":"Paid","damage_taken":0,"relics_obtained":["Red Mask"],"max_hp_gain":0,"max_hp_loss":0,"event_name":"Tomb of Lord Red Mask","floor":36,"gold_loss":46},{"damage_healed":0,"gold_gain":0,"player_choice":"Max HP","damage_taken":0,"max_hp_gain":0,"max_hp_loss":2,"event_name":"Winding Halls","floor":37,"gold_loss":0},{"damage_healed":0,"gold_gain":0,"player_choice":"Fight","damage_taken":0,"max_hp_gain":0,"max_hp_loss":0,"event_name":"Mysterious Sphere","floor":39,"gold_loss":0},{"damage_healed":0,"gold_gain":0,"player_choice":"Memory 2","damage_taken":5,"max_hp_gain":0,"max_hp_loss":0,"event_name":"SensoryStone","floor":44,"gold_loss":0}],"is_beta":false,"boss_relics":[{"not_picked":["Tiny House","Astrolabe"],"picked":"Ectoplasm"},{"not_picked":["Snecko Eye","SlaversCollar"],"picked":"Runic Cube"}],"items_purged_floors":[],"is_endless":false,"potions_floor_spawned":[2,7,16,18,22,31,41,45,47],"ascension_level":20}}