{"host":"815dqs41i1y8uxms","time":1612477651,"event":{"mods":["A Penny For Your Troubles","Act Like it!","BaseMod","GungeonMod","Minty Spire (QoL Compilation)","Rare Cards Sparkle","Shop Mod","Spire Arcade","StSLib"],"gold_per_floor":[115,127,55,55,75,75,114,146,169,344,344,39,71,90,90,197,197,209,209,209,209],"floor_reached":20,"language":"ENG","playtime":966,"items_purged":[],"score":182,"play_id":"d7a746ea-b2d7-4279-b1ee-8a31490d0f17","local_time":"20210204232731","is_ascension_mode":false,"campfire_choices":[{"data":"DemoMod:PotionOfGunFriendShip","floor":6.0,"key":"SMITH"},{"floor":11.0,"key":"RECALL"},{"data":"DemoMod:ManualReload","floor":15.0,"key":"SMITH"}],"circlet_count":0,"master_deck":["DemoMod:Strike_Huntress","DemoMod:Strike_Huntress","DemoMod:Defend_Huntress","DemoMod:Defend_Huntress","DemoMod:Defend_Huntress","DemoMod:Defend_Huntress","DemoMod:Roll","DemoMod:ManualReload+1","DemoMod:RustySidearm","DemoMod:CrossBow","DemoMod:Camera","DemoMod:MachoBrace","DemoMod:StickyCrossBow","DemoMod:Eureka","DemoMod:PotionOfGunFriendShip+1","DemoMod:TripleGun","DemoMod:StickyCrossBow","Doubt","DemoMod:FullFirepower","DemoMod:FightSabre","DemoMod:LifeOrb","DemoMod:GunslingerForm","DemoMod:RadGun"],"relics":["DemoMod:Dog","NeowsBlessing","Pen Nib","MerchantsRug","DemoMod:GnawedKey","DemoMod:ClearGuonStone","Shuriken","Black Star","Bottled Flame"],"acts_visited":["Exordium","TheCity"],"potions_floor_usage":[],"damage_taken":[{"damage":0.0,"enemies":"Cultist","floor":1.0,"turns":1.0},{"damage":0.0,"enemies":"Small Slimes","floor":2.0,"turns":1.0},{"damage":0.0,"enemies":"Jaw Worm","floor":5.0,"turns":1.0},{"damage":0.0,"enemies":"Red Slaver","floor":7.0,"turns":3.0},{"damage":6.0,"enemies":"Gremlin Nob","floor":8.0,"turns":3.0},{"damage":8.0,"enemies":"3 Sentries","floor":13.0,"turns":5.0},{"damage":0.0,"enemies":"Exordium Thugs","floor":14.0,"turns":4.0},{"damage":38.0,"enemies":"Slime Boss","floor":16.0,"turns":8.0},{"damage":51.0,"enemies":"3 Byrds","floor":18.0,"turns":5.0},{"damage":23,"enemies":"Spheric Guardian","floor":20,"turns":5}],"seed_played":"6725561417746110057","potions_obtained":[{"floor":1.0,"key":"Strength Potion"},{"floor":2.0,"key":"DemoMod:LeadSkinPotion"},{"floor":8.0,"key":"Block Potion"},{"floor":16.0,"key":"PowerPotion"}],"is_trial":false,"path_per_floor":["M","M","$","?","M","R","M","E","T","?","R","$","E","M","R","B",null,"M","T","M"],"character_chosen":"HUNTRESS","items_purchased":["DemoMod:Eureka","DemoMod:FullFirepower","MerchantsRug","DemoMod:GnawedKey"],"campfire_rested":0,"item_purchase_floors":[3,12,12,12],"current_hp_per_floor":[70,70,70,70,70,70,70,64,64,64,64,64,56,56,56,18,70,19,19,0,0],"gold":209,"neow_bonus":"THREE_ENEMY_KILL","is_daily":false,"chose_seed":false,"campfire_upgraded":2,"win_rate":0.0,"timestamp":1612477651,"path_taken":["M","M","$","?","M","R","M","E","T","?","R","?","E","M","R","BOSS","M","?","?"],"items_purchased_type":["Card","Card","Relic","Relic"],"build_version":"2020-12-22","purchased_purges":0,"victory":false,"max_hp_per_floor":[70,70,70,70,70,70,70,70,70,70,70,70,70,70,70,70,70,70,70,70,70],"card_choices":[{"not_picked":["DemoMod:SkilledReload","DemoMod:EasyReloadBullets"],"picked":"DemoMod:Camera","floor":1.0},{"not_picked":["DemoMod:ConditionalReflex","DemoMod:BattleInHaste"],"picked":"DemoMod:MachoBrace","floor":2.0},{"not_picked":["DemoMod:Ejector","DemoMod:DoubleSwitch"],"picked":"DemoMod:StickyCrossBow","floor":2.0},{"not_picked":["DemoMod:SAA","DemoMod:FeignSurrender"],"picked":"DemoMod:TripleGun","floor":5.0},{"not_picked":["DemoMod:GunstockTap","DemoMod:ConditionalReflex"],"picked":"DemoMod:StickyCrossBow","floor":7.0},{"not_picked":["DemoMod:MegaHand","DemoMod:TripleGun"],"picked":"DemoMod:DirectionalPad","floor":8.0},{"not_picked":["DemoMod:HuntsMan","DemoMod:AC15"],"picked":"DemoMod:FightSabre","floor":13.0},{"not_picked":["DemoMod:DoubleSwitch","DemoMod:BattleInHaste"],"picked":"DemoMod:LifeOrb","floor":14.0},{"not_picked":["DemoMod:FightSabre","DemoMod:Behold!"],"picked":"DemoMod:GunslingerForm","floor":16.0},{"not_picked":["DemoMod:PotionOfGunFriendShip+1","DemoMod:DoubleSwitch"],"picked":"DemoMod:RadGun","floor":18.0}],"player_experience":3741288,"relics_obtained":[{"floor":8.0,"key":"Pen Nib"},{"floor":13.0,"key":"DemoMod:ClearGuonStone"},{"floor":16.0,"key":"Shuriken"},{"floor":19.0,"key":"Bottled Flame"}],"event_choices":[{"damage_healed":0.0,"max_hp_gain":0.0,"max_hp_loss":0.0,"gold_gain":0.0,"cards_transformed":["DemoMod:Strike_Huntress"],"event_name":"Living Wall","player_choice":"Change","floor":4.0,"gold_loss":0.0,"damage_taken":0.0,"cards_obtained":["DemoMod:PotionOfGunFriendShip"]},{"damage_healed":0.0,"max_hp_gain":0.0,"max_hp_loss":0.0,"gold_gain":175.0,"event_name":"Liars Game","player_choice":"AGREE","floor":10.0,"gold_loss":0.0,"damage_taken":0.0,"cards_obtained":["Doubt"]}],"is_beta":false,"boss_relics":[{"not_picked":["Philosopher\u0027s Stone","Sozu"],"picked":"Black Star"}],"items_purged_floors":[],"is_endless":false,"potions_floor_spawned":[1,2,8,16],"killed_by":"Spheric Guardian","ascension_level":0}}