{"host":"kwnpvqmnt47pmyi1","time":1612462146,"event":{"mods":["AchievementEnabler","BaseMod","Bestiary","BetterRewards","Clockwork Mod","Downfall","Hermit","Hubris","Infinite Spire","Marisa????????","Minty Spire (QoL Compilation)","Random Character Mod","Reliquary","Replay The Spire","Shade Mod","StSLib","The Cursed","The Hierophant","The Servant 0.9.4"],"gold_per_floor":[110,129,149,149,161,161,178,178,178,178,194,208,236,252,252,352,352,365,384,404,404,404],"floor_reached":21,"language":"ENG","playtime":3571,"items_purged":[],"score":206,"play_id":"7a8327c9-fd8a-4d86-b58d-66fa5b38c939","local_time":"20210204100906","is_ascension_mode":true,"campfire_choices":[{"data":"Crystallizer","floor":6,"key":"SMITH"},{"floor":10,"key":"RECALL"},{"floor":15,"key":"REST"}],"circlet_count":0,"master_deck":["Strike_B","Strike_B","Strike_B","Defend_B","Defend_B","Defend_B","Defend_B","Zap","Dualcast","Sweeping Beam","Cold Snap","Crystallizer+1","Ball Lightning","Ball Lightning","Loop","FIFO Queue","BasicCrystalCard","Ball Lightning","ReplayRNGCard","Conserve Battery","Rebound+1","Chaos+1"],"relics":["Cracked Core","FaceOfCleric","Mirror","infinitespire:WardingShard"],"acts_visited":["Exordium","TheCity"],"potions_floor_usage":[14,14,21,21],"damage_taken":[{"damage":0,"enemies":"Cultist","floor":1,"turns":4},{"damage":7,"enemies":"Small Slimes","floor":2,"turns":2},{"damage":1,"enemies":"2 Louse","floor":3,"turns":2},{"damage":5,"enemies":"Blue Slaver","floor":5,"turns":4},{"damage":1,"enemies":"Looter","floor":7,"turns":2},{"damage":12,"enemies":"Red Slaver","floor":11,"turns":3},{"damage":9,"enemies":"Exordium Wildlife","floor":12,"turns":4},{"damage":21,"enemies":"Lagavulin","floor":13,"turns":6},{"damage":28,"enemies":"Gremlin Gang","floor":14,"turns":4},{"damage":22,"enemies":"Slime Boss","floor":16,"turns":8},{"damage":18,"enemies":"Chosen","floor":18,"turns":5},{"damage":19,"enemies":"Spheric Guardian","floor":19,"turns":4},{"damage":31,"enemies":"Cultist and Chosen","floor":20,"turns":5},{"damage":25,"enemies":"Snake Plant","floor":21,"turns":2}],"seed_played":"5767990914896222036","potions_obtained":[{"floor":2,"key":"Strength Potion"},{"floor":7,"key":"Regen Potion"},{"floor":11,"key":"Weak Potion"},{"floor":16,"key":"Dexterity Potion"},{"floor":19,"key":"ColorlessPotion"}],"is_trial":false,"path_per_floor":["M","M","M","?","M","R","M","?","T","R","M","M","E","M","R","B",null,"M","M","M","M"],"character_chosen":"DEFECT","items_purchased":[],"campfire_rested":1,"item_purchase_floors":[],"current_hp_per_floor":[80,73,72,72,67,67,66,66,66,66,55,47,27,12,37,16,85,68,50,20,0,0],"gold":404,"neow_bonus":"RANDOM_EVENT","is_daily":false,"chose_seed":false,"campfire_upgraded":1,"win_rate":0.0,"timestamp":1612462146,"path_taken":["M","M","M","?","?","R","M","?","T","R","M","M","E","M","R","BOSS","M","?","M","M"],"items_purchased_type":[],"build_version":"2020-12-22","purchased_purges":0,"victory":false,"max_hp_per_floor":[80,80,80,80,80,80,80,80,80,80,81,82,83,84,84,85,85,86,87,88,88,88],"card_choices":[{"not_picked":["Redo","Blizzard"],"picked":"Sweeping Beam","floor":1},{"not_picked":["Stack","Fusion"],"picked":"Cold Snap","floor":2},{"not_picked":["Chaos","Double Energy"],"picked":"Crystallizer","floor":3},{"not_picked":["Turbo","hubris:PowerSurge"],"picked":"Ball Lightning","floor":5},{"not_picked":["ReplayTheSpireMod:Calculation Training","Crystallizer"],"picked":"Ball Lightning","floor":7},{"not_picked":["Gash","Steam"],"picked":"Loop","floor":11},{"not_picked":["Force Field","Static Discharge"],"picked":"FIFO Queue","floor":12},{"not_picked":["Compile Driver","Beam Cell"],"picked":"BasicCrystalCard","floor":13},{"not_picked":["Streamline","Machine Learning"],"picked":"Ball Lightning","floor":14},{"not_picked":["Buffer","Reboot"],"picked":"ReplayRNGCard","floor":16},{"not_picked":["Turbo","Gash"],"picked":"Conserve Battery","floor":18},{"not_picked":["Steam","Conserve Battery"],"picked":"Rebound+1","floor":19},{"not_picked":["Beam Cell+1","ReplayTheSpireMod:Reroute Power"],"picked":"Chaos+1","floor":20}],"player_experience":312509,"relics_obtained":[{"floor":9,"key":"Mirror"},{"floor":13,"key":"infinitespire:WardingShard"}],"event_choices":[{"damage_healed":0,"gold_gain":0,"player_choice":"Donut","damage_taken":0,"max_hp_gain":5,"max_hp_loss":0,"event_name":"Big Fish","floor":0,"gold_loss":0},{"cards_removed":["Strike_B"],"damage_healed":0,"gold_gain":0,"player_choice":"Purged","damage_taken":0,"max_hp_gain":0,"max_hp_loss":0,"event_name":"Purifier","floor":4,"gold_loss":0},{"damage_healed":0,"gold_gain":0,"player_choice":"Trade","damage_taken":0,"relics_obtained":["FaceOfCleric"],"max_hp_gain":0,"max_hp_loss":0,"event_name":"FaceTrader","floor":8,"gold_loss":0}],"is_beta":false,"boss_relics":[{"not_picked":["ReplayTheSpireMod:DimensionalGlitch","reliquary:Craggleroot","hubris:CrackedHourglass"]}],"items_purged_floors":[],"is_endless":false,"potions_floor_spawned":[2,7,11,16,19],"killed_by":"Snake Plant","ascension_level":2}}