{"host":"5spr8tig1ba228ju","time":1612404954,"event":{"mods":["BaseMod","Bestiary","Colored Map","Colored Powertips","Curses Come First","Energized Spire","Highlight Path","Hubris","Minty Spire (QoL Compilation)","Quick Restart","Relic Stats","Reliquary","Replay The Spire","Shop Mod","Slay the StarCraft II Mod","Spicy Shops","StSLib","SuperFastMode","The Jungle","¡¾ÒÅÎï¿¨ÅÆ¡¿REMEMod"],"gold_per_floor":[99,112,92,105,35,35,62,72,72,72,92,124,136,151,151,249,249,262,262,262,262,282,282,282,282],"floor_reached":24,"language":"ZHS","playtime":1229,"items_purged":[],"score":231,"play_id":"b1770d34-9ca2-4362-af90-129bccd175b0","local_time":"20210204101554","is_ascension_mode":false,"campfire_choices":[{"data":"SlaytheStarCraft2Mod:SoulDraw","floor":6.0,"key":"SMITH"},{"data":"SlaytheStarCraft2Mod:DefiniteHatred","floor":10.0,"key":"SMITH"},{"floor":15.0,"key":"REST"},{"data":"SlaytheStarCraft2Mod:XelNagaProphecy","floor":23.0,"key":"SMITH"}],"circlet_count":0,"master_deck":["Alpha+1","SlaytheStarCraft2Mod:Basic_Strike_Protoss","SlaytheStarCraft2Mod:Basic_Strike_Protoss","SlaytheStarCraft2Mod:Basic_Strike_Protoss","SlaytheStarCraft2Mod:Basic_Strike_Protoss","SlaytheStarCraft2Mod:Basic_Defend_Protoss","SlaytheStarCraft2Mod:Basic_Defend_Protoss","SlaytheStarCraft2Mod:Basic_Defend_Protoss","SlaytheStarCraft2Mod:Basic_Defend_Protoss","SlaytheStarCraft2Mod:CONSECRATEME!","SlaytheStarCraft2Mod:OblivionWave","SlaytheStarCraft2Mod:PsionicOppression","SlaytheStarCraft2Mod:TwilightDescends","SlaytheStarCraft2Mod:VoidSpiralBall","SlaytheStarCraft2Mod:SoulDraw+1","SlaytheStarCraft2Mod:SpiritThreat","SlaytheStarCraft2Mod:DefiniteHatred+1","SlaytheStarCraft2Mod:SoulDraw","SlaytheStarCraft2Mod:XelNagaProphecy+1","SlaytheStarCraft2Mod:DarknessApproach","SlaytheStarCraft2Mod:ShadowBarrier","SlaytheStarCraft2Mod:PowerofNerazim","SlaytheStarCraft2Mod:LightningFlush","Writhe","SlaytheStarCraft2Mod:TearSlash+1"],"relics":["SlaytheStarCraft2Mod:HeartofProtoss","REME_ComplimentaryCards","NeowsBlessing","SlaytheStarCraft2Mod:UpgradingChain","Vajra","Replay:WaspNest","Replay:Multitool","Philosopher\u0027s Stone","Regal Pillow"],"acts_visited":["Exordium","TheCity"],"potions_floor_usage":[],"damage_taken":[{"damage":1.0,"enemies":"Jaw Worm","floor":2.0,"turns":2.0},{"damage":0.0,"enemies":"Small Slimes","floor":4.0,"turns":3.0},{"damage":0.0,"enemies":"Lagavulin","floor":7.0,"turns":1.0},{"damage":4.0,"enemies":"Cultist","floor":8.0,"turns":5.0},{"damage":21.0,"enemies":"Large Slime","floor":11.0,"turns":6.0},{"damage":24.0,"enemies":"3 Sentries","floor":12.0,"turns":4.0},{"damage":15.0,"enemies":"2 Fungi Beasts","floor":13.0,"turns":4.0},{"damage":14.0,"enemies":"Looter","floor":14.0,"turns":5.0},{"damage":6.0,"enemies":"Slime Boss","floor":16.0,"turns":7.0},{"damage":28.0,"enemies":"Chosen","floor":18.0,"turns":4.0},{"damage":7.0,"enemies":"Spheric Guardian","floor":22.0,"turns":5.0},{"damage":54,"enemies":"REME_1_Revenger","floor":24,"turns":6}],"seed_played":"7642381159079775483","potions_obtained":[{"floor":3.0,"key":"Languid Potion"},{"floor":4.0,"key":"Fire Potion"},{"floor":8.0,"key":"LiquidBronze"}],"is_trial":false,"path_per_floor":["?","M","?","M","$","R","E","M","T","R","M","E","M","M","R","B",null,"M","?","?","?","M","R","E"],"character_chosen":"PROTOSS","items_purchased":["SlaytheStarCraft2Mod:SoulDraw"],"campfire_rested":1,"item_purchase_floors":[5],"current_hp_per_floor":[75,74,74,74,74,74,74,70,70,70,52,35,20,6,28,28,75,49,49,49,49,45,45,0,0],"gold":282,"neow_bonus":"THREE_ENEMY_KILL","is_daily":false,"chose_seed":false,"campfire_upgraded":3,"win_rate":0.0,"timestamp":1612404954,"path_taken":["?","M","?","M","$","R","E","M","T","R","M","E","M","M","R","BOSS","M","?","?","?","M","R","E"],"items_purchased_type":["Card"],"build_version":"2020-12-22","purchased_purges":0,"victory":false,"max_hp_per_floor":[75,75,75,75,75,75,75,75,75,75,75,75,75,75,75,75,75,75,75,75,75,75,75,75,75],"relic_stats":{"Regal Pillow":0,"counters":[12,50],"obtain_stats":[{"Regal Pillow":21,"NeowsBlessing":0,"SlaytheStarCraft2Mod:UpgradingChain":1,"Vajra":7,"Philosopher\u0027s Stone":17,"SlaytheStarCraft2Mod:HeartofProtoss":0,"Replay:WaspNest":9,"Replay:Multitool":12,"REME_ComplimentaryCards":0},{"Regal Pillow":10,"NeowsBlessing":0,"SlaytheStarCraft2Mod:UpgradingChain":0,"Vajra":3,"Philosopher\u0027s Stone":9,"SlaytheStarCraft2Mod:HeartofProtoss":0,"Replay:WaspNest":4,"Replay:Multitool":6,"REME_ComplimentaryCards":0},{"Regal Pillow":39,"NeowsBlessing":0,"SlaytheStarCraft2Mod:UpgradingChain":0,"Vajra":5,"Philosopher\u0027s Stone":35,"SlaytheStarCraft2Mod:HeartofProtoss":0,"Replay:WaspNest":9,"Replay:Multitool":19,"REME_ComplimentaryCards":0}]},"card_choices":[{"not_picked":["SlaytheStarCraft2Mod:VoidSneakAttack","SlaytheStarCraft2Mod:SingularityStub"],"picked":"SlaytheStarCraft2Mod:TwilightDescends","floor":2.0},{"not_picked":["SlaytheStarCraft2Mod:OblivionDescends","SlaytheStarCraft2Mod:Blink"],"picked":"SlaytheStarCraft2Mod:VoidSpiralBall","floor":4.0},{"not_picked":["SlaytheStarCraft2Mod:PsionicLightBlade","SlaytheStarCraft2Mod:TwilightDescends"],"picked":"SlaytheStarCraft2Mod:SpiritThreat","floor":7.0},{"not_picked":["SlaytheStarCraft2Mod:VoidSneakAttack","SlaytheStarCraft2Mod:VoidStrike"],"picked":"SlaytheStarCraft2Mod:DefiniteHatred","floor":8.0},{"not_picked":["SlaytheStarCraft2Mod:SingularityStub","SlaytheStarCraft2Mod:ChaosDominion"],"picked":"SlaytheStarCraft2Mod:SoulDraw","floor":11.0},{"not_picked":["SlaytheStarCraft2Mod:VoidSpiralBall","SlaytheStarCraft2Mod:VoidStrike"],"picked":"SlaytheStarCraft2Mod:XelNagaProphecy","floor":12.0},{"not_picked":["SlaytheStarCraft2Mod:VoidStrike","SlaytheStarCraft2Mod:LightningTurbulence"],"picked":"SlaytheStarCraft2Mod:DarknessApproach","floor":13.0},{"not_picked":["SlaytheStarCraft2Mod:StretchLightning","SlaytheStarCraft2Mod:VoidStrike"],"picked":"SlaytheStarCraft2Mod:ShadowBarrier","floor":14.0},{"not_picked":["SlaytheStarCraft2Mod:VoidImprison","SlaytheStarCraft2Mod:AgilityContract"],"picked":"SlaytheStarCraft2Mod:PowerofNerazim","floor":16.0},{"not_picked":["SlaytheStarCraft2Mod:PsionicLightBlade","SlaytheStarCraft2Mod:SingularityStub"],"picked":"SlaytheStarCraft2Mod:LightningFlush","floor":18.0},{"not_picked":["SlaytheStarCraft2Mod:PsionicLightBlade","SlaytheStarCraft2Mod:ShadowRush"],"picked":"SlaytheStarCraft2Mod:TearSlash+1","floor":22.0}],"player_experience":645144,"relics_obtained":[{"floor":7.0,"key":"Vajra"},{"floor":9.0,"key":"Replay:WaspNest"},{"floor":12.0,"key":"Replay:Multitool"}],"event_choices":[{"damage_healed":0.0,"max_hp_gain":0.0,"max_hp_loss":0.0,"gold_gain":0.0,"event_name":"The Woman in Blue","player_choice":"Bought 1 Potion","floor":3.0,"gold_loss":0.0,"damage_taken":0.0},{"damage_healed":0.0,"max_hp_gain":0.0,"max_hp_loss":0.0,"gold_gain":0.0,"event_name":"Ghosts","player_choice":"Ignored","floor":20.0,"gold_loss":0.0,"damage_taken":0.0},{"damage_healed":0.0,"max_hp_gain":0.0,"max_hp_loss":0.0,"gold_gain":0.0,"event_name":"The Mausoleum","player_choice":"Opened","floor":21.0,"gold_loss":0.0,"damage_taken":0.0,"relics_obtained":["Regal Pillow"],"cards_obtained":["Writhe"]}],"is_beta":false,"boss_relics":[{"not_picked":["reliquary:WritOfMandamus","Replay:Bronze Core"],"picked":"Philosopher\u0027s Stone"}],"items_purged_floors":[],"is_endless":false,"potions_floor_spawned":[4,8,13,14,22],"killed_by":"REME_1_Revenger","ascension_level":0}}