{"host":"j4g6ia6asvpyu2b0","time":1612446087,"event":{"mods":["BaseMod","Colored Map","Minty Spire (QoL Compilation)","Permanent Neow","Quick Restart","Relic Stats","StSLib","Unceasing Turn Reminder"],"gold_per_floor":[115,127,140,155,155,188,188,216,242,267,267,267,278,291,291,387,387,399,415,425,350,260,293,293,322,322,322,322,322],"floor_reached":28,"language":"ENG","playtime":1373,"items_purged":["Strike_G"],"score":320,"play_id":"ef375cc1-785d-4cf4-87ed-8d520b9c104b","local_time":"20210204064127","is_ascension_mode":true,"campfire_choices":[{"floor":7.0,"key":"REST"},{"data":"Adrenaline","floor":11.0,"key":"SMITH"},{"data":"Sucker Punch","floor":15.0,"key":"SMITH"},{"data":"Corpse Explosion","floor":24.0,"key":"SMITH"},{"data":"Poisoned Stab","floor":27.0,"key":"SMITH"}],"circlet_count":0,"master_deck":["Strike_G","Strike_G","Defend_G","Defend_G","Defend_G","Defend_G","Survivor","Neutralize","Sucker Punch+1","Dagger Spray","Adrenaline+1","Poisoned Stab+1","Terror","Flying Knee","Corpse Explosion+1","Backflip","Noxious Fumes+1","Escape Plan+1"],"relics":["Ring of the Snake","Lantern","Anchor","Toy Ornithopter","Philosopher\u0027s Stone","Ninja Scroll","Eternal Feather","Pantograph"],"acts_visited":["Exordium","TheCity"],"potions_floor_usage":[28],"damage_taken":[{"damage":0.0,"enemies":"2 Louse","floor":1.0,"turns":3.0},{"damage":0.0,"enemies":"Jaw Worm","floor":2.0,"turns":3.0},{"damage":0.0,"enemies":"Cultist","floor":3.0,"turns":3.0},{"damage":14.0,"enemies":"Large Slime","floor":4.0,"turns":5.0},{"damage":25.0,"enemies":"Gremlin Nob","floor":6.0,"turns":4.0},{"damage":7.0,"enemies":"Lagavulin","floor":8.0,"turns":6.0},{"damage":20.0,"enemies":"Gremlin Nob","floor":10.0,"turns":4.0},{"damage":9.0,"enemies":"Gremlin Gang","floor":13.0,"turns":5.0},{"damage":0.0,"enemies":"Exordium Thugs","floor":14.0,"turns":2.0},{"damage":30.0,"enemies":"The Guardian","floor":16.0,"turns":12.0},{"damage":1.0,"enemies":"Chosen","floor":18.0,"turns":4.0},{"damage":7.0,"enemies":"Shell Parasite","floor":19.0,"turns":4.0},{"damage":0.0,"enemies":"Centurion and Healer","floor":20.0,"turns":2.0},{"damage":31.0,"enemies":"Gremlin Leader","floor":23.0,"turns":6.0},{"damage":3.0,"enemies":"Book of Stabbing","floor":25.0,"turns":4.0},{"damage":0,"enemies":"Gremlin Leader","floor":28,"turns":1}],"seed_played":"-4557198609947984663","potions_obtained":[{"floor":1.0,"key":"Block Potion"},{"floor":2.0,"key":"PowerPotion"},{"floor":3.0,"key":"SteroidPotion"},{"floor":10.0,"key":"FearPotion"},{"floor":16.0,"key":"CunningPotion"},{"floor":19.0,"key":"Dexterity Potion"},{"floor":23.0,"key":"ColorlessPotion"},{"floor":25.0,"key":"DistilledChaos"}],"is_trial":false,"path_per_floor":["M","M","M","M","?","E","R","E","T","E","R","?","M","M","R","B",null,"M","M","M","$","?","E","R","E","T","R","E"],"character_chosen":"THE_SILENT","items_purchased":[],"campfire_rested":1,"item_purchase_floors":[],"current_hp_per_floor":[49,49,49,35,40,15,37,30,30,10,10,75,66,66,66,36,75,74,67,67,67,67,41,41,38,38,47,52,52],"gold":322,"neow_bonus":"REMOVE_TWO","is_daily":false,"chose_seed":false,"campfire_upgraded":4,"win_rate":0.0,"timestamp":1612446087,"path_taken":["M","M","M","M","?","E","R","E","T","E","R","?","M","?","R","BOSS","M","M","M","$","?","E","R","E","T","R","E"],"items_purchased_type":[],"build_version":"2020-12-22","purchased_purges":1,"victory":false,"max_hp_per_floor":[70,70,70,70,75,75,75,75,75,75,75,75,75,75,75,75,75,75,75,75,75,75,75,75,75,75,75,75,75],"relic_stats":{"counters":[16,68],"Pantograph":0,"Eternal Feather":9,"obtain_stats":[{"Lantern":6,"Anchor":8,"Ninja Scroll":23,"Pantograph":26,"Philosopher\u0027s Stone":17,"Eternal Feather":25,"Toy Ornithopter":10,"Ring of the Snake":0},{"Lantern":5,"Anchor":6,"Ninja Scroll":14,"Pantograph":15,"Philosopher\u0027s Stone":10,"Eternal Feather":15,"Toy Ornithopter":7,"Ring of the Snake":0},{"Lantern":18,"Anchor":24,"Ninja Scroll":63,"Pantograph":67,"Philosopher\u0027s Stone":47,"Eternal Feather":67,"Toy Ornithopter":28,"Ring of the Snake":0}],"Toy Ornithopter":10,"Ring of the Snake":[32]},"card_choices":[{"not_picked":["Choke","Cloak And Dagger"],"picked":"Bouncing Flask","floor":1.0},{"not_picked":["Bane","Dagger Throw"],"picked":"Sucker Punch","floor":2.0},{"not_picked":["Setup","Heel Hook"],"picked":"Dagger Spray","floor":3.0},{"not_picked":["Deflect","Finisher","Bane"],"picked":"SKIP","floor":4.0},{"not_picked":["Malaise","Prepared"],"picked":"Adrenaline","floor":6.0},{"not_picked":["Finisher","Underhanded Strike"],"picked":"Poisoned Stab","floor":8.0},{"not_picked":["Grand Finale","Poisoned Stab","Riddle With Holes"],"picked":"SKIP","floor":10.0},{"not_picked":["Cloak And Dagger","Outmaneuver"],"picked":"Terror","floor":13.0},{"not_picked":["Flechettes","Outmaneuver"],"picked":"Flying Knee","floor":14.0},{"not_picked":["Bullet Time","Grand Finale"],"picked":"Corpse Explosion","floor":16.0},{"not_picked":["Sucker Punch","Cloak And Dagger","Deflect"],"picked":"SKIP","floor":18.0},{"not_picked":["Accuracy+1","Heel Hook"],"picked":"Backflip","floor":19.0},{"not_picked":["Outmaneuver+1","Dodge and Roll"],"picked":"Noxious Fumes","floor":20.0},{"not_picked":["Outmaneuver","Dagger Spray","Acrobatics"],"picked":"SKIP","floor":23.0},{"not_picked":["Blade Dance","Endless Agony"],"picked":"Escape Plan+1","floor":25.0}],"player_experience":1133716,"relics_obtained":[{"floor":6.0,"key":"Lantern"},{"floor":8.0,"key":"Anchor"},{"floor":10.0,"key":"Toy Ornithopter"},{"floor":23.0,"key":"Ninja Scroll"},{"floor":25.0,"key":"Eternal Feather"},{"floor":26.0,"key":"Pantograph"}],"event_choices":[{"damage_healed":0.0,"max_hp_gain":5.0,"max_hp_loss":0.0,"gold_gain":0.0,"event_name":"Big Fish","player_choice":"Donut","floor":5.0,"gold_loss":0.0,"damage_taken":0.0},{"cards_removed":["Bouncing Flask"],"damage_healed":65.0,"max_hp_gain":0.0,"max_hp_loss":0.0,"gold_gain":0.0,"event_name":"Bonfire Elementals","player_choice":"Offered Uncommon","floor":12.0,"gold_loss":0.0,"damage_taken":0.0},{"cards_removed":["Strike_G"],"damage_healed":0.0,"max_hp_gain":0.0,"max_hp_loss":0.0,"gold_gain":0.0,"event_name":"Designer","player_choice":"Upgrade and Remove","floor":22.0,"gold_loss":90.0,"damage_taken":0.0,"cards_upgraded":["Noxious Fumes"]}],"is_beta":false,"boss_relics":[{"not_picked":["Sozu","Runic Dome"],"picked":"Philosopher\u0027s Stone"}],"items_purged_floors":[21],"is_endless":false,"potions_floor_spawned":[1,2,3,10,16,19,20,23,25],"killed_by":"Gremlin Leader","ascension_level":3}}