{"host":"e3jr8cs0hrgde9ri","time":1612451786,"event":{"mods":["2.2 Compatiblity","BaseMod","Highlight Path","Minty Spire (QoL Compilation)","Permanent Neow","Quick Restart","SuperFastMode"],"gold_per_floor":[113,132,132,132,144,172,172,172,172],"floor_reached":8,"language":"ENG","playtime":217,"items_purged":[],"score":73,"play_id":"3fe0709c-d25d-4960-8107-79efb3f4a5d0","local_time":"20210204071626","is_ascension_mode":true,"campfire_choices":[{"data":"BowlingBash","floor":7,"key":"SMITH"}],"circlet_count":0,"master_deck":["Strike_P","Strike_P","Strike_P","Strike_P","Defend_P","Defend_P","Defend_P","Defend_P","Eruption+1","Vigilance","Evaluate","FollowUp","Scrawl","BowlingBash+1"],"relics":["Black Star","Art of War","GoldenEye"],"acts_visited":["Exordium"],"potions_floor_usage":[],"damage_taken":[{"damage":6.0,"enemies":"Jaw Worm","floor":1.0,"turns":6.0},{"damage":0,"enemies":"Small Slimes","floor":2,"turns":3},{"damage":0,"enemies":"Cultist","floor":5,"turns":4},{"damage":41,"enemies":"Lagavulin","floor":6,"turns":8},{"damage":13,"enemies":"3 Sentries","floor":8,"turns":5}],"seed_played":"-129119432426524416","potions_obtained":[{"floor":2,"key":"Block Potion"},{"floor":6,"key":"CultistPotion"}],"is_trial":false,"path_per_floor":["M","M","?","?","M","E","R","E"],"character_chosen":"WATCHER","items_purchased":[],"campfire_rested":0,"item_purchase_floors":[],"current_hp_per_floor":[59,59,59,59,59,18,18,5,5],"gold":172,"neow_bonus":"BOSS_RELIC","is_daily":false,"chose_seed":false,"campfire_upgraded":1,"win_rate":0.0,"timestamp":1612451786,"path_taken":["M","M","?","?","M","E","R","E"],"items_purchased_type":[],"build_version":"2020-12-22","purchased_purges":0,"victory":false,"max_hp_per_floor":[72,72,72,72,72,72,72,72,72],"card_choices":[{"not_picked":["FlyingSleeves","EmptyMind","Halt"],"picked":"SKIP","floor":1.0},{"not_picked":["Nirvana","FollowUp"],"picked":"Evaluate","floor":2},{"not_picked":["Perseverance","ForeignInfluence","Weave"],"picked":"SKIP","floor":5},{"not_picked":["Collect","Perseverance"],"picked":"BowlingBash","floor":6}],"player_experience":1437811,"relics_obtained":[{"floor":6,"key":"Art of War"},{"floor":6,"key":"GoldenEye"}],"event_choices":[{"damage_healed":0,"gold_gain":0,"player_choice":"Grow","damage_taken":0,"max_hp_gain":0,"max_hp_loss":0,"event_name":"Living Wall","floor":3,"gold_loss":0,"cards_upgraded":["Eruption"]},{"damage_healed":0,"gold_gain":0,"player_choice":"2 cards matched","damage_taken":0,"max_hp_gain":0,"max_hp_loss":0,"event_name":"Match and Keep!","floor":4,"gold_loss":0,"cards_obtained":["FollowUp","Scrawl"]}],"is_beta":false,"boss_relics":[],"items_purged_floors":[],"is_endless":false,"potions_floor_spawned":[2,6],"killed_by":"3 Sentries","ascension_level":6}}