{"host":"2qyxu97h6u4ukicb","time":1612477261,"event":{"mods":["AchievementEnabler","BaseMod","BetterRewards","Colored Map","Colored Powertips","Minty Spire (QoL Compilation)","Replay The Spire","Shop Mod","StSLib"],"gold_per_floor":[110,110,70,96,120,120,147,147,193,225,225,225,265,296,296,410,410,444,477,522,550,550],"floor_reached":21,"language":"ENG","playtime":1493,"items_purged":[],"score":208,"play_id":"64c4f252-8992-497b-8407-3753c0f3f14f","local_time":"20210204162101","is_ascension_mode":false,"campfire_choices":[{"data":"FlyingSleeves","floor":6.0,"key":"SMITH"},{"floor":8.0,"key":"REST"},{"floor":11.0,"key":"REST"},{"data":"1","floor":15,"key":"LIFT"}],"circlet_count":0,"master_deck":["Strike_P","Strike_P","Strike_P","Strike_P","Defend_P","Defend_P","Defend_P","Defend_P","Eruption+1","Vigilance","Defend_B","m_Survivalism","DevaForm","FlyingSleeves+1","Replay:BluntJabs","Ragnarok","FollowUp","DeusExMachina","WindmillStrike+1","Tantrum+1","FlurryOfBlows"],"relics":["PureWater","Replay:Bandana","Girya","VioletLotus"],"acts_visited":["Exordium","TheCity"],"potions_floor_usage":[16,20],"damage_taken":[{"damage":0.0,"enemies":"Jaw Worm","floor":1.0,"turns":3.0},{"damage":9.0,"enemies":"Cultist","floor":4.0,"turns":5.0},{"damage":0.0,"enemies":"Small Slimes","floor":5.0,"turns":3.0},{"damage":21.0,"enemies":"Exordium Thugs","floor":7.0,"turns":4.0},{"damage":23.0,"enemies":"Lots of Slimes","floor":10.0,"turns":5.0},{"damage":0.0,"enemies":"Lagavulin","floor":13.0,"turns":4.0},{"damage":14,"enemies":"Blue Slaver","floor":14,"turns":3},{"damage":44,"enemies":"The Guardian","floor":16,"turns":8},{"damage":0,"enemies":"Spheric Guardian","floor":18,"turns":3},{"damage":13,"enemies":"Shell Parasite","floor":19,"turns":4},{"damage":44,"enemies":"Centurion and Healer","floor":20,"turns":5},{"damage":20,"enemies":"3 Cultists","floor":21,"turns":3}],"seed_played":"-5818913284499623815","potions_obtained":[{"floor":3.0,"key":"Ambrosia"},{"floor":3.0,"key":"Regen Potion"},{"floor":3.0,"key":"Venom Potion"},{"floor":5.0,"key":"Fruit Juice"},{"floor":7.0,"key":"SteroidPotion"},{"floor":14,"key":"BlessingOfTheForge"},{"floor":16,"key":"SkillPotion"}],"is_trial":false,"path_per_floor":["M","?","?","M","M","R","M","R","T","M","R","?","E","M","R","B",null,"M","M","M","M"],"character_chosen":"WATCHER","items_purchased":[],"campfire_rested":2,"item_purchase_floors":[],"current_hp_per_floor":[72,60,60,51,56,56,35,58,58,49,72,72,72,58,58,14,77,77,64,20,0,0],"gold":550,"neow_bonus":"THREE_RARE_CARDS","is_daily":false,"chose_seed":false,"campfire_upgraded":1,"win_rate":0.0,"timestamp":1612477261,"path_taken":["M","?","?","M","M","R","?","R","T","M","R","?","E","M","R","BOSS","M","?","M","M"],"items_purchased_type":[],"build_version":"2020-12-22","purchased_purges":0,"victory":false,"max_hp_per_floor":[72,72,72,72,77,77,77,77,77,77,77,77,77,77,77,77,77,77,77,77,77,77],"card_choices":[{"not_picked":["LessonLearned","DeusExMachina"],"picked":"DevaForm","floor":0.0},{"not_picked":["Replay:ManipulateFuture","Crescendo"],"picked":"FlyingSleeves","floor":1.0},{"not_picked":["TalkToTheHand","Replay:Anticipation","Evaluate"],"picked":"SKIP","floor":4.0},{"not_picked":["Replay:Hum","ForeignInfluence"],"picked":"Replay:BluntJabs","floor":5.0},{"not_picked":["SashWhip","LikeWater"],"picked":"Ragnarok","floor":7.0},{"not_picked":["CutThroughFate","Replay:AtTheReady","BattleHymn"],"picked":"SKIP","floor":10.0},{"not_picked":["Omniscience","Replay:ManipulateFuture","Replay:DivineShield"],"picked":"SKIP","floor":13},{"not_picked":["Halt","FlurryOfBlows"],"picked":"FollowUp","floor":14},{"not_picked":["Scrawl","Brilliance"],"picked":"DeusExMachina","floor":16},{"not_picked":["CarveReality","BowlingBash+1"],"picked":"WindmillStrike+1","floor":18},{"not_picked":["Adaptation","Replay:Hum+1"],"picked":"Tantrum+1","floor":19},{"not_picked":["PathToVictory","Nirvana"],"picked":"FlurryOfBlows","floor":20}],"player_experience":777056,"relics_obtained":[{"floor":13,"key":"Girya"}],"event_choices":[{"damage_healed":0.0,"max_hp_gain":0.0,"max_hp_loss":0.0,"gold_gain":0.0,"event_name":"Scrap Ooze","player_choice":"Success","floor":2.0,"gold_loss":0.0,"damage_taken":12.0,"relics_obtained":["Replay:Bandana"]},{"damage_healed":0.0,"max_hp_gain":0.0,"max_hp_loss":0.0,"gold_gain":0.0,"event_name":"The Woman in Blue","player_choice":"Bought 3 Potions","floor":3.0,"gold_loss":0.0,"damage_taken":0.0},{"damage_healed":0.0,"max_hp_gain":0.0,"max_hp_loss":0.0,"gold_gain":0.0,"event_name":"Upgrade Shrine","player_choice":"Upgraded","floor":12.0,"gold_loss":0.0,"damage_taken":0.0,"cards_upgraded":["Eruption"]}],"is_beta":false,"boss_relics":[{"not_picked":["Pandora\u0027s Box","ChewingGum"],"picked":"VioletLotus"}],"items_purged_floors":[],"is_endless":false,"potions_floor_spawned":[5,7,14,16],"killed_by":"3 Cultists","ascension_level":0}}