{"host":"8yg5xi2a6w9qkgsw","time":1612472873,"event":{"mods":["AchievementEnabler","BaseMod","Block Reminder","Colored Powertips","Minty Spire (QoL Compilation)","MonsterHotkey","Random Character Button","Relic Stats"],"gold_per_floor":[114,114,114,84,100,100,119,119,167,201,50,50,68,82,82,153,153,168,183,197,208,228,228,256,274,274,274,285,317,96,106,106,180,180,199,210,230,246,256,256,282,294,294,294,294,307,333,333,333,333,333,333,106,131,131,131],"floor_reached":55,"language":"ENG","playtime":13559,"items_purged":["Strike_G","Strike_G+1"],"score":1345,"play_id":"cb95bcba-f795-45b5-9dd2-7500a33b2bbb","local_time":"20210204220753","is_ascension_mode":true,"campfire_choices":[{"data":"Terror","floor":6.0,"key":"SMITH"},{"data":"Neutralize","floor":8.0,"key":"SMITH"},{"floor":12.0,"key":"REST"},{"data":"Acrobatics","floor":15.0,"key":"SMITH"},{"data":"Phantasmal Killer","floor":23.0,"key":"SMITH"},{"floor":27.0,"key":"REST"},{"data":"Concentrate","floor":32.0,"key":"SMITH"},{"data":"Well Laid Plans","floor":40.0,"key":"SMITH"},{"floor":45.0,"key":"RECALL"},{"data":"Madness","floor":49.0,"key":"SMITH"},{"data":"Madness","floor":52.0,"key":"SMITH"}],"circlet_count":0,"master_deck":["AscendersBane","Strike_G+1","Defend_G+1","Defend_G+1","Defend_G+1","Defend_G+1","Defend_G+1","Survivor+1","Neutralize+1","Finisher+1","Terror+1","Deflect+1","Acrobatics+1","Heel Hook+1","Heel Hook+1","Phantasmal Killer+1","Backflip+1","Backflip+1","Eviscerate+1","Escape Plan+1","Well Laid Plans+1","Heel Hook+1","Cloak And Dagger+1","Crippling Poison+1","Concentrate+1","Night Terror+1","Prepared+1","Acrobatics+1","Adrenaline+1","PiercingWail+1","Footwork+1","Madness+1","Madness+1","Backflip","Calculated Gamble+1"],"relics":["Ring of the Snake","Du-Vu Doll","Pantograph","Letter Opener","Pen Nib","Oddly Smooth Stone","Empty Cage","Ninja Scroll","White Beast Statue","Vajra","Frozen Eye","Cursed Key","Mercury Hourglass","Mark of the Bloom","Meat on the Bone","Bag of Marbles"],"acts_visited":["Exordium","TheCity","TheBeyond","TheEnding"],"potions_floor_usage":[54,55,55],"damage_taken":[{"damage":0.0,"enemies":"2 Louse","floor":1.0,"turns":3.0},{"damage":0.0,"enemies":"Jaw Worm","floor":5.0,"turns":4.0},{"damage":1.0,"enemies":"Small Slimes","floor":7.0,"turns":3.0},{"damage":40.0,"enemies":"Gremlin Nob","floor":10.0,"turns":5.0},{"damage":9.0,"enemies":"Gremlin Gang","floor":13.0,"turns":5.0},{"damage":0.0,"enemies":"Looter","floor":14.0,"turns":2.0},{"damage":15.0,"enemies":"The Guardian","floor":16.0,"turns":14.0},{"damage":0.0,"enemies":"Shell Parasite","floor":18.0,"turns":3.0},{"damage":12.0,"enemies":"3 Byrds","floor":19.0,"turns":6.0},{"damage":5.0,"enemies":"Centurion and Healer","floor":20.0,"turns":7.0},{"damage":12.0,"enemies":"Snecko","floor":21.0,"turns":5.0},{"damage":16.0,"enemies":"3 Cultists","floor":22.0,"turns":8.0},{"damage":1.0,"enemies":"Book of Stabbing","floor":24.0,"turns":3.0},{"damage":7.0,"enemies":"Snake Plant","floor":25.0,"turns":2.0},{"damage":0.0,"enemies":"Centurion and Healer","floor":28.0,"turns":5.0},{"damage":9.0,"enemies":"Gremlin Leader","floor":29.0,"turns":6.0},{"damage":4.0,"enemies":"Snecko","floor":31.0,"turns":6.0},{"damage":44.0,"enemies":"Automaton","floor":33.0,"turns":9.0},{"damage":0.0,"enemies":"3 Shapes","floor":35.0,"turns":3.0},{"damage":0.0,"enemies":"3 Darklings","floor":36.0,"turns":3.0},{"damage":0.0,"enemies":"4 Shapes","floor":37.0,"turns":7.0},{"damage":0.0,"enemies":"Spire Growth","floor":38.0,"turns":3.0},{"damage":0.0,"enemies":"Transient","floor":39.0,"turns":5.0},{"damage":8.0,"enemies":"Nemesis","floor":41.0,"turns":5.0},{"damage":1.0,"enemies":"Sphere and 2 Shapes","floor":42.0,"turns":4.0},{"damage":0.0,"enemies":"Spire Growth","floor":46.0,"turns":3.0},{"damage":0.0,"enemies":"Giant Head","floor":47.0,"turns":4.0},{"damage":17.0,"enemies":"Awakened One","floor":50.0,"turns":7.0},{"damage":0,"enemies":"Shield and Spear","floor":54,"turns":5},{"damage":24,"enemies":"The Heart","floor":55,"turns":3}],"seed_played":"-6425100587265867942","potions_obtained":[{"floor":4.0,"key":"LiquidBronze"},{"floor":4.0,"key":"Regen Potion"},{"floor":7.0,"key":"Weak Potion"},{"floor":13.0,"key":"Block Potion"},{"floor":14.0,"key":"CunningPotion"},{"floor":19.0,"key":"Fruit Juice"},{"floor":22.0,"key":"Block Potion"},{"floor":24.0,"key":"LiquidBronze"},{"floor":28.0,"key":"Poison Potion"},{"floor":29.0,"key":"DuplicationPotion"},{"floor":31.0,"key":"Strength Potion"},{"floor":33.0,"key":"AttackPotion"},{"floor":35.0,"key":"SpeedPotion"},{"floor":36.0,"key":"Block Potion"},{"floor":37.0,"key":"DistilledChaos"},{"floor":38.0,"key":"LiquidMemories"},{"floor":39.0,"key":"BlessingOfTheForge"},{"floor":41.0,"key":"Strength Potion"},{"floor":42.0,"key":"PowerPotion"},{"floor":46.0,"key":"Block Potion"},{"floor":54,"key":"FearPotion"}],"is_trial":false,"path_per_floor":["M","?","T","?","M","R","M","R","T","E","$","R","M","M","R","B",null,"M","M","M","M","M","R","E","M","T","R","M","E","$","M","R","B",null,"M","M","M","M","M","R","E","M","T","?","R","M","E","?","R","B",null,"R","$","E","B"],"character_chosen":"THE_SILENT","items_purchased":["Oddly Smooth Stone","Frozen Eye","Ancient Potion","Backflip"],"campfire_rested":2,"item_purchase_floors":[11,30,53,53],"current_hp_per_floor":[45,38,38,38,38,38,37,37,37,11,11,32,23,23,23,33,61,61,49,44,32,21,21,20,13,13,35,35,26,26,22,22,3,57,57,57,57,57,57,57,49,48,48,48,48,48,48,39,39,22,22,22,22,22,0,0],"gold":131,"neow_bonus":"ONE_RARE_RELIC","is_daily":false,"chose_seed":false,"campfire_upgraded":8,"win_rate":0.0,"timestamp":1612472873,"path_taken":["M","?","?","?","M","R","M","R","T","E","$","R","M","M","R","BOSS","M","?","M","M","M","R","E","M","T","R","M","E","$","M","R","BOSS","M","M","M","M","M","R","E","M","T","?","R","M","E","?","R","BOSS","R","$","E","BOSS"],"items_purchased_type":["Relic","Relic","Potion","Card"],"build_version":"2020-12-22","purchased_purges":2,"victory":false,"max_hp_per_floor":[70,70,70,70,70,70,70,70,70,70,70,70,70,70,70,70,70,70,70,70,70,75,75,75,75,75,75,75,75,75,75,75,75,75,75,75,75,75,75,75,75,75,75,75,75,75,75,75,75,75,75,75,75,75,75,75],"relic_stats":{"Mark of the Bloom":114,"counters":[30,148],"Pantograph":50,"Pen Nib":[32],"Letter Opener":[612],"Cursed Key":0,"obtain_stats":[{"Mark of the Bloom":44,"Oddly Smooth Stone":11,"Vajra":29,"Pen Nib":10,"Letter Opener":3,"Empty Cage":17,"Cursed Key":34,"White Beast Statue":26,"Mercury Hourglass":41,"Du-Vu Doll":0,"Frozen Eye":30,"Ninja Scroll":24,"Pantograph":2,"Bag of Marbles":54,"Ring of the Snake":0,"Meat on the Bone":47},{"Mark of the Bloom":25,"Oddly Smooth Stone":4,"Vajra":16,"Pen Nib":4,"Letter Opener":1,"Empty Cage":7,"Cursed Key":18,"White Beast Statue":14,"Mercury Hourglass":24,"Du-Vu Doll":0,"Frozen Eye":16,"Ninja Scroll":13,"Pantograph":1,"Bag of Marbles":29,"Ring of the Snake":0,"Meat on the Bone":27},{"Mark of the Bloom":126,"Oddly Smooth Stone":15,"Vajra":81,"Pen Nib":15,"Letter Opener":3,"Empty Cage":36,"Cursed Key":96,"White Beast Statue":70,"Mercury Hourglass":122,"Du-Vu Doll":0,"Frozen Eye":81,"Ninja Scroll":68,"Pantograph":3,"Bag of Marbles":145,"Ring of the Snake":0,"Meat on the Bone":133}],"Ring of the Snake":[60],"Mercury Hourglass":[89],"Meat on the Bone":0},"card_choices":[{"not_picked":["Acrobatics","Quick Slash"],"picked":"Finisher","floor":1.0},{"not_picked":["Deflect","Calculated Gamble"],"picked":"Terror","floor":5.0},{"not_picked":["Bane","Dodge and Roll"],"picked":"Deflect","floor":7.0},{"not_picked":["Terror","Slice"],"picked":"Acrobatics","floor":10.0},{"not_picked":["Unload","Quick Slash"],"picked":"Heel Hook","floor":13.0},{"not_picked":["Backflip","Prepared"],"picked":"Heel Hook","floor":14.0},{"not_picked":["Storm of Steel","Bullet Time"],"picked":"Phantasmal Killer","floor":16.0},{"not_picked":["Calculated Gamble","PiercingWail"],"picked":"Backflip","floor":18.0},{"not_picked":["Acrobatics","Dagger Throw"],"picked":"Backflip","floor":19.0},{"not_picked":["Crippling Poison","Poisoned Stab"],"picked":"Eviscerate","floor":20.0},{"not_picked":["Flying Knee+1","Flechettes"],"picked":"Escape Plan","floor":21.0},{"not_picked":["Dagger Throw","Slice"],"picked":"Well Laid Plans","floor":22.0},{"not_picked":["Quick Slash","Masterful Stab"],"picked":"Heel Hook","floor":24.0},{"not_picked":["Poisoned Stab","Choke"],"picked":"Cloak And Dagger","floor":25.0},{"not_picked":["Poisoned Stab","Expertise","Underhanded Strike"],"picked":"SKIP","floor":28.0},{"not_picked":["Dagger Throw+1","Blade Dance"],"picked":"Crippling Poison","floor":29.0},{"not_picked":["Sucker Punch","Riddle With Holes"],"picked":"Concentrate","floor":31.0},{"not_picked":["Phantasmal Killer","Corpse Explosion"],"picked":"Night Terror","floor":33.0},{"not_picked":["Sucker Punch+1","Skewer+1","Outmaneuver"],"picked":"SKIP","floor":35.0},{"not_picked":["Outmaneuver","Eviscerate","Riddle With Holes"],"picked":"SKIP","floor":36.0},{"not_picked":["Backstab","Deadly Poison"],"picked":"Prepared+1","floor":37.0},{"not_picked":["Infinite Blades","Catalyst"],"picked":"Acrobatics","floor":38.0},{"not_picked":["Cloak And Dagger","Expertise"],"picked":"Adrenaline","floor":39.0},{"not_picked":["Underhanded Strike","Deadly Poison"],"picked":"PiercingWail+1","floor":41.0},{"not_picked":["Dagger Spray+1","Acrobatics","Bane+1"],"picked":"SKIP","floor":42.0},{"not_picked":["Poisoned Stab","Bane","Choke"],"picked":"SKIP","floor":46.0},{"not_picked":["Well Laid Plans","Backflip"],"picked":"Footwork+1","floor":47.0},{"not_picked":["Blur","Endless Agony"],"picked":"Calculated Gamble+1","floor":54}],"player_experience":1481585,"relics_obtained":[{"floor":3.0,"key":"Letter Opener"},{"floor":10.0,"key":"Pen Nib"},{"floor":24.0,"key":"Ninja Scroll"},{"floor":26.0,"key":"White Beast Statue"},{"floor":29.0,"key":"Vajra"},{"floor":41.0,"key":"Mercury Hourglass"},{"floor":47.0,"key":"Meat on the Bone"},{"floor":54,"key":"Bag of Marbles"}],"event_choices":[{"damage_healed":0.0,"max_hp_gain":0.0,"max_hp_loss":0.0,"gold_gain":0.0,"event_name":"Scrap Ooze","player_choice":"Success","floor":2.0,"gold_loss":0.0,"damage_taken":7.0,"relics_obtained":["Pantograph"]},{"damage_healed":0.0,"max_hp_gain":0.0,"max_hp_loss":0.0,"gold_gain":0.0,"event_name":"The Woman in Blue","player_choice":"Bought 2 Potions","floor":4.0,"gold_loss":0.0,"damage_taken":0.0},{"damage_healed":0.0,"max_hp_gain":0.0,"max_hp_loss":0.0,"gold_gain":0.0,"event_name":"MindBloom","player_choice":"Upgrade","floor":44.0,"gold_loss":0.0,"damage_taken":0.0,"cards_upgraded":["Strike_G","Strike_G","Defend_G","Defend_G","Defend_G","Defend_G","Defend_G","Survivor","Finisher","Deflect","Heel Hook","Heel Hook","Backflip","Backflip","Eviscerate","Escape Plan","Heel Hook","Cloak And Dagger","Crippling Poison","Night Terror","Acrobatics","Adrenaline"],"relics_obtained":["Mark of the Bloom"]},{"damage_healed":0.0,"max_hp_gain":0.0,"max_hp_loss":0.0,"gold_gain":0.0,"event_name":"Winding Halls","player_choice":"Embrace Madness","floor":48.0,"gold_loss":0.0,"damage_taken":9.0,"cards_obtained":["Madness","Madness"]}],"is_beta":false,"boss_relics":[{"not_picked":["Pandora\u0027s Box","SlaversCollar"],"picked":"Empty Cage"},{"not_picked":["Astrolabe","Tiny House"],"picked":"Cursed Key"}],"items_purged_floors":[30,53],"is_endless":false,"potions_floor_spawned":[7,13,14,19,22,24,28,29,31,33,35,36,37,38,39,41,42,46,47,54],"killed_by":"The Heart","ascension_level":13}}