{"host":"oigynbtg272c19pw","time":1612457124,"event":{"mods":["BaseMod","Colored Map","Minty Spire (QoL Compilation)","Relic Stats","Slay the Relics Exporter","StSLib"],"gold_per_floor":[116,116,133,147,147,176,176,207,207,207,88,98,114,114,114,191,191,205,205,255,93,110,110,135,147,170,170,187,205,205,205],"floor_reached":30,"playtime":2065,"items_purged":["Strike_R"],"score":520,"play_id":"e81e714d-1d0d-4644-ba25-14f14eb12f4a","local_time":"20210204174524","is_ascension_mode":true,"campfire_choices":[{"data":"Hemokinesis","floor":7,"key":"SMITH"},{"floor":10,"key":"REST"},{"data":"Uppercut","floor":15,"key":"SMITH"},{"data":"Feel No Pain","floor":23,"key":"SMITH"},{"data":"Inflame","floor":27,"key":"SMITH"}],"circlet_count":0,"master_deck":["AscendersBane","Strike_R","Strike_R","Strike_R","Defend_R","Defend_R","Defend_R","Defend_R","Bash","True Grit+1","Fire Breathing","Feel No Pain+1","Hemokinesis+1","Uppercut+1","Burning Pact+1","Havoc+1","Anger","Reaper","Flame Barrier+1","Inflame+1","Flex+1","Bloodletting+1","Feel No Pain","Dark Embrace","Power Through+1"],"relics":["Burning Blood","NeowsBlessing","Sundial","Toxic Egg 2","Red Skull","Snecko Eye","Vajra","Orichalcum"],"acts_visited":["Exordium","TheCity"],"potions_floor_usage":[6,13,29,30],"damage_taken":[{"damage":0,"enemies":"2 Louse","floor":1,"turns":1},{"damage":0,"enemies":"Cultist","floor":3,"turns":1},{"damage":0,"enemies":"Small Slimes","floor":4,"turns":1},{"damage":18,"enemies":"3 Sentries","floor":6,"turns":5},{"damage":58,"enemies":"Gremlin Nob","floor":8,"turns":5},{"damage":2,"enemies":"Exordium Wildlife","floor":12,"turns":2},{"damage":0,"enemies":"Red Slaver","floor":13,"turns":2},{"damage":23,"enemies":"The Guardian","floor":16,"turns":10},{"damage":10,"enemies":"3 Byrds","floor":18,"turns":5},{"damage":12,"enemies":"Chosen","floor":22,"turns":6},{"damage":52,"enemies":"Slavers","floor":24,"turns":5},{"damage":5,"enemies":"Centurion and Healer","floor":25,"turns":7},{"damage":11,"enemies":"Snake Plant","floor":28,"turns":6},{"damage":14,"enemies":"Shelled Parasite and Fungi","floor":29,"turns":4},{"damage":93,"enemies":"Gremlin Leader","floor":30,"turns":5}],"seed_played":"1003993653420222356","potions_obtained":[{"floor":3,"key":"SneckoOil"},{"floor":12,"key":"AttackPotion"},{"floor":13,"key":"SteroidPotion"},{"floor":18,"key":"Ancient Potion"},{"floor":28,"key":"SkillPotion"},{"floor":29,"key":"Regen Potion"}],"is_trial":false,"path_per_floor":["M","?","M","M","T","E","R","E","T","R","$","M","M","?","R","B",null,"M","?","?","$","M","R","E","M","T","R","M","M","E"],"character_chosen":"IRONCLAD","items_purchased":["Burning Pact+1","Flame Barrier+1","Inflame"],"campfire_rested":1,"item_purchase_floors":[11,21,21],"current_hp_per_floor":[74,74,75,75,75,63,63,11,11,33,33,37,43,36,36,19,61,61,61,61,61,61,61,22,39,39,39,42,64,0,0],"gold":205,"neow_bonus":"THREE_ENEMY_KILL","is_daily":false,"chose_seed":false,"campfire_upgraded":4,"win_rate":0.0,"timestamp":1612457124,"path_taken":["M","?","?","M","?","E","R","E","T","R","$","M","M","?","R","BOSS","M","?","?","$","?","R","E","M","T","R","M","M","E"],"items_purchased_type":["Card","Card","Card"],"build_version":"2020-12-13","purchased_purges":1,"victory":false,"max_hp_per_floor":[75,75,75,75,75,75,75,75,75,75,75,75,75,75,75,75,75,75,75,75,75,75,75,75,75,75,75,75,75,75,75],"relic_stats":{"counters":[15,65],"Sundial":[14],"Snecko Eye":[71,79,60,74],"Orichalcum":[6],"obtain_stats":[{"NeowsBlessing":0,"Sundial":6,"Snecko Eye":17,"Vajra":24,"Toxic Egg 2":8,"Orichalcum":26,"Burning Blood":0,"Red Skull":9},{"NeowsBlessing":0,"Sundial":4,"Snecko Eye":8,"Vajra":11,"Toxic Egg 2":5,"Orichalcum":12,"Burning Blood":0,"Red Skull":5},{"NeowsBlessing":0,"Sundial":8,"Snecko Eye":27,"Vajra":43,"Toxic Egg 2":13,"Orichalcum":50,"Burning Blood":0,"Red Skull":13}],"Burning Blood":73},"card_choices":[{"not_picked":["Clash","Havoc"],"picked":"True Grit","floor":1},{"not_picked":["Flex","Havoc"],"picked":"Fire Breathing","floor":3},{"not_picked":["Ghostly Armor","Carnage"],"picked":"Feel No Pain","floor":4},{"not_picked":["Wild Strike","Feel No Pain"],"picked":"Hemokinesis","floor":6},{"not_picked":["Wild Strike","Whirlwind"],"picked":"Uppercut","floor":8},{"not_picked":["Wild Strike","Clash"],"picked":"Havoc+1","floor":12},{"not_picked":["Clothesline","Heavy Blade"],"picked":"Anger","floor":13},{"not_picked":["Juggernaut","Exhume+1"],"picked":"Reaper","floor":16},{"not_picked":["Body Slam","Twin Strike","Iron Wave"],"picked":"SKIP","floor":18},{"not_picked":["Battle Trance+1","Clash"],"picked":"Flex+1","floor":22},{"not_picked":["Combust+1","Anger"],"picked":"Bloodletting+1","floor":24},{"not_picked":["Body Slam","Cleave+1"],"picked":"Feel No Pain","floor":25},{"not_picked":["Uppercut","Pommel Strike"],"picked":"Dark Embrace","floor":28},{"not_picked":["Shrug It Off+1","Pommel Strike"],"picked":"Power Through+1","floor":29}],"player_experience":1535932,"relics_obtained":[{"floor":6,"key":"Sundial"},{"floor":8,"key":"Toxic Egg 2"},{"floor":9,"key":"Red Skull"},{"floor":24,"key":"Vajra"},{"floor":26,"key":"Orichalcum"}],"event_choices":[{"damage_healed":0,"gold_gain":0,"player_choice":"Upgraded","damage_taken":0,"max_hp_gain":0,"max_hp_loss":0,"event_name":"Upgrade Shrine","floor":2,"gold_loss":0,"cards_upgraded":["True Grit"]},{"cards_removed":["Strike_R"],"damage_healed":0,"gold_gain":0,"player_choice":"Card Removal","damage_taken":7,"max_hp_gain":0,"max_hp_loss":0,"event_name":"Golden Wing","floor":14,"gold_loss":0},{"damage_healed":0,"gold_gain":0,"player_choice":"Ignored","damage_taken":0,"max_hp_gain":0,"max_hp_loss":0,"event_name":"Ghosts","floor":19,"gold_loss":0},{"damage_healed":0,"gold_gain":50,"player_choice":"Pray","damage_taken":0,"max_hp_gain":0,"max_hp_loss":0,"event_name":"Golden Shrine","floor":20,"gold_loss":0}],"is_beta":false,"boss_relics":[{"not_picked":["Runic Cube","SacredBark"],"picked":"Snecko Eye"}],"items_purged_floors":[11],"is_endless":false,"potions_floor_spawned":[3,12,13,18,28,29],"killed_by":"Gremlin Leader","ascension_level":20}}