{"host":"fzjk61lpi4bwj033","time":1612450509,"event":{"mods":["Ascension Unlocker","BaseMod","Bestiary","Conspire","Hermit","Hubris","Infinite Spire","Jorbs\u0027s Wanderer Trilogy","Minty Spire (QoL Compilation)","Rare Cards Sparkle","Replay The Spire","StSLib","The Jungle"],"gold_per_floor":[387,25,38,68,68,68,99,113,160,160,191,191,191,217,217,296,296,313,410,410,424,424,424,457,473,498,498,498],"floor_reached":27,"language":"ENG","playtime":1460,"items_purged":[],"score":497,"play_id":"936a20a9-dcdb-4be2-b673-39c023a9b72f","local_time":"20210204085509","is_ascension_mode":true,"campfire_choices":[{"data":"stsjorbsmod:MagicMissiles","floor":6,"key":"SMITH"},{"floor":10,"key":"REST"},{"data":"stsjorbsmod:Aid","floor":12,"key":"SMITH"},{"data":"stsjorbsmod:Prestidigitation","floor":23,"key":"SMITH"}],"circlet_count":0,"master_deck":["AscendersBane","stsjorbsmod:ForbiddenGrimoire+1","stsjorbsmod:Strike_Wanderer","stsjorbsmod:Strike_Wanderer","stsjorbsmod:Strike_Wanderer","stsjorbsmod:Strike_Wanderer+1","stsjorbsmod:Defend_Wanderer","stsjorbsmod:Defend_Wanderer","stsjorbsmod:Defend_Wanderer","stsjorbsmod:Defend_Wanderer+1","stsjorbsmod:FreshAdventure","stsjorbsmod:EyeOfTheStorm","stsjorbsmod:BurningFlask","stsjorbsmod:RayOfFrost+1","stsjorbsmod:Materialize","stsjorbsmod:MagicMissiles+1","stsjorbsmod:RefuseToForget+1","stsjorbsmod:WanderingMind","stsjorbsmod:Aid+1","stsjorbsmod:Prestidigitation+1","stsjorbsmod:Entangle","stsjorbsmod:FaerieFire","stsjorbsmod:ChainLightning","stsjorbsmod:FracturedMind","stsjorbsmod:Withering","stsjorbsmod:MageArmor","stsjorbsmod:DeathThroes","Amnesia"],"relics":["stsjorbsmod:GrimoireRelic","Counterbalance","Quantum Egg","Vajra","Replay:Baseball","hubris:DeckOfHolding","Replay:Grab Bag","Cursed Key","Velvet Choker","Black Star","Snecko Eye","Spirit Poop","White Beast Statue","Simple Rune"],"acts_visited":["Exordium","Exordium"],"potions_floor_usage":[11,24,27],"damage_taken":[{"damage":4,"enemies":"Small Slimes","floor":1,"turns":4},{"damage":0,"enemies":"2 Louse","floor":3,"turns":3},{"damage":0,"enemies":"conspire:RoseBush","floor":4,"turns":4},{"damage":34,"enemies":"3 Sentries","floor":7,"turns":7},{"damage":0,"enemies":"2 Fungi Beasts","floor":8,"turns":3},{"damage":14,"enemies":"Replay:BlueRogue","floor":11,"turns":4},{"damage":17,"enemies":"Lagavulin","floor":14,"turns":7},{"damage":30,"enemies":"Slime Boss","floor":16,"turns":7},{"damage":2,"enemies":"theJungle:5_Spyders","floor":18,"turns":6},{"damage":6,"enemies":"Shell Parasite","floor":21,"turns":6},{"damage":32,"enemies":"theJungle:MamaSnecko","floor":24,"turns":7},{"damage":24,"enemies":"theJungle:2_Snecko_Cultists","floor":25,"turns":5},{"damage":6,"enemies":"Snake Plant","floor":27,"turns":3}],"seed_played":"-2318744989348091819","potions_obtained":[{"floor":3,"key":"Elixir"},{"floor":4,"key":"Dexterity Potion"},{"floor":7,"key":"stsjorbsmod:BurningPotion"},{"floor":11,"key":"Venom Potion"},{"floor":16,"key":"Regen Potion"},{"floor":25,"key":"DistilledChaos"}],"is_trial":false,"path_per_floor":["M","$","M","M","?","R","E","M","T","R","E","R","?","E","R","B",null,"M","?","?","M","?","R","E","M","T","M"],"character_chosen":"WANDERER","items_purchased":["Counterbalance","stsjorbsmod:RayOfFrost"],"campfire_rested":1,"item_purchase_floors":[2,2],"current_hp_per_floor":[56,56,58,60,60,60,26,27,27,46,33,33,33,16,35,5,49,52,52,52,48,48,48,28,5,5,0,0],"gold":498,"neow_bonus":"TWO_FIFTY_GOLD","is_daily":false,"chose_seed":false,"campfire_upgraded":3,"win_rate":0.0,"timestamp":1612450509,"path_taken":["M","$","M","M","?","R","E","M","T","R","E","R","?","E","R","BOSS","M","?","?","?","?","R","E","M","T","?"],"items_purchased_type":["Relic","Card"],"build_version":"2020-12-22","purchased_purges":0,"victory":false,"max_hp_per_floor":[64,64,64,64,64,64,64,64,64,64,64,64,64,64,64,64,64,66,66,66,66,66,66,66,66,66,66,66],"card_choices":[{"not_picked":["stsjorbsmod:Prepare","stsjorbsmod:OldPocket"],"picked":"stsjorbsmod:BurningFlask","floor":1},{"not_picked":["stsjorbsmod:LoseGrip","stsjorbsmod:BurningFlask"],"picked":"stsjorbsmod:Materialize","floor":3},{"not_picked":["stsjorbsmod:Index","stsjorbsmod:ThirstingSword"],"picked":"stsjorbsmod:MagicMissiles","floor":4},{"not_picked":["stsjorbsmod:Will","stsjorbsmod:Feast"],"picked":"stsjorbsmod:RefuseToForget","floor":7},{"not_picked":["stsjorbsmod:Message","stsjorbsmod:ScorchingRay"],"picked":"stsjorbsmod:WanderingMind","floor":8},{"not_picked":["stsjorbsmod:Patron","stsjorbsmod:ChatteringStrike"],"picked":"stsjorbsmod:Aid","floor":11},{"not_picked":["stsjorbsmod:RayOfFrost","stsjorbsmod:Hibernate","stsjorbsmod:Trauma"],"picked":"SKIP","floor":14},{"not_picked":["stsjorbsmod:Rediscovery","stsjorbsmod:MirrorImage"],"picked":"stsjorbsmod:Entangle","floor":16},{"not_picked":["stsjorbsmod:WeightOfMemory","stsjorbsmod:Channel"],"picked":"stsjorbsmod:FaerieFire","floor":18},{"not_picked":["stsjorbsmod:BlackTentacles","stsjorbsmod:SiphonEnergy"],"picked":"stsjorbsmod:ChainLightning","floor":19},{"not_picked":["stsjorbsmod:DisguiseSelf","stsjorbsmod:UnseenServant"],"picked":"stsjorbsmod:FracturedMind","floor":19},{"not_picked":["stsjorbsmod:RayOfFrost","stsjorbsmod:Hurt","stsjorbsmod:ParryingBlow"],"picked":"SKIP","floor":21},{"not_picked":["stsjorbsmod:FranticSearch","stsjorbsmod:Introspection"],"picked":"stsjorbsmod:MageArmor","floor":24},{"not_picked":["stsjorbsmod:WanderingMind","stsjorbsmod:BurningFlask"],"picked":"stsjorbsmod:DeathThroes","floor":25}],"player_experience":783740,"relics_obtained":[{"floor":7,"key":"Quantum Egg"},{"floor":9,"key":"Vajra"},{"floor":11,"key":"Replay:Baseball"},{"floor":14,"key":"hubris:DeckOfHolding"},{"floor":24,"key":"White Beast Statue"},{"floor":24,"key":"Simple Rune"}],"event_choices":[{"damage_healed":0,"gold_gain":0,"player_choice":"1 cards matched","damage_taken":0,"max_hp_gain":0,"max_hp_loss":0,"event_name":"Match and Keep!","floor":20,"gold_loss":0,"cards_obtained":["stsjorbsmod:Withering"]},{"cards_removed":["hubris:Despair"],"damage_healed":0,"gold_gain":0,"player_choice":"Offered Curse","damage_taken":0,"relics_obtained":["Spirit Poop"],"max_hp_gain":0,"max_hp_loss":0,"event_name":"Bonfire Elementals","floor":22,"gold_loss":0}],"is_beta":false,"boss_relics":[{"not_picked":["SacredBark","ChewingGum"],"picked":"Replay:Grab Bag"},{"not_picked":["Runic Dome","hubris:CrackedHourglass"],"picked":"Cursed Key"},{"not_picked":["hubris:GrandSneckoEye","Coffee Dripper"],"picked":"Velvet Choker"},{"not_picked":["Pandora\u0027s Box","Replay:Drink Me"],"picked":"Black Star"},{"not_picked":["hubris:BlackHole","Ring of Chaos"],"picked":"Snecko Eye"}],"items_purged_floors":[],"is_endless":false,"potions_floor_spawned":[3,4,7,11,16,18,25],"killed_by":"Snake Plant","ascension_level":20}}