{"host":"4rvakrj1idbgia3f","time":1612457661,"event":{"mods":["BaseMod","Colored Map","Colored Powertips","DeckTracker","Highlight Path","Minty Spire (QoL Compilation)","Random Character Button","StSLib"],"gold_per_floor":[118,137,137,162,162,162,196,209,209,209,209,209,209,248,248,344,344,362,67,82,100,100,100,100,100,126,226,244,244,269,283,283,355,355,371,371,396,408,408,408,437,437,460,473,484,509,509,290,290,290,290,290,290,18,54,54],"floor_reached":57,"language":"JPN","playtime":2233,"items_purged":["Strike_R","Seeing Red+1"],"score":2722,"play_id":"2b995631-e413-4478-aeec-865bac237a08","local_time":"20210205015421","is_ascension_mode":true,"campfire_choices":[{"data":"Perfected Strike","floor":6,"key":"SMITH"},{"floor":11,"key":"REST"},{"data":"Clothesline","floor":13,"key":"SMITH"},{"data":"Immolate","floor":15,"key":"SMITH"},{"data":"Immolate","floor":23,"key":"SMITH"},{"data":"Pommel Strike","floor":25,"key":"SMITH"},{"data":"Perfected Strike","floor":32,"key":"SMITH"},{"floor":40,"key":"RECALL"},{"floor":42,"key":"REST"},{"floor":49,"key":"REST"},{"floor":53,"key":"REST"}],"circlet_count":0,"master_deck":["AscendersBane","Strike_R+1","Strike_R+1","Strike_R+1","Strike_R+1","Defend_R+1","Defend_R+1","Defend_R+1","Defend_R+1","Bash+1","Clothesline+1","Perfected Strike+1","Immolate+1","Immolate+1","Pommel Strike+1","Pommel Strike+1","Shrug It Off+1","Dual Wield+1","Shockwave+1","Perfected Strike+1","Flame Barrier+1","Shrug It Off+1","Perfected Strike+1","Dual Wield+1","Entrench+1","Power Through+1"],"relics":["Burning Blood","Bloody Idol","Orichalcum","Regal Pillow","Toxic Egg 2","Snecko Eye","Potion Belt","Whetstone","Incense Burner","StrikeDummy","The Courier","Pear","SlaversCollar","Magic Flower","Bottled Lightning","CeramicFish","Torii","Bronze Scales"],"acts_visited":["Exordium","TheCity","TheBeyond","TheEnding"],"potions_floor_usage":[7,27,30,56,56],"damage_taken":[{"damage":6,"enemies":"Small Slimes","floor":1,"turns":5},{"damage":4,"enemies":"Jaw Worm","floor":2,"turns":4},{"damage":2,"enemies":"2 Louse","floor":4,"turns":3},{"damage":30,"enemies":"Lagavulin","floor":7,"turns":5},{"damage":19,"enemies":"Lots of Slimes","floor":8,"turns":6},{"damage":2,"enemies":"Gremlin Nob","floor":14,"turns":3},{"damage":39,"enemies":"The Guardian","floor":16,"turns":7},{"damage":8,"enemies":"3 Byrds","floor":18,"turns":4},{"damage":16,"enemies":"2 Thieves","floor":20,"turns":2},{"damage":0,"enemies":"Snecko","floor":21,"turns":2},{"damage":0,"enemies":"Colosseum Slavers","floor":27,"turns":1},{"damage":1,"enemies":"Colosseum Nobs","floor":27,"turns":3},{"damage":0,"enemies":"Centurion and Healer","floor":28,"turns":3},{"damage":15,"enemies":"Book of Stabbing","floor":30,"turns":3},{"damage":2,"enemies":"Snake Plant","floor":31,"turns":2},{"damage":7,"enemies":"Collector","floor":33,"turns":4},{"damage":2,"enemies":"3 Darklings","floor":35,"turns":3},{"damage":22,"enemies":"Mind Bloom Boss Battle","floor":37,"turns":5},{"damage":12,"enemies":"Orb Walker","floor":38,"turns":4},{"damage":0,"enemies":"Nemesis","floor":41,"turns":3},{"damage":4,"enemies":"Transient","floor":44,"turns":6},{"damage":0,"enemies":"Writhing Mass","floor":45,"turns":1},{"damage":0,"enemies":"Reptomancer","floor":46,"turns":3},{"damage":49,"enemies":"Awakened One","floor":50,"turns":7},{"damage":28,"enemies":"Donu and Deca","floor":51,"turns":6},{"damage":55,"enemies":"Shield and Spear","floor":55,"turns":7},{"damage":30,"enemies":"The Heart","floor":56,"turns":5}],"seed_played":"-8695263678734642037","potions_obtained":[{"floor":4,"key":"LiquidMemories"},{"floor":7,"key":"Dexterity Potion"},{"floor":8,"key":"FearPotion"},{"floor":14,"key":"Block Potion"},{"floor":27,"key":"SteroidPotion"},{"floor":31,"key":"LiquidBronze"},{"floor":38,"key":"ElixirPotion"},{"floor":41,"key":"PowerPotion"},{"floor":55,"key":"Swift Potion"}],"is_trial":false,"path_per_floor":["M","M","?","M","?","R","E","M","T","?","R","?","R","E","R","B",null,"M","$","M","M","?","R","?","R","T","?","M","T","E","M","R","B",null,"M","?","?","M","?","R","E","R","T","M","M","E","?","$","R","B","B",null,"R","$","E","B",null],"character_chosen":"IRONCLAD","items_purchased":["Potion Belt","Pommel Strike","FairyPotion","Entrench+1","Torii"],"campfire_rested":4,"item_purchase_floors":[19,19,48,48,54],"current_hp_per_floor":[68,70,68,68,48,48,24,11,11,6,41,41,41,45,45,12,54,52,52,42,48,48,48,48,48,53,68,68,68,74,78,78,78,78,78,78,67,69,69,69,78,78,78,78,78,78,74,74,74,34,15,59,74,74,38,17],"gold":54,"neow_bonus":"UPGRADE_CARD","is_daily":false,"chose_seed":false,"campfire_upgraded":6,"win_rate":0.0,"timestamp":1612457661,"path_taken":["M","M","?","M","?","R","E","M","T","?","R","?","R","E","R","BOSS","M","$","M","?","?","R","?","R","T","?","M","?","E","M","R","BOSS","M","?","?","M","?","R","E","R","T","M","M","E","?","$","R","BOSS","BOSS","R","$","E","BOSS"],"items_purchased_type":["Relic","Card","Potion","Card","Relic"],"build_version":"2020-12-22","purchased_purges":2,"victory":true,"max_hp_per_floor":[75,75,68,68,68,68,68,68,68,68,68,68,68,68,68,68,68,68,68,68,68,68,68,68,68,68,68,68,68,78,78,78,78,78,78,78,78,78,78,78,78,78,78,78,78,78,74,74,74,74,74,74,74,74,74,74],"card_choices":[{"not_picked":["Headbutt","Intimidate"],"picked":"Clothesline","floor":1},{"not_picked":["Shockwave","Ghostly Armor"],"picked":"Perfected Strike","floor":2},{"not_picked":["Body Slam","Warcry","Entrench"],"picked":"SKIP","floor":4},{"not_picked":["Uppercut","Headbutt","Second Wind"],"picked":"SKIP","floor":7},{"not_picked":["Clothesline","Combust"],"picked":"Seeing Red","floor":8},{"not_picked":["Anger","Twin Strike"],"picked":"Immolate","floor":14},{"not_picked":["Double Tap+1","Fiend Fire"],"picked":"Immolate","floor":16},{"not_picked":["Havoc+1","Iron Wave"],"picked":"Pommel Strike","floor":18},{"not_picked":["Heavy Blade","Intimidate+1"],"picked":"Shrug It Off+1","floor":20},{"not_picked":["Twin Strike","Anger"],"picked":"Dual Wield+1","floor":21},{"not_picked":["Thunderclap","Cleave"],"picked":"Shockwave+1","floor":27},{"not_picked":["Offering+1","Pommel Strike"],"picked":"Perfected Strike","floor":28},{"not_picked":["True Grit+1","Feed"],"picked":"Flame Barrier+1","floor":30},{"not_picked":["Armaments+1","Shockwave+1","Sever Soul"],"picked":"SKIP","floor":31},{"not_picked":["Shockwave+1","Thunderclap","Heavy Blade"],"picked":"SKIP","floor":35},{"not_picked":["Wild Strike","Sever Soul"],"picked":"Shrug It Off+1","floor":38},{"not_picked":["Shrug It Off+1","Blood for Blood","Juggernaut"],"picked":"SKIP","floor":41},{"not_picked":["Combust","Heavy Blade"],"picked":"Perfected Strike+1","floor":44},{"not_picked":["Dual Wield+1","Armaments+1","Iron Wave"],"picked":"SKIP","floor":45},{"not_picked":["Armaments+1","Iron Wave"],"picked":"Dual Wield+1","floor":45},{"not_picked":["True Grit+1","Pommel Strike+1","Warcry+1"],"picked":"SKIP","floor":46},{"not_picked":["Shockwave+1","Feed"],"picked":"Power Through+1","floor":55}],"player_experience":2213471,"relics_obtained":[{"floor":7,"key":"Orichalcum"},{"floor":9,"key":"Regal Pillow"},{"floor":14,"key":"Toxic Egg 2"},{"floor":26,"key":"Whetstone"},{"floor":27,"key":"Incense Burner"},{"floor":27,"key":"StrikeDummy"},{"floor":29,"key":"The Courier"},{"floor":30,"key":"Pear"},{"floor":37,"key":"Magic Flower"},{"floor":41,"key":"Bottled Lightning"},{"floor":46,"key":"CeramicFish"},{"floor":55,"key":"Bronze Scales"}],"event_choices":[{"damage_healed":0,"gold_gain":0,"player_choice":"Lose Max HP","damage_taken":0,"relics_obtained":["Golden Idol"],"max_hp_gain":0,"max_hp_loss":7,"event_name":"Golden Idol","floor":3,"gold_loss":0},{"damage_healed":0,"gold_gain":0,"player_choice":"Entered Light","damage_taken":20,"max_hp_gain":0,"max_hp_loss":0,"event_name":"Shining Light","floor":5,"gold_loss":0,"cards_upgraded":["Defend_R","Strike_R"]},{"damage_healed":0,"gold_gain":0,"player_choice":"Fled","damage_taken":5,"max_hp_gain":0,"max_hp_loss":0,"event_name":"Scrap Ooze","floor":10,"gold_loss":0},{"damage_healed":0,"gold_gain":0,"player_choice":"Upgraded","damage_taken":0,"max_hp_gain":0,"max_hp_loss":0,"event_name":"Upgrade Shrine","floor":12,"gold_loss":0,"cards_upgraded":["Seeing Red"]},{"damage_healed":0,"gold_gain":0,"player_choice":"Simplicity","damage_taken":0,"max_hp_gain":0,"max_hp_loss":0,"event_name":"Back to Basics","floor":22,"gold_loss":0,"cards_upgraded":["Strike_R","Strike_R","Strike_R","Defend_R","Defend_R","Defend_R"]},{"damage_healed":0,"gold_gain":0,"player_choice":"Gave Idol","damage_taken":0,"relics_obtained":["Bloody Idol"],"max_hp_gain":0,"max_hp_loss":0,"event_name":"Forgotten Altar","floor":24,"relics_lost":["Golden Idol"],"gold_loss":0},{"damage_healed":0,"gold_gain":0,"player_choice":"Fight","damage_taken":0,"max_hp_gain":0,"max_hp_loss":0,"event_name":"Colosseum","floor":27,"gold_loss":0},{"damage_healed":0,"gold_gain":0,"player_choice":"Fought Nobs","damage_taken":0,"max_hp_gain":0,"max_hp_loss":0,"event_name":"Colosseum","floor":27,"gold_loss":0},{"damage_healed":0,"gold_gain":0,"player_choice":"Ignored","damage_taken":0,"max_hp_gain":0,"max_hp_loss":0,"event_name":"Tomb of Lord Red Mask","floor":36,"gold_loss":0},{"damage_healed":0,"gold_gain":0,"player_choice":"Fight","damage_taken":0,"max_hp_gain":0,"max_hp_loss":0,"event_name":"MindBloom","floor":37,"gold_loss":0},{"damage_healed":0,"gold_gain":0,"player_choice":"Memory 1","damage_taken":0,"max_hp_gain":0,"max_hp_loss":0,"event_name":"SensoryStone","floor":39,"gold_loss":0},{"damage_healed":0,"gold_gain":0,"player_choice":"Max HP","damage_taken":0,"max_hp_gain":0,"max_hp_loss":4,"event_name":"Winding Halls","floor":47,"gold_loss":0}],"is_beta":false,"boss_relics":[{"not_picked":["Black Star","Runic Pyramid"],"picked":"Snecko Eye"},{"not_picked":["Philosopher\u0027s Stone","Coffee Dripper"],"picked":"SlaversCollar"}],"items_purged_floors":[19,48],"is_endless":false,"potions_floor_spawned":[4,7,8,14,18,27,27,31,38,41,46,55],"ascension_level":20}}