{"host":"cvxanxept80h7z3t","time":1612472813,"event":{"mods":["Aspiration","BaseMod","Beaked The Cultist","BetterRewards","Colored Map","Colored Powertips","Conspire","Downfall","Duelist Mod","Hermit","Hubris","Infinite Spire","Mad Scientist","Marisa????????","Mimic Mod","Minty Spire (QoL Compilation)","READ ME - Snecko Mod","Replay The Spire","SOS???????","StSLib","Td1madao Mod","The Administrix","The Animator","The Bug Knight","The Construct","The Cursed","The Disciple","The Jungle","The Mystic","The Necromancer","The Runesmith","The Servant 0.9.4","The Valiant","The Witch"],"gold_per_floor":[99,117,66,95,107,137,160,160,160,160,160,191,205,218,234,332,332,332,342,342,342,342],"floor_reached":20,"language":"ENG","playtime":1458,"items_purged":[],"score":217,"play_id":"23e096fc-d935-46e8-9d1e-78919bbf6070","local_time":"20210204220653","is_ascension_mode":true,"campfire_choices":[{"floor":1,"key":"DIG"},{"data":"Slimebound:Split","floor":11,"key":"SMITH"}],"circlet_count":0,"master_deck":["Slimebound:Strike_Slimebound","Slimebound:Strike_Slimebound","Slimebound:Strike_Slimebound","Slimebound:Tackle","Slimebound:Defend_Slimebound","Slimebound:Defend_Slimebound","Slimebound:Defend_Slimebound","Slimebound:Defend_Slimebound","Slimebound:Split+1","Slimebound:CorrosiveSpit","Slimebound:SelfFormingGoo","Pot Of Greed","Slimebound:SplitLeeching","Pot Of Greed","Slimebound:ForwardTackle","Slimebound:LeechingTouch+1","Slimebound:LeechEnergy","Slimebound:FirmFortitude","Regret","Slimebound:MinionMaster+1","Slimebound:Equalize","Slimebound:MassFeed"],"relics":["Slimebound:AbsorbEndCombat","Grinning Jar","Bottled Tornado","ReplayTheSpireMod:Shallot","Question Card","construct:FoamFinger","hubris:HollowSoul"],"acts_visited":["Exordium","TheCity"],"potions_floor_usage":[16,16],"damage_taken":[{"damage":5,"enemies":"conspire:RoseBush","floor":2,"turns":4},{"damage":0,"enemies":"downfall:FleeingMerchant","floor":3,"turns":4},{"damage":7,"enemies":"conspire:MimicChest","floor":4,"turns":5},{"damage":1,"enemies":"2 Louse","floor":5,"turns":3},{"damage":0,"enemies":"HollowMod:MossKnight","floor":6,"turns":8},{"damage":17,"enemies":"3 Sentries","floor":12,"turns":8},{"damage":7,"enemies":"Jaw Worm","floor":13,"turns":4},{"damage":19,"enemies":"Blue Slaver","floor":14,"turns":4},{"damage":12,"enemies":"Lots of Slimes","floor":15,"turns":4},{"damage":23,"enemies":"SI_SHIV_ARCHETYPE","floor":16,"turns":7},{"damage":42,"enemies":"Spheric Guardian","floor":19,"turns":8},{"damage":0,"enemies":"Chosen","floor":20,"turns":1}],"seed_played":"729192384420709379","potions_obtained":[{"floor":4,"key":"Elixir"},{"floor":6,"key":"Regen Potion"},{"floor":10,"key":"Guardian:BlockOnCardUsePotion"},{"floor":10,"key":"LiquidBronze"},{"floor":12,"key":"champ:CounterPotion"},{"floor":16,"key":"Strength Potion"}],"is_trial":false,"path_per_floor":["R_BF","M","$","?","M","E","T","?","T","?","R","E","M","M","M","B",null,"R_BF","M","M"],"character_chosen":"SLIMEBOUND","items_purchased":["Slimebound:LeechingTouch+1"],"campfire_rested":0,"item_purchase_floors":[3],"current_hp_per_floor":[47,44,48,45,44,52,52,52,52,52,52,39,38,21,11,19,65,65,37,37,37,37],"gold":342,"neow_bonus":"THREE_RARE_CARDS","is_daily":false,"chose_seed":false,"campfire_upgraded":1,"win_rate":0.0,"timestamp":1612472813,"path_taken":["R_BF","M","$","?","M","E","T","?","?","?","R","E","M","?","M","BOSS","R_BF","M","M"],"items_purchased_type":["Card"],"build_version":"2020-12-22","purchased_purges":0,"victory":false,"max_hp_per_floor":[65,65,65,65,65,65,65,65,65,65,65,65,65,65,65,65,65,65,65,65,65,65],"card_choices":[{"not_picked":["Slimebound:DuplicatedForm","Slimebound:MassRepurpose"],"picked":"Slimebound:SelfFormingGoo","floor":0},{"not_picked":["Slimebound:GoopSpray","Slimebound:RainOfGoop"],"picked":"Slimebound:SplitLeeching","floor":2},{"not_picked":["Slimebound:TongueLash","Slimebound:RejuvenatingLick"],"picked":"Slimebound:ForwardTackle","floor":3},{"not_picked":["Slimebound:ComboTackle","Slimebound:RollThrough"],"picked":"Slimebound:LeechEnergy","floor":4},{"not_picked":["Slimebound:SplitBruiser","Slimebound:LivingWall","Slimebound:LeechEnergy"],"picked":"SKIP","floor":5},{"not_picked":["Slimebound:HauntingLick","Slimebound:SlimeBarrage"],"picked":"Slimebound:FirmFortitude","floor":6},{"not_picked":["Slimebound:SplitBruiser","Slimebound:SplitMire","Slimebound:OozeBath"],"picked":"Slimebound:MinionMaster","floor":12},{"not_picked":["Slimebound:GoopTackle","Slimebound:HauntingLick","Slimebound:SplitLeeching","Slimebound:Replication"],"picked":"SKIP","floor":13},{"not_picked":["Slimebound:SplitAcid","Slimebound:Schlurp","Slimebound:RollThrough","Slimebound:LivingWall"],"picked":"SKIP","floor":14},{"not_picked":["Slimebound:DouseInSlime","Slimebound:LeechEnergy","Slimebound:GoopSpray"],"picked":"Slimebound:Equalize","floor":15},{"not_picked":["Slimebound:SlimeSlap","Slimebound:DuplicatedForm","Slimebound:SelfFormingGoo"],"picked":"Slimebound:MassFeed","floor":16},{"not_picked":["Slimebound:LivingWall","Slimebound:SplitAcid","Slimebound:LeechEnergy","Slimebound:FinishingTackle"],"picked":"SKIP","floor":19}],"player_experience":305459,"relics_obtained":[{"floor":1,"key":"Grinning Jar"},{"floor":4,"key":"Bottled Tornado"},{"floor":9,"key":"Question Card"},{"floor":12,"key":"construct:FoamFinger"}],"event_choices":[{"damage_healed":0,"gold_gain":0,"player_choice":"Box","damage_taken":0,"relics_obtained":["ReplayTheSpireMod:Shallot"],"max_hp_gain":0,"max_hp_loss":0,"event_name":"Big Fish","floor":8,"gold_loss":0,"cards_obtained":["Regret"]},{"damage_healed":0,"gold_gain":0,"player_choice":"Got Potions","damage_taken":0,"max_hp_gain":0,"max_hp_loss":0,"event_name":"Lab","floor":10,"gold_loss":0}],"is_beta":false,"boss_relics":[{"not_picked":["Runic Dome","infinitespire:Cupcake"],"picked":"hubris:HollowSoul"}],"items_purged_floors":[],"is_endless":false,"potions_floor_spawned":[4,6,12,13,14,16],"killed_by":"Chosen","ascension_level":1}}