{"host":"gfxjwtol062e9znw","time":1612438660,"event":{"mods":["BaseMod","Colored Map","Minty Spire (QoL Compilation)","Rare Cards Sparkle"],"gold_per_floor":[115,134,134,146,159,159,188,188,212,241,241,272,289,302,302,407,407,417,434,359,377,387,387,397,397,397,413,448,448,363,195,195,302,302,321,246,265,280,280,280,322,322,348,348,371,398,398,417,417,417,417,417,113,138,138],"floor_reached":56,"language":"ENG","playtime":4590,"items_purged":["Defend_R"],"score":1317,"play_id":"34383ee6-df11-4922-994d-6e39e0aa43ae","local_time":"20210204223740","is_ascension_mode":true,"campfire_choices":[{"data":"True Grit","floor":6.0,"key":"SMITH"},{"floor":8.0,"key":"REST"},{"data":"Demon Form","floor":11.0,"key":"SMITH"},{"floor":15,"key":"RECALL"},{"data":"Limit Break","floor":23,"key":"SMITH"},{"floor":25,"key":"REST"},{"data":"Heavy Blade","floor":32,"key":"SMITH"},{"data":"Sword Boomerang","floor":40,"key":"SMITH"},{"floor":42,"key":"REST"},{"data":"Flame Barrier","floor":44,"key":"SMITH"},{"data":"Burning Pact","floor":49,"key":"SMITH"},{"data":"Clothesline","floor":52,"key":"SMITH"}],"circlet_count":0,"master_deck":["Strike_R","Strike_R","Strike_R","Defend_R","Defend_R","Bash","Cleave","Ghostly Armor","Headbutt","True Grit+1","Clothesline+1","Sword Boomerang+1","Demon Form+1","Shrug It Off","Twin Strike","Limit Break+1","Burning Pact+1","Flame Barrier+1","Heavy Blade+1","Power Through+1","Perfected Strike+1","Blood for Blood+1","Uppercut+1","Bludgeon+1","Carnage+1","Entrench+1","Barricade","Wild Strike+1"],"relics":["Burning Blood","Vajra","Bag of Marbles","Regal Pillow","Anchor","Pantograph","Snecko Eye","Molten Egg 2","CeramicFish","Pen Nib","Sozu","Ancient Tea Set","Shuriken","FossilizedHelix","Eternal Feather"],"acts_visited":["Exordium","TheCity","TheBeyond","TheEnding"],"potions_floor_usage":[28,54,55,55],"damage_taken":[{"damage":0.0,"enemies":"2 Louse","floor":1.0,"turns":3.0},{"damage":1.0,"enemies":"Cultist","floor":2.0,"turns":3.0},{"damage":6.0,"enemies":"Jaw Worm","floor":4.0,"turns":3.0},{"damage":5.0,"enemies":"Looter","floor":5.0,"turns":3.0},{"damage":25.0,"enemies":"Lagavulin","floor":7.0,"turns":6.0},{"damage":18.0,"enemies":"3 Sentries","floor":10.0,"turns":8.0},{"damage":6.0,"enemies":"Gremlin Nob","floor":12.0,"turns":3.0},{"damage":17.0,"enemies":"Exordium Thugs","floor":13.0,"turns":4.0},{"damage":4,"enemies":"2 Fungi Beasts","floor":14,"turns":3},{"damage":50,"enemies":"Hexaghost","floor":16,"turns":8},{"damage":5,"enemies":"3 Byrds","floor":18,"turns":4},{"damage":0,"enemies":"Chosen","floor":19,"turns":4},{"damage":15,"enemies":"Snecko","floor":21,"turns":4},{"damage":16,"enemies":"Centurion and Healer","floor":22,"turns":7},{"damage":27,"enemies":"Cultist and Chosen","floor":24,"turns":5},{"damage":0,"enemies":"Shelled Parasite and Fungi","floor":27,"turns":2},{"damage":24,"enemies":"Slavers","floor":28,"turns":4},{"damage":23,"enemies":"Collector","floor":33,"turns":6},{"damage":0,"enemies":"Orb Walker","floor":35,"turns":2},{"damage":0,"enemies":"3 Shapes","floor":37,"turns":3},{"damage":10,"enemies":"Sphere and 2 Shapes","floor":38,"turns":3},{"damage":33,"enemies":"Nemesis","floor":41,"turns":3},{"damage":0,"enemies":"3 Darklings","floor":45,"turns":3},{"damage":0,"enemies":"Jaw Worm Horde","floor":46,"turns":3},{"damage":3,"enemies":"Maw","floor":48,"turns":6},{"damage":55,"enemies":"Awakened One","floor":50,"turns":8},{"damage":11,"enemies":"Shield and Spear","floor":54,"turns":5},{"damage":72,"enemies":"The Heart","floor":55,"turns":7}],"seed_played":"6499177350466635375","potions_obtained":[{"floor":2.0,"key":"LiquidMemories"},{"floor":4.0,"key":"BlessingOfTheForge"},{"floor":12.0,"key":"BloodPotion"},{"floor":16,"key":"Regen Potion"},{"floor":28,"key":"Energy Potion"}],"is_trial":false,"path_per_floor":["M","M","?","M","M","R","E","R","T","E","R","E","M","M","R","B",null,"M","M","?","M","M","R","M","R","T","M","E","?","?","$","R","B",null,"M","$","M","M","?","R","E","R","T","R","M","M","T","M","R","B",null,"R","$","E","B",null],"character_chosen":"IRONCLAD","items_purchased":["Uppercut+1","CultistPotion","FossilizedHelix"],"campfire_rested":3,"item_purchase_floors":[31,31,53],"current_hp_per_floor":[80,80,80,80,80,80,61,80,80,68,68,68,57,59,59,36,80,80,80,80,71,61,61,40,79,79,80,62,62,62,62,62,63,80,80,80,80,76,76,76,49,80,80,80,80,80,80,80,80,31,80,80,80,75,30],"gold":138,"neow_bonus":"RANDOM_COMMON_RELIC","is_daily":false,"chose_seed":false,"campfire_upgraded":8,"win_rate":0.0,"timestamp":1612438660,"path_taken":["M","M","?","M","M","R","E","R","T","E","R","E","M","?","R","BOSS","M","M","?","M","M","R","M","R","T","M","E","?","?","$","R","BOSS","M","$","M","M","?","R","E","R","T","R","?","M","?","M","R","BOSS","R","$","E","BOSS"],"items_purchased_type":["Card","Potion","Relic"],"build_version":"2020-12-22","purchased_purges":1,"victory":true,"max_hp_per_floor":[80,80,80,80,80,80,80,80,80,80,80,80,80,80,80,80,80,80,80,80,80,80,80,80,80,80,80,80,80,80,80,80,80,80,80,80,80,80,80,80,80,80,80,80,80,80,80,80,80,80,80,80,80,80,80],"card_choices":[{"not_picked":["Havoc","Pommel Strike"],"picked":"Cleave","floor":1.0},{"not_picked":["Wild Strike","Heavy Blade"],"picked":"Ghostly Armor","floor":2.0},{"not_picked":["Wild Strike","Thunderclap"],"picked":"True Grit","floor":4.0},{"not_picked":["Twin Strike","Warcry"],"picked":"Clothesline","floor":5.0},{"not_picked":["Armaments","Clothesline"],"picked":"Sword Boomerang","floor":7.0},{"not_picked":["Dark Embrace","Cleave"],"picked":"Demon Form","floor":10.0},{"not_picked":["Pommel Strike","Iron Wave"],"picked":"Shrug It Off","floor":12.0},{"not_picked":["Anger","Carnage"],"picked":"Twin Strike","floor":13.0},{"not_picked":["Combust","Carnage","Iron Wave"],"picked":"SKIP","floor":14},{"not_picked":["Reaper","Immolate"],"picked":"Limit Break","floor":16},{"not_picked":["Perfected Strike+1","Infernal Blade+1"],"picked":"Burning Pact","floor":18},{"not_picked":["Flex","Headbutt"],"picked":"Flame Barrier","floor":19},{"not_picked":["Metallicize","Uppercut"],"picked":"Heavy Blade","floor":21},{"not_picked":["Havoc","Headbutt"],"picked":"Power Through+1","floor":22},{"not_picked":["Thunderclap+1","Evolve","True Grit"],"picked":"SKIP","floor":24},{"not_picked":["Havoc","True Grit"],"picked":"Perfected Strike+1","floor":27},{"not_picked":["Ghostly Armor","Sword Boomerang+1"],"picked":"Blood for Blood+1","floor":28},{"not_picked":["Immolate+1","Impervious"],"picked":"Bludgeon+1","floor":33},{"not_picked":["Cleave+1","Combust+1","Clothesline+1"],"picked":"SKIP","floor":35},{"not_picked":["Heavy Blade+1","Uppercut+1"],"picked":"Carnage+1","floor":37},{"not_picked":["Rupture+1","Armaments+1","Twin Strike+1"],"picked":"SKIP","floor":38},{"not_picked":["Uppercut+1","Seeing Red+1"],"picked":"Entrench+1","floor":41},{"not_picked":["Spot Weakness","Second Wind"],"picked":"Barricade","floor":45},{"not_picked":["Body Slam+1","Perfected Strike+1"],"picked":"Wild Strike+1","floor":46},{"not_picked":["Wild Strike+1","Entrench","Armaments"],"picked":"SKIP","floor":48},{"not_picked":["Barricade","Anger+1","Headbutt+1"],"picked":"SKIP","floor":54}],"player_experience":80209,"relics_obtained":[{"floor":7.0,"key":"Bag of Marbles"},{"floor":9.0,"key":"Regal Pillow"},{"floor":10.0,"key":"Anchor"},{"floor":12.0,"key":"Pantograph"},{"floor":26,"key":"Molten Egg 2"},{"floor":28,"key":"CeramicFish"},{"floor":41,"key":"Ancient Tea Set"},{"floor":47,"key":"Shuriken"},{"floor":54,"key":"Eternal Feather"}],"event_choices":[{"damage_healed":0.0,"max_hp_gain":0.0,"max_hp_loss":0.0,"gold_gain":0.0,"cards_transformed":["Defend_R"],"event_name":"Transmorgrifier","player_choice":"Transformed","floor":3.0,"gold_loss":0.0,"damage_taken":0.0,"cards_obtained":["Headbutt"]},{"cards_removed":["Strike_R"],"damage_healed":0,"gold_gain":0,"player_choice":"Gave Gold","damage_taken":0,"max_hp_gain":0,"max_hp_loss":0,"event_name":"Beggar","floor":20,"gold_loss":75},{"damage_healed":0,"gold_gain":0,"player_choice":"Ignored","damage_taken":0,"max_hp_gain":0,"max_hp_loss":0,"event_name":"Ghosts","floor":29,"gold_loss":0},{"damage_healed":0,"gold_gain":0,"player_choice":"Obtained Relic","damage_taken":0,"relics_obtained":["Pen Nib"],"max_hp_gain":0,"max_hp_loss":0,"event_name":"Addict","floor":30,"gold_loss":85},{"cards_removed":["Strike_R"],"damage_healed":0,"gold_gain":0,"player_choice":"Offered Basic","damage_taken":0,"max_hp_gain":0,"max_hp_loss":0,"event_name":"Bonfire Elementals","floor":39,"gold_loss":0}],"is_beta":false,"boss_relics":[{"not_picked":["SlaversCollar","Busted Crown"],"picked":"Snecko Eye"},{"not_picked":["Velvet Choker","Tiny House"],"picked":"Sozu"}],"items_purged_floors":[36],"is_endless":false,"potions_floor_spawned":[2,4,12,13,14,16,27,28,38,41,45,48],"ascension_level":1}}