{"host":"fj5i6t4nkss7815d","time":1612400639,"event":{"mods":["AchievementEnabler","BaseMod","Minty Spire (QoL Compilation)","Quick Restart","Relic Stats"],"gold_per_floor":[116,266,266,110,127,159,170,170,170],"floor_reached":8,"language":"ENG","playtime":194,"items_purged":["Doubt"],"score":158,"play_id":"f6c9f0fc-055c-4bf4-b614-d22161199dd1","local_time":"20210203170359","is_ascension_mode":true,"campfire_choices":[],"circlet_count":0,"master_deck":["AscendersBane","Strike_B","Strike_B","Strike_B","Strike_B","Defend_B","Defend_B","Defend_B","Defend_B","Zap","Dualcast","Genetic Algorithm+1","Sunder","Gash","Reinforced Body"],"relics":["Cracked Core","NeowsBlessing","Darkstone Periapt"],"acts_visited":["Exordium"],"potions_floor_usage":[8],"damage_taken":[{"damage":0.0,"enemies":"Jaw Worm","floor":1.0,"turns":1.0},{"damage":0.0,"enemies":"2 Louse","floor":5.0,"turns":1.0},{"damage":0.0,"enemies":"3 Sentries","floor":6.0,"turns":1.0},{"damage":7.0,"enemies":"Small Slimes","floor":7.0,"turns":3.0},{"damage":32,"enemies":"Gremlin Nob","floor":8,"turns":4}],"seed_played":"3127303079311005040","potions_obtained":[{"floor":1.0,"key":"ColorlessPotion"}],"is_trial":false,"path_per_floor":["M","?","?","$","M","E","M","E"],"character_chosen":"DEFECT","items_purchased":["Sunder"],"campfire_rested":0,"item_purchase_floors":[4],"current_hp_per_floor":[64,64,64,64,64,64,57,25,25],"gold":170,"neow_bonus":"THREE_ENEMY_KILL","is_daily":false,"chose_seed":false,"campfire_upgraded":0,"win_rate":0.0,"timestamp":1612400639,"path_taken":["M","?","?","$","M","E","M","E"],"items_purchased_type":["Card"],"build_version":"2020-12-22","purchased_purges":1,"victory":false,"max_hp_per_floor":[71,71,71,71,71,71,71,71,71],"relic_stats":{"Darkstone Periapt":0,"counters":[5,10],"obtain_stats":[{"Darkstone Periapt":6,"NeowsBlessing":0,"Cracked Core":0},{"Darkstone Periapt":3,"NeowsBlessing":0,"Cracked Core":0},{"Darkstone Periapt":3,"NeowsBlessing":0,"Cracked Core":0}]},"card_choices":[{"not_picked":["Rip and Tear","Blizzard"],"picked":"Genetic Algorithm","floor":1.0},{"not_picked":["Leap","Skim"],"picked":"Gash","floor":5.0},{"not_picked":["Rebound","Sunder","Skim"],"picked":"SKIP","floor":6.0},{"not_picked":["Chill","Redo"],"picked":"Reinforced Body","floor":7.0}],"player_experience":1014033,"relics_obtained":[{"floor":6.0,"key":"Darkstone Periapt"}],"event_choices":[{"damage_healed":0.0,"max_hp_gain":0.0,"max_hp_loss":0.0,"gold_gain":150.0,"event_name":"Liars Game","player_choice":"AGREE","floor":2.0,"gold_loss":0.0,"damage_taken":0.0,"cards_obtained":["Doubt"]},{"damage_healed":0.0,"max_hp_gain":0.0,"max_hp_loss":0.0,"gold_gain":0.0,"event_name":"Living Wall","player_choice":"Grow","floor":3.0,"gold_loss":0.0,"damage_taken":0.0,"cards_upgraded":["Genetic Algorithm"]}],"is_beta":false,"boss_relics":[],"items_purged_floors":[4],"is_endless":false,"potions_floor_spawned":[1],"killed_by":"Gremlin Nob","ascension_level":19}}