{"host":"nw4g04f085wnqcgt","time":1612414446,"event":{"mods":["AchievementEnabler","BaseMod","Colored Map","Colored Powertips","DeckTracker","Minty Spire (QoL Compilation)","Relic Sorter","SuperFastMode"],"gold_per_floor":[111,111,0,0,75,75,89,105,105,105,130,144,170,170,170,170,170],"floor_reached":16,"language":"ENG","playtime":622,"items_purged":["Strike_G"],"score":123,"play_id":"2d7277af-dd4e-4255-8e98-cc4e3d807659","local_time":"20210203235406","is_ascension_mode":true,"campfire_choices":[{"floor":6,"key":"REST"},{"data":"Noxious Fumes","floor":10,"key":"SMITH"},{"floor":15,"key":"REST"}],"circlet_count":0,"master_deck":["Strike_G","Strike_G+1","Defend_G","Defend_G","Defend_G","Defend_G","Defend_G","Survivor","Neutralize","Outmaneuver","Heel Hook+1","Noxious Fumes+1","Catalyst","Dodge and Roll","Catalyst","Blur"],"relics":["Ring of the Snake","Eternal Feather","Odd Mushroom","Girya"],"acts_visited":["Exordium"],"potions_floor_usage":[11,13,16],"damage_taken":[{"damage":9,"enemies":"Small Slimes","floor":1,"turns":7},{"damage":4,"enemies":"Jaw Worm","floor":7,"turns":6},{"damage":2,"enemies":"2 Louse","floor":8,"turns":3},{"damage":31,"enemies":"The Mushroom Lair","floor":11,"turns":7},{"damage":0,"enemies":"Blue Slaver","floor":12,"turns":5},{"damage":6,"enemies":"Lagavulin","floor":13,"turns":7},{"damage":50,"enemies":"Slime Boss","floor":16,"turns":10}],"seed_played":"7419209732279225798","potions_obtained":[{"floor":7,"key":"Weak Potion"},{"floor":11,"key":"GhostInAJar"},{"floor":13,"key":"SkillPotion"}],"is_trial":false,"path_per_floor":["M","?","$","?","?","R","M","M","T","R","?","M","E","?","R","B"],"character_chosen":"THE_SILENT","items_purchased":["Noxious Fumes"],"campfire_rested":2,"item_purchase_floors":[3],"current_hp_per_floor":[61,61,61,47,36,57,53,51,51,57,26,26,20,20,50,0,0],"gold":170,"neow_bonus":"TRANSFORM_CARD","is_daily":false,"chose_seed":false,"campfire_upgraded":1,"win_rate":0.0,"timestamp":1612414446,"path_taken":["M","?","$","?","?","R","M","M","T","R","?","?","E","?","R","BOSS"],"items_purchased_type":["Card"],"build_version":"2020-12-22","purchased_purges":1,"victory":false,"max_hp_per_floor":[70,70,70,70,70,70,70,70,70,70,70,70,70,70,70,70,70],"card_choices":[{"not_picked":["Slice","Outmaneuver","Blade Dance"],"picked":"SKIP","floor":1},{"not_picked":["Sucker Punch","Accuracy"],"picked":"Catalyst","floor":7},{"not_picked":["Flying Knee","Slice"],"picked":"Dodge and Roll","floor":8},{"not_picked":["Finisher","Deflect"],"picked":"Catalyst","floor":11},{"not_picked":["Finisher","Endless Agony","Outmaneuver"],"picked":"SKIP","floor":12},{"not_picked":["Flechettes","Choke"],"picked":"Blur","floor":13}],"player_experience":404908,"relics_obtained":[{"floor":9,"key":"Eternal Feather"},{"floor":11,"key":"Odd Mushroom"},{"floor":13,"key":"Girya"}],"event_choices":[{"damage_healed":0,"gold_gain":0,"cards_transformed":["Strike_G"],"player_choice":"Change","damage_taken":0,"max_hp_gain":0,"max_hp_loss":0,"event_name":"Living Wall","floor":2,"gold_loss":0,"cards_obtained":["Heel Hook"]},{"damage_healed":0,"gold_gain":0,"player_choice":"Entered Light","damage_taken":14,"max_hp_gain":0,"max_hp_loss":0,"event_name":"Shining Light","floor":4,"gold_loss":0,"cards_upgraded":["Heel Hook","Strike_G"]},{"damage_healed":0,"gold_gain":75,"player_choice":"Gather Gold","damage_taken":11,"max_hp_gain":0,"max_hp_loss":0,"event_name":"World of Goop","floor":5,"gold_loss":0},{"damage_healed":0,"gold_gain":0,"player_choice":"Fought Mushrooms","damage_taken":0,"max_hp_gain":0,"max_hp_loss":0,"event_name":"Mushrooms","floor":11,"gold_loss":0},{"damage_healed":0,"gold_gain":0,"player_choice":"Ignored","damage_taken":0,"max_hp_gain":0,"max_hp_loss":0,"event_name":"Liars Game","floor":14,"gold_loss":0}],"is_beta":false,"boss_relics":[],"items_purged_floors":[3],"is_endless":false,"potions_floor_spawned":[7,11,13],"killed_by":"Slime Boss","ascension_level":5}}