{"host":"820xk69ekh5gtclf","time":1612397584,"event":{"mods":["Ascension Unlocker","BaseMod","Challenge The Spire","Curses Come First","Custom Start","Downfall","Minty Spire (QoL Compilation)","Relic Stats","StSLib"],"gold_per_floor":[109,109,123,138,157,185,185,210,210,210,243,256,276,303,303,303,303,303],"floor_reached":16,"language":"ENG","playtime":855,"items_purged":[],"score":179,"play_id":"163a800f-a70b-4742-9e06-15e2da5682ae","local_time":"20210203191304","is_ascension_mode":true,"campfire_choices":[{"data":"sneckomod:UnknownVulnerable","floor":7.0,"key":"SMITH"},{"data":"sneckomod:SnekBite","floor":10.0,"key":"SMITH"}],"circlet_count":0,"master_deck":["sneckomod:Strike","sneckomod:Strike","sneckomod:Defend","sneckomod:Defend","sneckomod:Defend","sneckomod:TailWhip","sneckomod:SnekBite+1","sneckomod:Unknown","sneckomod:Unknown","sneckomod:CheapStock","sneckomod:QuickBite","sneckomod:UnknownClassGUARDIAN","sneckomod:UnknownClassGUARDIAN","sneckomod:UnknownWeak","sneckomod:DiceBlock","sneckomod:UnknownExhaust","expansioncontent:YouAreMine+1"],"relics":["sneckomod:SneckoSoul","sneckomod:LoadedDie","MealTicket","Blood Vial","Frozen Egg 2"],"acts_visited":["Exordium"],"potions_floor_usage":[],"damage_taken":[{"damage":11.0,"enemies":"Jaw Worm","floor":1.0,"turns":7.0},{"damage":0.0,"enemies":"Cultist","floor":3.0,"turns":3.0},{"damage":0.0,"enemies":"Small Slimes","floor":4.0,"turns":3.0},{"damage":14.0,"enemies":"Exordium Thugs","floor":5.0,"turns":4.0},{"damage":21.0,"enemies":"Lagavulin","floor":6.0,"turns":6.0},{"damage":11.0,"enemies":"Gremlin Nob","floor":8.0,"turns":4.0},{"damage":0.0,"enemies":"Lagavulin","floor":11.0,"turns":4.0},{"damage":6.0,"enemies":"Blue Slaver","floor":12.0,"turns":3.0},{"damage":0.0,"enemies":"Large Slime","floor":13.0,"turns":5.0},{"damage":27,"enemies":"Hexaghost","floor":16,"turns":7}],"seed_played":"-294041786835305507","potions_obtained":[{"floor":1.0,"key":"SpeedPotion"},{"floor":4.0,"key":"SkillPotion"},{"floor":5.0,"key":"BlessingOfTheForge"},{"floor":11.0,"key":"ColorlessPotion"}],"is_trial":false,"path_per_floor":["M","?","M","M","M","E","R","E","T","R","E","M","M","T","R","B"],"character_chosen":"THE_SNECKO","items_purchased":[],"campfire_rested":0,"item_purchase_floors":[],"current_hp_per_floor":[70,70,70,70,56,35,35,24,24,24,26,22,24,24,24,0,0,0],"gold":303,"neow_bonus":"TWENTY_PERCENT_HP_BONUS","is_daily":false,"chose_seed":false,"campfire_upgraded":2,"win_rate":0.0,"timestamp":1612397584,"path_taken":["M","?","M","M","M","E","R","E","T","R","E","M","M","?","R","BOSS"],"items_purchased_type":[],"build_version":"2020-12-22","purchased_purges":0,"victory":false,"max_hp_per_floor":[108,108,108,108,108,108,108,108,108,108,108,108,108,108,108,108,108,108],"relic_stats":{"Blood Vial":8,"counters":[10,46],"MealTicket":0,"obtain_stats":[{"Blood Vial":9,"sneckomod:LoadedDie":6,"MealTicket":8,"Frozen Egg 2":11,"sneckomod:SneckoSoul":0},{"Blood Vial":6,"sneckomod:LoadedDie":5,"MealTicket":6,"Frozen Egg 2":7,"sneckomod:SneckoSoul":0},{"Blood Vial":27,"sneckomod:LoadedDie":23,"MealTicket":27,"Frozen Egg 2":31,"sneckomod:SneckoSoul":0}]},"card_choices":[{"not_picked":["sneckomod:UnknownClassBLUE","sneckomod:UnknownClassTHE_CHAMP_GRAY"],"picked":"sneckomod:CheapStock","floor":1.0},{"not_picked":["sneckomod:UnknownClassSLIMEBOUND","sneckomod:UnknownClassHEXA_GHOST_PURPLE"],"picked":"sneckomod:UnknownVulnerable","floor":3.0},{"not_picked":["sneckomod:MasterEye","sneckomod:UnknownClassGREEN"],"picked":"sneckomod:UnknownClassGUARDIAN","floor":4.0},{"not_picked":["sneckomod:Mudshield","sneckomod:RainOfDice","sneckomod:UnknownClassGREEN"],"picked":"SKIP","floor":5.0},{"not_picked":["sneckomod:UnknownClassGREEN","sneckomod:MasterEye"],"picked":"sneckomod:UnknownClassGUARDIAN","floor":6.0},{"not_picked":["sneckomod:DiceBoulder","sneckomod:UnknownUncommonSkill"],"picked":"sneckomod:UnknownWeak","floor":8.0},{"not_picked":["sneckomod:QuickMove","sneckomod:UnknownClassTHE_CHAMP_GRAY","sneckomod:UnknownUncommonPower+1"],"picked":"SKIP","floor":11.0},{"not_picked":["sneckomod:UnknownX","sneckomod:ImprovisedAttack"],"picked":"sneckomod:DiceBlock","floor":12.0},{"not_picked":["sneckomod:UnknownDraw","sneckomod:TrashToTreasure"],"picked":"sneckomod:UnknownExhaust","floor":13.0}],"player_experience":2330443,"relics_obtained":[{"floor":6.0,"key":"sneckomod:LoadedDie"},{"floor":8.0,"key":"MealTicket"},{"floor":9.0,"key":"Blood Vial"},{"floor":11.0,"key":"Frozen Egg 2"}],"event_choices":[{"damage_healed":0.0,"max_hp_gain":0.0,"max_hp_loss":0.0,"gold_gain":0.0,"cards_transformed":["sneckomod:Strike"],"event_name":"Transmorgrifier","player_choice":"Transformed","floor":2.0,"gold_loss":0.0,"damage_taken":0.0,"cards_obtained":["sneckomod:QuickBite"]}],"is_beta":false,"boss_relics":[],"items_purged_floors":[],"is_endless":false,"potions_floor_spawned":[1,4,5,11],"killed_by":"Hexaghost","ascension_level":1}}