{"host":"ttx8tv95o5vka1nm","time":1612438563,"event":{"mods":["AchievementEnabler","BaseMod","Colored Map","Evolution","Infinite Spire","Minty Spire (QoL Compilation)","Relic Filter Mod","Reliquary","Robot Space Explorer","Shop Mod","Spicy Shops","StSLib","The Bug Knight","The Cursed","The Forsaken","The Hierophant","The Runesmith","TheBandit"],"gold_per_floor":[114,114,124,143,168,168,185,210,210,224,242,252,286,303,303,416,416,428,447,447,447,464,493,515,541,541,561,10,29,29,64,64,170,170,188,207,226,247,247,285,285,324,404,423,423,423,423,444,444,549,549,548,134,137,139,151,173,186,186,232,235,234,242,270,267,267,347,347,347],"floor_reached":68,"language":"ENG","playtime":8768,"items_purged":["theForsaken:PlagueCurse","Runesmith:Strike_RS","Runesmith:UnstableHammer"],"score":1188,"play_id":"e6c5c7cb-ebba-404a-87e2-69a0d815e1c7","local_time":"20210204213603","is_ascension_mode":false,"campfire_choices":[{"data":"Runesmith:Fortify","floor":6.0,"key":"SMITH"},{"data":"Runesmith:CraftProtectio","floor":15.0,"key":"SMITH"},{"data":"Runesmith:CraftFirestone","floor":32.0,"key":"SMITH"},{"floor":41.0,"key":"REST"},{"floor":45.0,"key":"REST"},{"floor":49.0,"key":"REST"},{"floor":66,"key":"REST"}],"circlet_count":0,"master_deck":["Runesmith:Strike_RS+1","Runesmith:Strike_RS","Runesmith:Strike_RS","Runesmith:Defend_RS","Runesmith:Defend_RS","Runesmith:Defend_RS","Runesmith:Defend_RS+1","Runesmith:CraftFirestone+1","Runesmith:Fortify+1","Runesmith:Repurpose","Runesmith:FieryHammer","Runesmith:EnergizedChisel","Runesmith:MakeshiftArmor","Runesmith:ChiselStab","Runesmith:HeatedChisel","Runesmith:HeatExchange","Runesmith:CraftProtectio+1","Runesmith:Supernova","Runesmith:LithiumIon","Runesmith:Grindstone","infinitespire:Starlight","Runesmith:Retool","Runesmith:Duplicate","Runesmith:CraftMagma","Runesmith:CraftIncendium","Runesmith:PerfectChisel","Runesmith:CraftObretio","Runesmith:ArcReactor","Runesmith:CraftMedicinae","Runesmith:MakeshiftArmor","Runesmith:Permafrost+1","Runesmith:MakeshiftArmor+1","Runesmith:StaticCage","Runesmith:Malloc","Runesmith:HammerThrow","Runesmith:GenerateForcefield","Runesmith:Firestorm","Runesmith:FrozenChisel","Runesmith:BackupBattery","Runesmith:ChargedHammer","infinitespire:DeathsTouch","CurseOfTheBell"],"relics":["Runesmith:CoreCrystal","EVO:Axolotl","MealTicket","Letter Opener","Centennial Puzzle","infinitespire:Midas Blood","Philosopher\u0027s Stone","theForsaken:PlagueMask","reliquary:NewFriend","Mercury Hourglass","theForsaken:ScaryMask","MerchantsRug","reliquary:Stiletto","Sling","HornCleat","Ornamental Fan","Oddly Smooth Stone","Singing Bowl","Busted Crown","infinitespire:BottledMercury","Golden Idol","infinitespire:Bottled Soul","Anchor","reliquary:SilkGlove","Calling Bell","CeramicFish","reliquary:PurpleTingedLeaf","Girya"],"acts_visited":["Exordium","TheCity","TheBeyond","TheCity"],"potions_floor_usage":[64],"damage_taken":[{"damage":6.0,"enemies":"Jaw Worm","floor":1.0,"turns":4.0},{"damage":0.0,"enemies":"Small Slimes","floor":3.0,"turns":3.0},{"damage":0.0,"enemies":"2 Louse","floor":4.0,"turns":2.0},{"damage":6.0,"enemies":"Large Slime","floor":7.0,"turns":6.0},{"damage":0.0,"enemies":"Gremlin Nob","floor":8.0,"turns":3.0},{"damage":0.0,"enemies":"Blue Slaver","floor":10.0,"turns":4.0},{"damage":1.0,"enemies":"Exordium Wildlife","floor":11.0,"turns":3.0},{"damage":0.0,"enemies":"Looter","floor":12.0,"turns":3.0},{"damage":2.0,"enemies":"Lagavulin","floor":13.0,"turns":7.0},{"damage":10.0,"enemies":"Exordium Thugs","floor":14.0,"turns":3.0},{"damage":34.0,"enemies":"The Guardian","floor":16.0,"turns":13.0},{"damage":1.0,"enemies":"Chosen","floor":18.0,"turns":4.0},{"damage":12.0,"enemies":"2 Thieves","floor":19.0,"turns":3.0},{"damage":42.0,"enemies":"Snecko","floor":22.0,"turns":7.0},{"damage":9.0,"enemies":"HollowMod:Nosk","floor":23.0,"turns":9.0},{"damage":8.0,"enemies":"Chosen and Byrds","floor":24.0,"turns":7.0},{"damage":10.0,"enemies":"Sentry and Sphere","floor":25.0,"turns":6.0},{"damage":2.0,"enemies":"Snake Plant","floor":27.0,"turns":5.0},{"damage":4.0,"enemies":"Chosen and Byrds","floor":29.0,"turns":5.0},{"damage":22.0,"enemies":"Nightmare","floor":31.0,"turns":6.0},{"damage":51.0,"enemies":"Champ","floor":33.0,"turns":13.0},{"damage":10.0,"enemies":"Orb Walker","floor":35.0,"turns":5.0},{"damage":20.0,"enemies":"3 Shapes","floor":36.0,"turns":6.0},{"damage":1.0,"enemies":"Jaw Worm Horde","floor":37.0,"turns":4.0},{"damage":7.0,"enemies":"4 Shapes","floor":38.0,"turns":6.0},{"damage":42.0,"enemies":"Nemesis","floor":40.0,"turns":13.0},{"damage":58.0,"enemies":"Reptomancer","floor":42.0,"turns":9.0},{"damage":11.0,"enemies":"3 Darklings","floor":44.0,"turns":5.0},{"damage":11.0,"enemies":"Sphere and 2 Shapes","floor":48.0,"turns":4.0},{"damage":34.0,"enemies":"Time Eater","floor":50.0,"turns":21.0},{"damage":0,"enemies":"Cultist","floor":52,"turns":4},{"damage":0,"enemies":"2 Louse","floor":54,"turns":2},{"damage":0,"enemies":"Small Slimes","floor":56,"turns":3},{"damage":21,"enemies":"Gremlin Nob","floor":57,"turns":5},{"damage":12,"enemies":"3 Louse","floor":58,"turns":2},{"damage":0,"enemies":"2 Fungi Beasts","floor":61,"turns":4},{"damage":0,"enemies":"Looter","floor":62,"turns":4},{"damage":37,"enemies":"Gremlin Gang","floor":63,"turns":4},{"damage":15,"enemies":"3 Sentries","floor":64,"turns":5},{"damage":0,"enemies":"Exordium Thugs","floor":65,"turns":4},{"damage":66,"enemies":"Slime Boss","floor":67,"turns":10}],"seed_played":"6946724961180881824","potions_obtained":[{"floor":1.0,"key":"GamblersBrew"},{"floor":3.0,"key":"Energy Potion"},{"floor":4.0,"key":"Fire Potion"},{"floor":13.0,"key":"FairyPotion"},{"floor":14.0,"key":"LiquidMemories"},{"floor":18.0,"key":"Strength Potion"},{"floor":24.0,"key":"Regen Potion"},{"floor":29.0,"key":"ColorlessPotion"},{"floor":31.0,"key":"DistilledChaos"},{"floor":37.0,"key":"EntropicBrew"},{"floor":38.0,"key":"EntropicBrew"},{"floor":54,"key":"GamblersBrew"},{"floor":58,"key":"PowerPotion"},{"floor":61,"key":"Energy Potion"},{"floor":64,"key":"SpeedPotion"}],"is_trial":false,"path_per_floor":["M","?","M","M","T","R","M","E","T","M","M","M","E","M","R","B",null,"M","M","?","AVR","M","E","M","M","T","M","$","M","?","NM","R","B",null,"M","M","M","M","?","E","R","E","T","M","R","?","?","M","R","B",null,"M","$","M","?","M","E","M","?","T","M","M","M","E","M","R","B",null],"character_chosen":"RUNESMITH_CLASS","items_purchased":["MerchantsRug","Runesmith:PerfectChisel","reliquary:Stiletto","Sling","Runesmith:Firestorm","infinitespire:BottledMercury"],"campfire_rested":4,"item_purchase_floors":[28,28,28,28,53,53],"current_hp_per_floor":[71,56,56,56,56,56,50,50,50,50,49,49,47,37,37,3,77,76,64,64,64,32,33,35,35,35,43,58,64,64,52,52,11,77,71,61,70,63,63,35,58,13,13,2,25,25,25,26,48,24,75,77,77,77,58,60,51,41,41,41,43,45,18,15,15,41,28,91,91],"gold":347,"neow_bonus":"TEN_PERCENT_HP_BONUS","is_daily":false,"chose_seed":false,"campfire_upgraded":3,"win_rate":0.0,"timestamp":1612438563,"path_taken":["M","?","M","M","?","R","M","E","T","M","M","M","E","M","R","BOSS","M","M","?","AVR","M","E","M","M","T","M","$","M","?","NM","R","BOSS","M","M","M","M","?","E","R","E","T","M","R","?","?","?","R","BOSS","M","$","M","?","M","E","M","?","T","M","M","?","E","M","R","BOSS"],"items_purchased_type":["Relic","Card","Relic","Relic","Card","Relic"],"build_version":"2020-12-22","purchased_purges":3,"victory":false,"max_hp_per_floor":[77,77,77,77,77,77,77,77,77,77,77,77,77,77,77,77,77,77,77,77,77,77,77,77,77,77,77,77,77,77,77,77,77,77,77,77,77,77,77,77,77,77,77,77,77,77,73,75,75,75,75,77,77,77,77,79,81,83,83,83,85,87,87,89,89,89,91,91,91],"card_choices":[{"not_picked":["Runesmith:Electrocute","Runesmith:CraftReservo"],"picked":"Runesmith:UnstableHammer","floor":1.0},{"not_picked":["Runesmith:UnstableHammer","Runesmith:Overpower"],"picked":"Runesmith:Repurpose","floor":3.0},{"not_picked":["Runesmith:Repurpose","Runesmith:StaticCage"],"picked":"Runesmith:FieryHammer","floor":4.0},{"not_picked":["Runesmith:Overpower","Runesmith:UnstableHammer","Runesmith:LastStand"],"picked":"SKIP","floor":7.0},{"not_picked":["Runesmith:HammerAndChisel","Runesmith:Repurpose"],"picked":"Runesmith:EnergizedChisel","floor":8.0},{"not_picked":["Runesmith:ShiftingStrike","Runesmith:Accelerate"],"picked":"Runesmith:MakeshiftArmor","floor":10.0},{"not_picked":["Runesmith:MakeshiftArmor","Runesmith:ShiftingStrike"],"picked":"Runesmith:ChiselStab","floor":11.0},{"not_picked":["Runesmith:Overpower","Runesmith:PoweredAnvil"],"picked":"Runesmith:HeatedChisel","floor":12.0},{"not_picked":["Runesmith:Grindstone","Runesmith:Overpower"],"picked":"Runesmith:HeatExchange","floor":13.0},{"not_picked":["Runesmith:CraftIncendium","Runesmith:ElementalConversion"],"picked":"Runesmith:CraftProtectio","floor":14.0},{"not_picked":["Runesmith:CraftIndustria","Runesmith:MetallurgicalResearch"],"picked":"Runesmith:Supernova","floor":16.0},{"not_picked":["Runesmith:HammerThrow","Runesmith:HammerTime"],"picked":"Runesmith:LithiumIon","floor":18.0},{"not_picked":["Runesmith:StaticCage","Runesmith:CraftReservo+1"],"picked":"Runesmith:Grindstone","floor":19.0},{"not_picked":["Runesmith:EnergizedChisel+1","Runesmith:Refine"],"picked":"Runesmith:Retool","floor":22.0},{"not_picked":["Runesmith:Repurpose","Runesmith:HeatExchange"],"picked":"Runesmith:Duplicate","floor":23.0},{"not_picked":["Runesmith:HeatExchange+1","Runesmith:Discharge","Runesmith:Electrocute"],"picked":"SKIP","floor":24.0},{"not_picked":["Runesmith:ShiftingStrike","Runesmith:StaticCage"],"picked":"Runesmith:CraftMagma","floor":25.0},{"not_picked":["Runesmith:EnergizedChisel","Runesmith:WhiteBalance+1"],"picked":"Runesmith:CraftIncendium","floor":27.0},{"not_picked":["Runesmith:HeatedChisel","Runesmith:Repurpose"],"picked":"Runesmith:CraftObretio","floor":29.0},{"not_picked":["Runesmith:CraftMagma","Runesmith:Repurpose","Runesmith:DuctTape"],"picked":"SKIP","floor":31.0},{"not_picked":["Runesmith:CraftMagma","Runesmith:Repurpose","Runesmith:DuctTape"],"picked":"SKIP","floor":31.0},{"not_picked":["Runesmith:LightningRod","Runesmith:ArcReactor"],"picked":"Runesmith:CraftMedicinae","floor":33.0},{"not_picked":["Runesmith:ChiselStab","Runesmith:EnergizedChisel"],"picked":"Runesmith:MakeshiftArmor","floor":35.0},{"not_picked":["Runesmith:HeatedChisel+1","Runesmith:Overpower+1"],"picked":"Runesmith:Permafrost+1","floor":36.0},{"not_picked":["Runesmith:CraftIncendium+1","Runesmith:Duplicate","Runesmith:HeatedChisel"],"picked":"SKIP","floor":37.0},{"not_picked":["Runesmith:EnergizedChisel","Runesmith:CraftVitae+1"],"picked":"Runesmith:MakeshiftArmor+1","floor":38.0},{"not_picked":["Runesmith:CraftProtectio","Runesmith:PerfectChisel"],"picked":"Runesmith:StaticCage","floor":40.0},{"not_picked":["Runesmith:MetallurgicalResearch","Runesmith:HeatedChisel+1"],"picked":"Runesmith:Malloc","floor":42.0},{"not_picked":["Runesmith:Prism+1","Runesmith:Repurpose"],"picked":"Runesmith:HammerThrow","floor":44.0},{"not_picked":["Runesmith:ShiftingStrike+1","Runesmith:Overpower","Runesmith:CraftProtectio"],"picked":"Singing Bowl","floor":48.0},{"not_picked":["Runesmith:ArcReactor","Runesmith:LightningRod"],"picked":"Runesmith:GenerateForcefield","floor":50.0},{"not_picked":["Runesmith:Repurpose"],"picked":"Singing Bowl","floor":52},{"not_picked":[],"picked":"Runesmith:FrozenChisel","floor":54},{"not_picked":["Runesmith:HammerThrow"],"picked":"Singing Bowl","floor":56},{"not_picked":["Runesmith:Discharge"],"picked":"Singing Bowl","floor":57},{"not_picked":["Runesmith:ChiselStab"],"picked":"Singing Bowl","floor":58},{"not_picked":["Runesmith:Discharge"],"picked":"Singing Bowl","floor":61},{"not_picked":["Runesmith:HeatedChisel"],"picked":"Singing Bowl","floor":62},{"not_picked":[],"picked":"Runesmith:BackupBattery","floor":63},{"not_picked":["Runesmith:DoubleUp"],"picked":"Singing Bowl","floor":64},{"not_picked":[],"picked":"Runesmith:ChargedHammer","floor":65},{"not_picked":["infinitespire:SealOfDarkness+","infinitespire:Oblivion"],"picked":"infinitespire:DeathsTouch","floor":67},{"not_picked":["Runesmith:ReplicatingBarrier"],"picked":"Singing Bowl","floor":67}],"player_experience":740008,"relics_obtained":[{"floor":5.0,"key":"MealTicket"},{"floor":8.0,"key":"Letter Opener"},{"floor":9.0,"key":"Centennial Puzzle"},{"floor":13.0,"key":"infinitespire:Midas Blood"},{"floor":23.0,"key":"Mercury Hourglass"},{"floor":26.0,"key":"theForsaken:ScaryMask"},{"floor":31.0,"key":"HornCleat"},{"floor":40.0,"key":"Ornamental Fan"},{"floor":42.0,"key":"Oddly Smooth Stone"},{"floor":43.0,"key":"Singing Bowl"},{"floor":57,"key":"infinitespire:Bottled Soul"},{"floor":60,"key":"Anchor"},{"floor":64,"key":"reliquary:SilkGlove"},{"floor":68,"key":"CeramicFish"},{"floor":68,"key":"reliquary:PurpleTingedLeaf"},{"floor":68,"key":"Girya"}],"event_choices":[{"damage_healed":0.0,"max_hp_gain":0.0,"max_hp_loss":0.0,"gold_gain":0.0,"event_name":"Shining Light","player_choice":"Entered Light","floor":2.0,"gold_loss":0.0,"damage_taken":15.0,"cards_upgraded":["Runesmith:Defend_RS","Runesmith:Strike_RS"]},{"damage_healed":0.0,"max_hp_gain":0.0,"max_hp_loss":0.0,"gold_gain":0.0,"event_name":"Plague Doctor","player_choice":"Obtain Plague Curse","floor":20.0,"gold_loss":0.0,"damage_taken":0.0,"cards_obtained":["theForsaken:PlagueCurse"]},{"damage_healed":0.0,"max_hp_gain":0.0,"max_hp_loss":0.0,"gold_gain":0.0,"event_name":"The Library","player_choice":"Read","floor":30.0,"gold_loss":0.0,"damage_taken":0.0,"cards_obtained":["Runesmith:ArcReactor"]},{"damage_healed":0.0,"max_hp_gain":0.0,"max_hp_loss":4.0,"gold_gain":0.0,"event_name":"Winding Halls","player_choice":"Max HP","floor":47.0,"gold_loss":0.0,"damage_taken":0.0},{"damage_healed":0,"gold_gain":0,"player_choice":"Take Damage","damage_taken":19,"relics_obtained":["Golden Idol"],"max_hp_gain":0,"max_hp_loss":0,"event_name":"Golden Idol","floor":55,"gold_loss":0},{"damage_healed":0,"gold_gain":0,"player_choice":"Ignored","damage_taken":0,"max_hp_gain":0,"max_hp_loss":0,"event_name":"NoteForYourself","floor":59,"gold_loss":0}],"is_beta":false,"boss_relics":[{"not_picked":["Astrolabe","reliquary:RedPaperclip"],"picked":"Philosopher\u0027s Stone"},{"not_picked":["Sozu","SacredBark"],"picked":"Runesmith:CoreCrystal"},{"not_picked":["Tiny House","reliquary:RedCape"],"picked":"Busted Crown"},{"not_picked":["Pandora\u0027s Box","Sozu"],"picked":"Calling Bell"}],"items_purged_floors":[21,28,53],"is_endless":true,"potions_floor_spawned":[1,3,4,13,14,18,24,27,29,31,37,38,44,48,54,58,61,64],"ascension_level":0}}