{"host":"j4tm1fhkymdbe3p9","time":1612481907,"event":{"mods":["A Magickal Journey","BaseMod","Better Third Choice","BetterRewards","Chen","Downfall","Hermit","Hubris","Infinite Spire","Koishi","Luminous","Marisa????????","Mimic Mod","Minty Spire (QoL Compilation)","Reimu??????","Remilia??????","Replay The Spire","Shade Mod","Shop Mod","StSLib","The Administrix","The Animator","The Blackbeard","The Bladedancer","The Construct","The Cursed","The Disciple","The Druid","The Exalted","The Gatherer","The Hierophant","The Mystic","The Necromancer","The Runesmith","The Servant 0.9.4","The Spell Scribe","TheSwordswoman","??????REMEMod"],"gold_per_floor":[410,156,167,178,178,178,213,213,244,244,244,258,271,307,307,405,405,433,461,496,496,531,531,531,456,482,482,515,515,545,574,574,574,574],"floor_reached":33,"language":"ENG","playtime":1374,"items_purged":[],"score":251,"play_id":"718d4895-8e52-4dad-a45d-e5346b4f6779","local_time":"20210204183827","is_ascension_mode":false,"campfire_choices":[{"data":"TheCursedMod:AbyssShockwave","floor":6,"key":"SMITH"},{"data":"hermit:Magnum","floor":8,"key":"SMITH"},{"data":"hermit:Covet","floor":10,"key":"SMITH"},{"floor":15,"key":"REST"},{"floor":23,"key":"REST"},{"data":"hermit:DeadOrAlive","floor":27,"key":"SMITH"},{"floor":32,"key":"REST"}],"circlet_count":0,"master_deck":["hermit:Strike_Hermit","hermit:Strike_Hermit+1","hermit:Defend_Hermit","hermit:Defend_Hermit","hermit:Defend_Hermit+1","hermit:Defend_Hermit+1","hermit:Snapshot","hermit:Covet+1","TheCursedMod:AbyssShockwave+1","hermit:Magnum+1","hermit:RoundhouseKick","hermit:DeadOrAlive+1","hermit:Midnight","hermit:DeadOrAlive"],"relics":["hermit:Momento","REME_ComplimentaryCards","Old Coin","Anchor","Replay:Wax Seal","Gremlin Food","hubris:VirtuousBlindfold","Orichalcum","Nloth\u0027s Gift"],"acts_visited":["Exordium","TheCity"],"potions_floor_usage":[7,19,22,30,33,33,33],"damage_taken":[{"damage":5,"enemies":"2 Louse","floor":1,"turns":2},{"damage":1,"enemies":"Jaw Worm","floor":3,"turns":2},{"damage":1,"enemies":"Cultist","floor":4,"turns":3},{"damage":8,"enemies":"Exordium Wildlife","floor":5,"turns":5},{"damage":17,"enemies":"3 Sentries","floor":7,"turns":4},{"damage":1,"enemies":"Looter","floor":9,"turns":5},{"damage":0,"enemies":"Looter","floor":12,"turns":2},{"damage":3,"enemies":"Red Slaver","floor":13,"turns":3},{"damage":4,"enemies":"3 Louse","floor":14,"turns":3},{"damage":40,"enemies":"Slime Boss","floor":16,"turns":9},{"damage":10,"enemies":"3 Byrds","floor":18,"turns":5},{"damage":2,"enemies":"2 Thieves","floor":19,"turns":3},{"damage":6,"enemies":"3 Cultists","floor":20,"turns":4},{"damage":34,"enemies":"Shelled Parasite and Fungi","floor":22,"turns":5},{"damage":0,"enemies":"Snake Plant","floor":28,"turns":2},{"damage":9,"enemies":"Snecko","floor":30,"turns":4},{"damage":4,"enemies":"Chosen and Byrds","floor":31,"turns":4},{"damage":45,"enemies":"Pondfish","floor":33,"turns":7}],"seed_played":"8739638766369134009","potions_obtained":[{"floor":3,"key":"Dexterity Potion"},{"floor":7,"key":"REME_GoldPotion"},{"floor":13,"key":"FearPotion"},{"floor":16,"key":"Fire Potion"},{"floor":19,"key":"PowerPotion"},{"floor":28,"key":"Energy Potion"},{"floor":30,"key":"DuplicationPotion"}],"is_trial":false,"path_per_floor":["M","$","M","M","M","R","E","R","MIM","R","?","M","M","MIM","R","B",null,"M","M","M","?","M","R","?","?","T","R","M","?","M","M","R","B"],"character_chosen":"HERMIT","items_purchased":["Replay:Bottled Flurry"],"campfire_rested":3,"item_purchase_floors":[2],"current_hp_per_floor":[63,63,62,61,53,53,36,36,35,35,35,35,32,28,48,8,68,58,56,50,50,16,36,36,36,36,36,36,36,27,23,43,0,0],"gold":574,"neow_bonus":"ONE_RARE_RELIC","is_daily":false,"chose_seed":false,"campfire_upgraded":4,"win_rate":0.0,"timestamp":1612481907,"path_taken":["M","$","M","M","M","R","E","R","MIM","R","?","M","M","?","R","BOSS","M","M","M","?","?","R","?","?","T","R","M","?","M","M","R","BOSS"],"items_purchased_type":["Relic"],"build_version":"2020-12-22","purchased_purges":0,"victory":false,"max_hp_per_floor":[68,68,68,68,68,68,68,68,68,68,68,68,68,68,68,68,68,68,68,68,68,68,68,68,68,68,68,68,68,68,68,68,68,68],"card_choices":[{"not_picked":["hermit:CalledShot","hermit:Coalescence","hermit:HoleUp"],"picked":"SKIP","floor":1},{"not_picked":["hermit:Enervate","hermit:HoleUp","hermit:Brawl"],"picked":"SKIP","floor":3},{"not_picked":["hermit:Glare","hermit:WideOpen","hermit:Virtue"],"picked":"SKIP","floor":4},{"not_picked":["hermit:Glare","hermit:WideOpen","hermit:Virtue"],"picked":"SKIP","floor":4},{"not_picked":["hermit:SprayPray","hermit:Deadeye","hermit:Glare"],"picked":"SKIP","floor":5},{"not_picked":["hermit:HoleUp","hermit:TakeCover"],"picked":"hermit:Magnum","floor":7},{"not_picked":["hermit:Misfire","hermit:PistolWhip","hermit:HighCaliber"],"picked":"SKIP","floor":12},{"not_picked":["hermit:NoHoldsBarred","hermit:GhostlyPresence","hermit:HighCaliber"],"picked":"SKIP","floor":13},{"not_picked":["hermit:Manifest","hermit:Quickdraw"],"picked":"hermit:RoundhouseKick","floor":14},{"not_picked":["hermit:FinalCanter","hermit:Adapt"],"picked":"hermit:DeadOrAlive","floor":16},{"not_picked":["hermit:TrackingShot+1","hermit:FlashPowder","hermit:Desperado"],"picked":"SKIP","floor":18},{"not_picked":["hermit:BodyArmor","hermit:CalledShot+1","hermit:Quickdraw"],"picked":"SKIP","floor":19},{"not_picked":["hermit:GoldenBullet","hermit:Maintenance","hermit:ItchyTrigger"],"picked":"SKIP","floor":20},{"not_picked":["hermit:Deadeye+1","hermit:HighCaliber","hermit:NoHoldsBarred+1"],"picked":"SKIP","floor":22},{"not_picked":["hermit:HoleUp+1","hermit:BigShot","hermit:Gambit"],"picked":"SKIP","floor":28},{"not_picked":["hermit:Enervate","hermit:NoHoldsBarred+1","hermit:GhostlyPresence"],"picked":"SKIP","floor":30},{"not_picked":["hermit:FlashPowder","hermit:Headshot"],"picked":"hermit:DeadOrAlive","floor":31}],"player_experience":610140,"relics_obtained":[{"floor":7,"key":"Anchor"},{"floor":9,"key":"Replay:Wax Seal"},{"floor":14,"key":"Gremlin Food"},{"floor":26,"key":"Orichalcum"}],"event_choices":[{"damage_healed":0,"gold_gain":0,"cards_transformed":["hermit:Strike_Hermit"],"player_choice":"Transformed","damage_taken":0,"max_hp_gain":0,"max_hp_loss":0,"event_name":"Transmorgrifier","floor":21,"gold_loss":0,"cards_obtained":["hermit:Midnight"]},{"damage_healed":0,"gold_gain":0,"player_choice":"Ignored","damage_taken":0,"max_hp_gain":0,"max_hp_loss":0,"event_name":"Ghosts","floor":24,"gold_loss":0},{"cards_removed":["hermit:Strike_Hermit"],"damage_healed":0,"gold_gain":0,"player_choice":"Gave Gold","damage_taken":0,"max_hp_gain":0,"max_hp_loss":0,"event_name":"Beggar","floor":25,"gold_loss":75},{"damage_healed":0,"gold_gain":0,"player_choice":"Traded Relic","damage_taken":0,"relics_obtained":["Nloth\u0027s Gift"],"max_hp_gain":0,"max_hp_loss":0,"event_name":"N\u0027loth","floor":29,"relics_lost":["Replay:Bottled Flurry"],"gold_loss":0}],"is_beta":false,"boss_relics":[{"not_picked":["Runic Dome","Replay:Wanted Poster"],"picked":"hubris:VirtuousBlindfold"}],"items_purged_floors":[],"is_endless":false,"potions_floor_spawned":[3,5,7,13,16,19,20,28,30],"killed_by":"Pondfish","ascension_level":0}}