{"host":"u7y9frlpoazak2mn","time":1612413630,"event":{"mods":["Act Like it!","Aspiration","BaseMod","Beaked The Cultist","Better Altar","Better Match","Better Note","Better Sensory Stone","Better Skull","Better Third Choice","Colored Map","Colored Powertips","Conspire","Downfall","Energized Spire","GifTheSpireLib","Googly Eyes","Halation","Hermit","Hubris","Infinite Spire","Marked Mod","Mimic Mod","Minty Spire (QoL Compilation)","Permanent Neow","Prisma Mod","Rare Cards Sparkle","Replay The Spire","StSLib","Stuff the Spire","The Construct","Waifu the Spire"],"gold_per_floor":[111,127,202,127,142,142,193,211,283,317,317,347,365,382,382,486,486,499,509,521,252,252,252],"floor_reached":22,"language":"ENG","playtime":1876,"items_purged":["beaked:Strike_Y","beaked:Strike_Y"],"score":188,"play_id":"375aacce-393e-40d5-8ae6-a18217e3788f","local_time":"20210203234030","is_ascension_mode":false,"campfire_choices":[{"data":"beaked:VigorBurst","floor":6,"key":"SMITH"},{"floor":11,"key":"REST"},{"data":"beaked:AwakenedForm","floor":15,"key":"SMITH"}],"circlet_count":0,"master_deck":["beaked:Strike_Y","beaked:Strike_Y","beaked:Strike_Y","beaked:Strike_Y","beaked:Defend_Y","beaked:Defend_Y","beaked:Defend_Y","beaked:Defend_Y","beaked:Ceremony","beaked:Ceremony","beaked:Ceremony","beaked:Evade","beaked:TuckingFeathers","beaked:Daydream","beaked:VigorBurst+1","beaked:TuckingFeathers","beaked:BarbedWire","beaked:StickSmack","beaked:WarriorEssence","beaked:AwakenedForm+1","beaked:BloodForTheGods","beaked:MachineEssence","beaked:BraceForImpact+1","beaked:Windmill","beaked:Evade+1","Panache"],"relics":["beaked:MendingPlumage","Chameleon Ring","infinitespire:EmpoweringShard","Question Card","conspire:RoyalGoblet"],"acts_visited":["Exordium","TheCity"],"potions_floor_usage":[16,16,20,22,22],"damage_taken":[{"damage":12,"enemies":"Jaw Worm","floor":1,"turns":4},{"damage":8,"enemies":"Cultist","floor":2,"turns":5},{"damage":5,"enemies":"2 Louse","floor":5,"turns":4},{"damage":46,"enemies":"Exordium Wildlife","floor":8,"turns":9},{"damage":85,"enemies":"Lagavulin","floor":10,"turns":11},{"damage":14,"enemies":"Blue Slaver","floor":12,"turns":7},{"damage":31,"enemies":"Blue Slaver","floor":13,"turns":6},{"damage":10,"enemies":"Looter","floor":14,"turns":4},{"damage":86,"enemies":"Fading Forest","floor":16,"turns":11},{"damage":58,"enemies":"Spheric Guardian","floor":18,"turns":6},{"damage":63,"enemies":"3 Byrds","floor":19,"turns":7},{"damage":85,"enemies":"Snecko","floor":20,"turns":8},{"damage":86,"enemies":"Cultist and Chosen","floor":22,"turns":5}],"seed_played":"5378809772622608877","potions_obtained":[{"floor":8,"key":"Explosive Potion"},{"floor":14,"key":"BlessingOfTheForge"},{"floor":16,"key":"FearPotion"},{"floor":19,"key":"BlessingOfTheForge"},{"floor":20,"key":"Weak Potion"}],"is_trial":false,"path_per_floor":["M","M","?","$","M","R","?","M","T","E","R","MIM","M","M","R","B",null,"M","M","M","$","M"],"character_chosen":"BEAKED_THE_CULTIST","items_purchased":["Panache"],"campfire_rested":1,"item_purchase_floors":[21],"current_hp_per_floor":[47,49,38,38,52,52,39,52,52,10,26,43,36,45,45,19,55,55,51,55,55,0,0],"gold":252,"neow_bonus":"THREE_CARDS","is_daily":false,"chose_seed":false,"campfire_upgraded":2,"win_rate":0.0,"timestamp":1612413630,"path_taken":["M","M","?","$","M","R","?","M","T","E","R","?","M","M","R","BOSS","M","M","M","$","M"],"items_purchased_type":["Card"],"build_version":"2020-12-22","purchased_purges":2,"victory":false,"max_hp_per_floor":[50,50,50,50,55,55,55,55,55,55,55,55,55,55,55,55,55,55,55,55,55,55,55],"card_choices":[{"not_picked":["beaked:Tweet","ReplayTheSpireMod:Wings of Steel"],"picked":"beaked:Evade","floor":0},{"not_picked":["beaked:WindBringer","beaked:Brace"],"picked":"beaked:TuckingFeathers","floor":1},{"not_picked":["beaked:VigorBurst","beaked:Recite"],"picked":"beaked:Daydream","floor":2},{"not_picked":["beaked:WarriorSpirit","ReplayTheSpireMod:Prepare the Ceremony"],"picked":"beaked:VigorBurst","floor":5},{"not_picked":["beaked:BraceForImpact","beaked:Flinch"],"picked":"beaked:TuckingFeathers","floor":7},{"not_picked":["beaked:Foresight","beaked:MimicWarrior"],"picked":"beaked:BarbedWire","floor":7},{"not_picked":["beaked:Resilience","beaked:Poke","ReplayTheSpireMod:RavenHex"],"picked":"SKIP","floor":8},{"not_picked":["beaked:Insight","beaked:Struggle"],"picked":"beaked:StickSmack","floor":10},{"not_picked":["beaked:Cower","beaked:WarriorSpirit","beaked:BloodRitual"],"picked":"beaked:WarriorEssence","floor":12},{"not_picked":["beaked:WarriorSpirit","beaked:Flinch","beaked:Cower"],"picked":"beaked:AwakenedForm","floor":13},{"not_picked":["beaked:Overexert","beaked:Resilience","beaked:SacrificialAttack"],"picked":"beaked:BloodForTheGods","floor":14},{"not_picked":["beaked:SacrificialScars","beaked:DarkPact","beaked:WildInstinct"],"picked":"beaked:MachineEssence","floor":16},{"not_picked":["beaked:TuckingFeathers+1","beaked:BloodRitual","beaked:CrazyRituals+1"],"picked":"beaked:BraceForImpact+1","floor":18},{"not_picked":["beaked:Daydream+1","beaked:Foresight","beaked:BloodForTheGods+1"],"picked":"beaked:Windmill","floor":19},{"not_picked":["beaked:StickSmack+1","beaked:CrazyRituals","beaked:Tweet"],"picked":"beaked:Evade+1","floor":20}],"player_experience":395873,"relics_obtained":[{"floor":7,"key":"Chameleon Ring"},{"floor":9,"key":"infinitespire:EmpoweringShard"},{"floor":10,"key":"Question Card"}],"event_choices":[{"damage_healed":0,"gold_gain":75,"player_choice":"Gold","damage_taken":11,"max_hp_gain":0,"max_hp_loss":0,"event_name":"betterThird:BetterGoop","floor":3,"gold_loss":0}],"is_beta":false,"boss_relics":[{"not_picked":["energizedSpire:HugeHouse","Black Star"],"picked":"conspire:RoyalGoblet"}],"items_purged_floors":[4,21],"is_endless":false,"potions_floor_spawned":[8,14,16,19,20],"killed_by":"Cultist and Chosen","ascension_level":0}}