{"host":"qfukm2ph4038hnof","time":1612453073,"event":{"mods":["AchievementEnabler","Act Like it!","Aspiration","Bard","BaseMod","Challenge The Spire","Colored Map","Colored Powertips","Dota2Spire","Downfall","Friendly Minions","Gensokyo","GifTheSpireLib","Gremlin Mod","Hallownest","Hermit","Highlight Path","Hubris","Infinite Spire","Ironclad Rager","KinomotoSakuraMod(ƒæ÷Æ±æ”£)","Koishi","Lobotomy","LobotomyExtend","Marisa£®ÏF”Í°°ƒß¿Ì…≥£©","Mimic Mod","Minty Spire (QoL Compilation)","No Card Rewards","Prisma Mod","Quick Restart","Rare Cards Sparkle","Relic Stats","Remilia£®¿Ÿ√◊¿Ú—«£©","Replay The Spire","Spicy Shops","StSLib","The Administrix","The Animator","The Blackbeard","The Bladedancer","The Bug Knight","The Cursed","The Disciple","The Gatherer","The Hierophant","The IronCluck","The Mystic","The Poker Player","The Runesmith","The Senshi","The Servant 0.9.4","Voiceroid Mod","Yakumo Yukari mod","Youmu£®ªÍ∆«—˝√Œ£©","Yuyuko","°æπ¶ƒ‹Mod°øªÏ„Á÷Æª∑–ﬁ∏¥≤π∂°"],"gold_per_floor":[116,0,0,17,30,60,60,6,40,40,52,87,87,87,87,87,87],"floor_reached":16,"language":"ZHS","playtime":980,"items_purged":[],"score":112,"play_id":"746030e9-2324-4047-8d32-0e212892d0e4","local_time":"20210204233753","is_ascension_mode":true,"campfire_choices":[{"data":"ClowCardThePower","floor":7,"key":"SMITH"},{"floor":10,"key":"REST"},{"floor":13,"key":"REST"},{"floor":15,"key":"RECALL"}],"circlet_count":0,"master_deck":["SakuraCardTheArrow+","ClowCardTheSword","ClowCardTheSword","ClowCardTheSword","ClowCardTheSword","ClowCardTheShield","ClowCardTheShield","ClowCardTheShield","ClowCardTheShield","SpellCardSeal+1","SpellCardRelease","ClowCardThePower+1","ClowCardTheLock","ClowCardTheLock+1","ClowCardTheDream","ClowCardThePower","ClowCardTheSand","ClowCardTheLibra","ClowCardTheMirror"],"relics":["KSMOD_SealedBook","KSMOD_SealedWand","aspiration:DSix","LetterFromLob","Hallownest:BankAccountRelic","Matryoshka","Gremlin Food","Dota2Spire:PhaseBoots","Blue Doll","hubris:DisguiseKit"],"acts_visited":["Hallownest:Greenpath"],"potions_floor_usage":[6,12],"damage_taken":[{"damage":6,"enemies":"Hallownest:2_Baldur","floor":1,"turns":3},{"damage":0,"enemies":"2_ Uuma","floor":4,"turns":4},{"damage":8,"enemies":"Hallownest:monsterHuskWarrior","floor":5,"turns":2},{"damage":17,"enemies":"Hallownest:eliteVengeflyKing","floor":6,"turns":4},{"damage":4,"enemies":"Hallownest:Wandering_and_Horned","floor":9,"turns":5},{"damage":11,"enemies":"Hallownest:Wandering_and_Horned","floor":11,"turns":4},{"damage":14,"enemies":"Hallownest:eliteCrystalGuardian","floor":12,"turns":5},{"damage":74,"enemies":"Hallownest:BossHornet","floor":16,"turns":5}],"seed_played":"575085144256629606","potions_obtained":[{"floor":1,"key":"Ancient Potion"},{"floor":11,"key":"bronze:BurnAndBuffPotion"}],"is_trial":false,"path_per_floor":["M","?","T","M","M","E","R","$","MIM","R","M","E","R","T","R","B"],"character_chosen":"KINOMOTOSAKURA","items_purchased":["ClowCardTheArrow","ClowCardThePower"],"campfire_rested":2,"item_purchase_floors":[8,8],"current_hp_per_floor":[64,64,64,64,56,39,39,39,35,56,45,31,52,52,52,0,0],"gold":87,"neow_bonus":"DSIX","is_daily":false,"chose_seed":false,"campfire_upgraded":1,"win_rate":0.0,"timestamp":1612453073,"path_taken":["M","?","?","M","M","E","R","$","MIM","R","M","E","R","?","R","BOSS"],"items_purchased_type":["Card","Card"],"build_version":"2020-12-22","purchased_purges":0,"victory":false,"max_hp_per_floor":[70,70,70,70,70,70,70,70,70,70,70,70,70,70,70,70,70],"relic_stats":{"counters":[8,32],"obtain_stats":[{"Gremlin Food":9,"hubris:DisguiseKit":14,"Matryoshka":6,"KSMOD_SealedBook":0,"Hallownest:BankAccountRelic":2,"Blue Doll":14,"KSMOD_SealedWand":0,"LetterFromLob":1,"aspiration:DSix":0,"Dota2Spire:PhaseBoots":12},{"Gremlin Food":5,"hubris:DisguiseKit":7,"Matryoshka":4,"KSMOD_SealedBook":0,"Hallownest:BankAccountRelic":1,"Blue Doll":7,"KSMOD_SealedWand":0,"LetterFromLob":1,"aspiration:DSix":0,"Dota2Spire:PhaseBoots":7},{"Gremlin Food":18,"hubris:DisguiseKit":27,"Matryoshka":13,"KSMOD_SealedBook":0,"Hallownest:BankAccountRelic":3,"Blue Doll":27,"KSMOD_SealedWand":0,"LetterFromLob":3,"aspiration:DSix":0,"Dota2Spire:PhaseBoots":27}]},"card_choices":[{"not_picked":["ClowCardTheLoop","ClowCardTheBubbles"],"picked":"ClowCardThePower","floor":1},{"not_picked":["ClowCardTheJump","ClowCardTheFly"],"picked":"ClowCardTheLock","floor":4},{"not_picked":["ClowCardTheIllusion","ClowCardTheLittle"],"picked":"ClowCardTheLock","floor":5},{"not_picked":["ClowCardTheThunder","ClowCardTheDark"],"picked":"ClowCardTheDream","floor":6},{"not_picked":["ClowCardTheErase","ClowCardTheMove"],"picked":"ClowCardTheSand","floor":9},{"not_picked":["ClowCardTheRain","ClowCardTheSand"],"picked":"ClowCardTheLibra","floor":11},{"not_picked":["ClowCardTheWave","ClowCardTheBubbles"],"picked":"ClowCardTheMirror","floor":12}],"player_experience":11760,"relics_obtained":[{"floor":1,"key":"LetterFromLob"},{"floor":6,"key":"Matryoshka"},{"floor":9,"key":"Gremlin Food"},{"floor":12,"key":"Dota2Spire:PhaseBoots"},{"floor":14,"key":"Blue Doll"},{"floor":14,"key":"hubris:DisguiseKit"}],"event_choices":[],"is_beta":false,"boss_relics":[],"items_purged_floors":[],"is_endless":false,"potions_floor_spawned":[1,11],"killed_by":"Hallownest:BossHornet","ascension_level":1}}