{"host":"8is2j71l4wmybkoi","time":1612437909,"event":{"mods":["AchievementEnabler","BaseMod","Colored Map","Minty Spire (QoL Compilation)","Rare Cards Sparkle","StSLib","SuperFastMode"],"gold_per_floor":[112,112,112,131,144,144,177,177,177,2,22,56,74,74,74,150,150,164,179,189,201,126,126,156,156,156,206,206,206],"floor_reached":28,"language":"KOR","playtime":1889,"items_purged":["Strike_B"],"score":434,"play_id":"a3cc5439-03f7-4ee5-8a90-5db33f37bc27","local_time":"20210204202509","is_ascension_mode":true,"campfire_choices":[{"data":"Zap","floor":6.0,"key":"SMITH"},{"floor":8.0,"key":"REST"},{"data":"Static Discharge","floor":15.0,"key":"SMITH"},{"floor":23.0,"key":"REST"},{"floor":25.0,"key":"REST"}],"circlet_count":0,"master_deck":["AscendersBane","Strike_B","Strike_B","Defend_B+1","Defend_B+1","Defend_B","Zap+1","Dualcast","Dramatic Entrance","Beam Cell","Genetic Algorithm","Steam","Go for the Eyes","Cold Snap","Static Discharge+1","Buffer","Glacier+1","BootSequence+1","Gash","Streamline"],"relics":["Cracked Core","Unceasing Top","Mercury Hourglass","Matryoshka","Philosopher\u0027s Stone","Bird Faced Urn","DataDisk","Shuriken"],"acts_visited":["Exordium","TheCity"],"potions_floor_usage":[28],"damage_taken":[{"damage":0.0,"enemies":"2 Louse","floor":1.0,"turns":2.0},{"damage":0.0,"enemies":"Small Slimes","floor":4.0,"turns":2.0},{"damage":0.0,"enemies":"Jaw Worm","floor":5.0,"turns":2.0},{"damage":24.0,"enemies":"Lagavulin","floor":7.0,"turns":7.0},{"damage":0.0,"enemies":"Gremlin Gang","floor":11.0,"turns":2.0},{"damage":4.0,"enemies":"3 Sentries","floor":12.0,"turns":6.0},{"damage":0.0,"enemies":"Looter","floor":13.0,"turns":2.0},{"damage":13.0,"enemies":"Hexaghost","floor":16.0,"turns":8.0},{"damage":0.0,"enemies":"2 Thieves","floor":18.0,"turns":3.0},{"damage":40.0,"enemies":"3 Byrds","floor":19.0,"turns":4.0},{"damage":9.0,"enemies":"3 Cultists","floor":20.0,"turns":6.0},{"damage":5.0,"enemies":"Cultist and Chosen","floor":21.0,"turns":7.0},{"damage":20.0,"enemies":"Book of Stabbing","floor":24.0,"turns":4.0},{"damage":54,"enemies":"Gremlin Leader","floor":28,"turns":6}],"seed_played":"8096896865991231667","potions_obtained":[{"floor":11.0,"key":"FearPotion"},{"floor":12.0,"key":"FairyPotion"},{"floor":16.0,"key":"AttackPotion"},{"floor":20.0,"key":"SteroidPotion"}],"is_trial":false,"path_per_floor":["M","?","?","M","M","R","E","R","T","$","M","E","M","?","R","B",null,"M","M","M","M","?","R","E","R","T","?","E"],"character_chosen":"DEFECT","items_purchased":["EssenceOfDarkness"],"campfire_rested":3,"item_purchase_floors":[10],"current_hp_per_floor":[64,43,25,25,25,25,1,22,22,22,22,18,18,18,18,5,55,55,15,6,1,1,22,2,23,23,23,0,0],"gold":206,"neow_bonus":"RANDOM_COLORLESS","is_daily":false,"chose_seed":false,"campfire_upgraded":2,"win_rate":0.0,"timestamp":1612437909,"path_taken":["M","?","?","M","M","R","E","R","T","$","M","E","M","?","R","BOSS","M","?","M","M","?","R","E","R","T","?","E"],"items_purchased_type":["Potion"],"build_version":"2020-12-22","purchased_purges":1,"victory":false,"max_hp_per_floor":[71,71,71,71,71,71,71,71,71,71,71,71,71,71,71,71,71,71,71,71,71,71,71,71,71,71,71,71,71],"card_choices":[{"not_picked":["Panacea","Trip"],"picked":"Dramatic Entrance","floor":0.0},{"not_picked":["Hologram","Leap"],"picked":"Beam Cell","floor":1.0},{"not_picked":["Gash","White Noise"],"picked":"Genetic Algorithm","floor":4.0},{"not_picked":["Stack","Hologram","Coolheaded"],"picked":"SKIP","floor":5.0},{"not_picked":["Reinforced Body","Stack"],"picked":"Steam","floor":7.0},{"not_picked":["Stack","Hologram"],"picked":"Go for the Eyes","floor":11.0},{"not_picked":["Fusion","Coolheaded"],"picked":"Cold Snap","floor":12.0},{"not_picked":["Sunder","Hologram"],"picked":"Static Discharge","floor":13.0},{"not_picked":["Thunder Strike","Amplify"],"picked":"Buffer","floor":16.0},{"not_picked":["Hologram","Doom and Gloom","Leap"],"picked":"SKIP","floor":18.0},{"not_picked":["Reinforced Body","Hologram+1"],"picked":"Glacier+1","floor":19.0},{"not_picked":["Heatsinks","Steam+1"],"picked":"BootSequence+1","floor":20.0},{"not_picked":["Compile Driver","Reinforced Body"],"picked":"Gash","floor":21.0},{"not_picked":["Hologram","All For One"],"picked":"Streamline","floor":24.0}],"player_experience":956065,"relics_obtained":[{"floor":7.0,"key":"Mercury Hourglass"},{"floor":12.0,"key":"Matryoshka"},{"floor":24.0,"key":"Bird Faced Urn"},{"floor":26.0,"key":"DataDisk"},{"floor":26.0,"key":"Shuriken"}],"event_choices":[{"damage_healed":0.0,"max_hp_gain":0.0,"max_hp_loss":0.0,"gold_gain":0.0,"event_name":"Shining Light","player_choice":"Entered Light","floor":2.0,"gold_loss":0.0,"damage_taken":21.0,"cards_upgraded":["Defend_B","Defend_B"]},{"damage_healed":0.0,"max_hp_gain":0.0,"max_hp_loss":0.0,"gold_gain":0.0,"event_name":"Scrap Ooze","player_choice":"Success","floor":3.0,"gold_loss":0.0,"damage_taken":18.0,"relics_obtained":["Unceasing Top"]},{"cards_removed":["Strike_B"],"damage_healed":0.0,"max_hp_gain":0.0,"max_hp_loss":0.0,"gold_gain":0.0,"event_name":"Bonfire Elementals","player_choice":"Offered Basic","floor":14.0,"gold_loss":0.0,"damage_taken":0.0},{"cards_removed":["Defend_B"],"damage_healed":0.0,"max_hp_gain":0.0,"max_hp_loss":0.0,"gold_gain":0.0,"event_name":"Beggar","player_choice":"Gave Gold","floor":22.0,"gold_loss":75.0,"damage_taken":0.0},{"damage_healed":0.0,"max_hp_gain":0.0,"max_hp_loss":0.0,"gold_gain":50.0,"event_name":"Nest","player_choice":"Stole From Cult","floor":27.0,"gold_loss":0.0,"damage_taken":0.0}],"is_beta":false,"boss_relics":[{"not_picked":["Cursed Key","Tiny House"],"picked":"Philosopher\u0027s Stone"}],"items_purged_floors":[10],"is_endless":false,"potions_floor_spawned":[11,12,13,16,20],"killed_by":"Gremlin Leader","ascension_level":15}}