{"host":"f5gffvlv6a66yqkd","time":1612459609,"event":{"mods":["2.2 Compatiblity","BaseMod","Colored Map","Custom Start","DeckTracker","Keyboard Shortcuts","Minty Spire (QoL Compilation)","Permanent Neow","Quick Restart","Relic Stats","StSLib","SuperFastMode"],"gold_per_floor":[117,128,128,145,164,164,5,5,31,31,31,45,45,64,64,141,141,157,191,191,209,224,224,224,224,224,224,249,249,268,63,63,142,142,155,171,71,91,313,340,66,66,66],"floor_reached":42,"language":"KOR","playtime":1218,"items_purged":["Strike_P","Defend_P"],"score":872,"play_id":"11902d9b-326d-4644-bc21-2f01dd441c1b","local_time":"20210205022649","is_ascension_mode":true,"campfire_choices":[{"data":"Eruption","floor":6.0,"key":"SMITH"},{"data":"Adaptation","floor":10.0,"key":"SMITH"},{"data":"Scrawl","floor":13.0,"key":"SMITH"},{"data":"CrushJoints","floor":15.0,"key":"SMITH"},{"data":"Ragnarok","floor":23.0,"key":"SMITH"},{"data":"Pray","floor":27.0,"key":"SMITH"},{"floor":32.0,"key":"REST"}],"circlet_count":0,"master_deck":["AscendersBane","Strike_P+1","Strike_P+1","Defend_P","Defend_P","Eruption+1","Vigilance","EmptyFist","Worship","Scrawl+1","Prostrate","Adaptation+1","CrushJoints+1","Ragnarok+1","Pray+1","InnerPeace","TalkToTheHand","MentalFortress"],"relics":["HolyWater","Whetstone","Red Mask","PreservedInsect","Dream Catcher","ClockworkSouvenir","Sozu","Happy Flower","Eternal Feather"],"acts_visited":["Exordium","TheCity","TheBeyond"],"potions_floor_usage":[],"damage_taken":[{"damage":0.0,"enemies":"2 Louse","floor":1.0,"turns":2.0},{"damage":0.0,"enemies":"Cultist","floor":2.0,"turns":3.0},{"damage":0.0,"enemies":"Small Slimes","floor":4.0,"turns":3.0},{"damage":2.0,"enemies":"Looter","floor":5.0,"turns":5.0},{"damage":4.0,"enemies":"3 Louse","floor":12.0,"turns":3.0},{"damage":0.0,"enemies":"Lots of Slimes","floor":14.0,"turns":2.0},{"damage":30.0,"enemies":"The Guardian","floor":16.0,"turns":9.0},{"damage":6.0,"enemies":"2 Thieves","floor":18.0,"turns":3.0},{"damage":22.0,"enemies":"Masked Bandits","floor":19.0,"turns":3.0},{"damage":0.0,"enemies":"Spheric Guardian","floor":21.0,"turns":2.0},{"damage":0.0,"enemies":"Centurion and Healer","floor":22.0,"turns":3.0},{"damage":10.0,"enemies":"Book of Stabbing","floor":28.0,"turns":2.0},{"damage":0.0,"enemies":"Snecko","floor":30.0,"turns":1.0},{"damage":8.0,"enemies":"Automaton","floor":33.0,"turns":6.0},{"damage":6.0,"enemies":"3 Darklings","floor":35.0,"turns":3.0},{"damage":7.0,"enemies":"Orb Walker","floor":36.0,"turns":3.0},{"damage":0.0,"enemies":"Spire Growth","floor":38.0,"turns":2.0},{"damage":9,"enemies":"Giant Head","floor":40,"turns":2},{"damage":43,"enemies":"Nemesis","floor":42,"turns":4}],"seed_played":"2262473419187343223","potions_obtained":[{"floor":4.0,"key":"PowerPotion"},{"floor":8.0,"key":"Weak Potion"},{"floor":8.0,"key":"Block Potion"},{"floor":22.0,"key":"Fire Potion"},{"floor":28.0,"key":"BottledMiracle"},{"floor":33.0,"key":"PowerPotion"}],"is_trial":false,"path_per_floor":["M","M","?","M","M","R","$","?","T","R","$","M","R","M","R","B",null,"M","?","?","M","M","R","?","?","T","R","E","?","M","$","R","B",null,"M","M","$","M","?","E","$","E"],"character_chosen":"WATCHER","items_purchased":["Adaptation","ClockworkSouvenir","MentalFortress","Eternal Feather"],"campfire_rested":1,"item_purchase_floors":[7,31,31,41],"current_hp_per_floor":[61,61,54,54,52,52,52,52,52,52,52,48,48,48,48,18,56,50,28,28,28,28,28,28,28,28,28,18,18,18,18,38,30,59,53,46,46,46,46,37,37,0,0],"gold":66,"neow_bonus":"THREE_CARDS","is_daily":false,"chose_seed":false,"campfire_upgraded":6,"win_rate":0.0,"timestamp":1612459609,"path_taken":["M","M","?","M","M","R","$","?","T","R","$","?","R","M","R","BOSS","M","?","?","M","M","R","?","?","T","R","E","?","M","$","R","BOSS","M","M","?","M","?","E","$","E"],"items_purchased_type":["Card","Relic","Card","Relic"],"build_version":"2020-12-22","purchased_purges":2,"victory":false,"max_hp_per_floor":[68,68,68,68,68,68,68,68,68,68,68,68,68,68,68,68,68,68,68,68,68,68,68,68,68,68,68,68,68,68,68,68,68,68,68,68,68,68,68,68,68,68,68],"relic_stats":{"Sozu":1,"Dream Catcher":1,"Happy Flower":[1],"counters":[19,61],"Eternal Feather":0,"PreservedInsect":223,"Whetstone":["Strike_P","Strike_P"],"obtain_stats":[{"Sozu":34,"Dream Catcher":28,"Happy Flower":40,"HolyWater":17,"Eternal Feather":41,"PreservedInsect":26,"Red Mask":19,"Whetstone":9,"PureWater":0,"ClockworkSouvenir":31},{"Sozu":14,"Dream Catcher":12,"Happy Flower":18,"HolyWater":7,"Eternal Feather":18,"PreservedInsect":11,"Red Mask":9,"Whetstone":4,"PureWater":0,"ClockworkSouvenir":13},{"Sozu":47,"Dream Catcher":40,"Happy Flower":57,"HolyWater":27,"Eternal Feather":57,"PreservedInsect":38,"Red Mask":33,"Whetstone":13,"PureWater":0,"ClockworkSouvenir":41}]},"card_choices":[{"not_picked":["PathToVictory","Evaluate"],"picked":"EmptyFist","floor":0.0},{"not_picked":["Consecrate","Evaluate"],"picked":"Worship","floor":1.0},{"not_picked":["EmptyFist","ClearTheMind","ThirdEye"],"picked":"SKIP","floor":2.0},{"not_picked":["PathToVictory","Crescendo"],"picked":"Scrawl","floor":4.0},{"not_picked":["Collect","CutThroughFate"],"picked":"Prostrate","floor":5.0},{"not_picked":["Crescendo","Protect","PathToVictory"],"picked":"SKIP","floor":12.0},{"not_picked":["SashWhip","FollowUp"],"picked":"CrushJoints","floor":14.0},{"not_picked":["Establishment","Omniscience"],"picked":"Ragnarok","floor":16.0},{"not_picked":["Crescendo","EmptyFist+1","Consecrate"],"picked":"SKIP","floor":18.0},{"not_picked":["Sanctity","WindmillStrike"],"picked":"Pray","floor":21.0},{"not_picked":["CrushJoints","Evaluate","Nirvana"],"picked":"SKIP","floor":22.0},{"not_picked":["Prostrate","JustLucky","ThirdEye"],"picked":"SKIP","floor":28.0},{"not_picked":["Worship","ClearTheMind"],"picked":"TalkToTheHand","floor":30.0},{"not_picked":["ThirdEye","CutThroughFate","Worship"],"picked":"SKIP","floor":35.0},{"not_picked":["Wireheading","JustLucky+1","CrushJoints"],"picked":"SKIP","floor":36.0},{"not_picked":["Evaluate","SandsOfTime","Crescendo"],"picked":"SKIP","floor":38.0},{"not_picked":["CrushJoints","ClearTheMind","SashWhip"],"picked":"SKIP","floor":40}],"player_experience":1647048,"relics_obtained":[{"floor":9.0,"key":"Whetstone"},{"floor":19.0,"key":"Red Mask"},{"floor":26.0,"key":"PreservedInsect"},{"floor":28.0,"key":"Dream Catcher"},{"floor":40,"key":"Happy Flower"}],"event_choices":[{"cards_removed":["Defend_P"],"damage_healed":0.0,"max_hp_gain":0.0,"max_hp_loss":0.0,"gold_gain":0.0,"event_name":"Golden Wing","player_choice":"Card Removal","floor":3.0,"gold_loss":0.0,"damage_taken":7.0},{"damage_healed":0.0,"max_hp_gain":0.0,"max_hp_loss":0.0,"gold_gain":0.0,"event_name":"Lab","player_choice":"Got Potions","floor":8.0,"gold_loss":0.0,"damage_taken":0.0},{"damage_healed":0.0,"max_hp_gain":0.0,"max_hp_loss":0.0,"gold_gain":0.0,"event_name":"Masked Bandits","player_choice":"Fought Bandits","floor":19.0,"gold_loss":0.0,"damage_taken":0.0},{"damage_healed":0.0,"max_hp_gain":0.0,"max_hp_loss":0.0,"gold_gain":0.0,"event_name":"Cursed Tome","player_choice":"Ignored","floor":20.0,"gold_loss":0.0,"damage_taken":0.0},{"damage_healed":0.0,"max_hp_gain":0.0,"max_hp_loss":0.0,"gold_gain":0.0,"event_name":"Ghosts","player_choice":"Ignored","floor":24.0,"gold_loss":0.0,"damage_taken":0.0},{"damage_healed":0.0,"max_hp_gain":0.0,"max_hp_loss":0.0,"gold_gain":0.0,"event_name":"Vampires","player_choice":"Ignored","floor":25.0,"gold_loss":0.0,"damage_taken":0.0},{"damage_healed":0.0,"max_hp_gain":0.0,"max_hp_loss":0.0,"gold_gain":0.0,"cards_transformed":["Strike_P"],"event_name":"Transmorgrifier","player_choice":"Transformed","floor":29.0,"gold_loss":0.0,"damage_taken":0.0,"cards_obtained":["InnerPeace"]},{"damage_healed":0.0,"max_hp_gain":0.0,"max_hp_loss":0.0,"gold_gain":222.0,"event_name":"Tomb of Lord Red Mask","player_choice":"Wore Mask","floor":39.0,"gold_loss":0.0,"damage_taken":0.0}],"is_beta":false,"boss_relics":[{"not_picked":["Velvet Choker","SlaversCollar"],"picked":"HolyWater"},{"not_picked":["Snecko Eye","Coffee Dripper"],"picked":"Sozu"}],"items_purged_floors":[7,37],"is_endless":false,"potions_floor_spawned":[4,12,14,22,28,33,35],"killed_by":"Nemesis","ascension_level":20}}