{"host":"0hb9w7uizu7y13wj","time":1612396987,"event":{"mods":["Act Like it!","Aspiration","BaseMod","BetterRewards","Colored Map","Conspire","Downfall","Energized Spire","FTL Soundtrack","Friendly Minions","Halation","Hubris","Infinite Spire","Minty Spire (QoL Compilation)","Quick Restart","Replay The Spire","StSLib","Synergy Search","The Hierophant","The Jungle","The Poker Player","Trackpad","everything is the same but u backflip on backflip"],"gold_per_floor":[109,109,127,127,127,127,127],"floor_reached":6,"language":"ENG","playtime":412,"items_purged":[],"score":68,"play_id":"8f2d2c67-6604-4e4d-9cd3-91eb53b91433","local_time":"20210204000307","is_ascension_mode":true,"campfire_choices":[],"circlet_count":0,"master_deck":["AscendersBane","Strike_G","Strike_G","Strike_G","Strike_G","Strike_G","Defend_G","Defend_G","Defend_G","Defend_G","Survivor","Neutralize","hubris:EnhanceAbility","Injury","hubris:Sniper+1"],"relics":["Ring of the Snake","Replay:Rubber Ducky","Incense Burner","PrismaticShard","infinitespire:FocusingShard","Golden Idol"],"acts_visited":["Exordium"],"potions_floor_usage":[6,6],"damage_taken":[{"damage":0,"enemies":"Cultist","floor":1,"turns":5},{"damage":0,"enemies":"2 Louse","floor":3,"turns":4},{"damage":20,"enemies":"Replay:BlueRogue","floor":6,"turns":16}],"seed_played":"6608151487747310218","potions_obtained":[{"floor":1,"key":"LifebloodPotion"},{"floor":3,"key":"Elixir"}],"is_trial":false,"path_per_floor":["M","T","M","?","?","E"],"character_chosen":"THE_SILENT","items_purchased":["hubris:EnhanceAbility","Replay:Rubber Ducky","PrismaticShard"],"campfire_rested":0,"item_purchase_floors":[0,0,0],"current_hp_per_floor":[28,28,28,28,28,8,8],"gold":127,"neow_bonus":"","is_daily":false,"chose_seed":false,"campfire_upgraded":0,"win_rate":0.0,"timestamp":1612396987,"path_taken":["M","?","M","?","?","E"],"items_purchased_type":["Card","Relic","Relic"],"build_version":"2020-12-22","purchased_purges":0,"victory":false,"max_hp_per_floor":[66,66,66,66,66,66,66],"card_choices":[{"not_picked":["bronze:DelayedGuard","hierophant:OrnateBuckler","sneckomod:UnknownClassPOKER_PLAYER_GRAY"],"picked":"SKIP","floor":1},{"not_picked":["FlurryOfBlows","bronze:Safeguard","hierophant:RepressedViolence"],"picked":"SKIP","floor":3}],"player_experience":959370,"relics_obtained":[{"floor":2,"key":"infinitespire:FocusingShard"}],"event_choices":[{"damage_healed":0,"gold_gain":0,"player_choice":"Take Wound","damage_taken":0,"relics_obtained":["Golden Idol"],"max_hp_gain":0,"max_hp_loss":0,"event_name":"Golden Idol","floor":4,"gold_loss":0,"cards_obtained":["Injury"]}],"is_beta":false,"boss_relics":[],"items_purged_floors":[],"is_endless":false,"potions_floor_spawned":[1,3],"killed_by":"Replay:BlueRogue","ascension_level":20}}