{"host":"7rmsgc3rayi00cdt","time":1612452361,"event":{"mods":["BaseMod","Minty Spire (QoL Compilation)"],"gold_per_floor":[119,130,110,122,133,133,166,182,182,17,167,180,210,230,230,230,230],"floor_reached":16,"language":"ENG","playtime":531,"items_purged":[],"score":222,"play_id":"be6b15fe-d4fb-4281-ae25-dbb198b55c68","local_time":"20210204152601","is_ascension_mode":true,"campfire_choices":[{"floor":6,"key":"REST"},{"floor":15,"key":"REST"}],"circlet_count":0,"master_deck":["AscendersBane","Strike_B","Strike_B","Strike_B","Strike_B","Defend_B","Defend_B","Defend_B","Defend_B","Zap","Dualcast","Bandage Up","Leap","Rebound","Go for the Eyes","Doubt","Gash","Leap"],"relics":["Cracked Core","StrikeDummy","Mango","DataDisk","The Courier"],"acts_visited":["Exordium"],"potions_floor_usage":[5,7,13,16],"damage_taken":[{"damage":7,"enemies":"Small Slimes","floor":1,"turns":3},{"damage":2,"enemies":"Cultist","floor":2,"turns":4},{"damage":1,"enemies":"2 Louse","floor":4,"turns":4},{"damage":24,"enemies":"Exordium Wildlife","floor":5,"turns":6},{"damage":31,"enemies":"3 Sentries","floor":7,"turns":9},{"damage":7,"enemies":"Looter","floor":8,"turns":3},{"damage":0,"enemies":"Large Slime","floor":12,"turns":5},{"damage":30,"enemies":"Lagavulin","floor":13,"turns":6},{"damage":14,"enemies":"Exordium Thugs","floor":14,"turns":5},{"damage":58,"enemies":"Slime Boss","floor":16,"turns":8}],"seed_played":"-3531917636542763202","potions_obtained":[{"floor":1,"key":"AttackPotion"},{"floor":3,"key":"SpeedPotion"},{"floor":7,"key":"PotionOfCapacity"},{"floor":12,"key":"SteroidPotion"},{"floor":13,"key":"EssenceOfSteel"}],"is_trial":false,"path_per_floor":["M","M","?","M","M","R","E","M","T","$","?","M","E","M","R","B"],"character_chosen":"DEFECT","items_purchased":["DataDisk"],"campfire_rested":2,"item_purchase_floors":[10],"current_hp_per_floor":[61,63,63,66,46,67,40,37,51,51,51,55,29,19,44,0,0],"gold":230,"neow_bonus":"RANDOM_COLORLESS","is_daily":false,"chose_seed":false,"campfire_upgraded":0,"win_rate":0.0,"timestamp":1612452361,"path_taken":["M","M","?","?","M","R","E","M","T","?","?","M","E","M","R","BOSS"],"items_purchased_type":["Relic"],"build_version":"2020-12-22","purchased_purges":0,"victory":false,"max_hp_per_floor":[71,71,71,71,71,71,71,71,85,85,85,85,85,85,85,85,85],"card_choices":[{"not_picked":["Madness","Deep Breath"],"picked":"Bandage Up","floor":0},{"not_picked":["Rebound","Sweeping Beam"],"picked":"Leap","floor":1},{"not_picked":["Ball Lightning","White Noise","Cold Snap"],"picked":"SKIP","floor":2},{"not_picked":["Defragment","Barrage"],"picked":"Rebound","floor":4},{"not_picked":["Rebound","Storm","Loop"],"picked":"SKIP","floor":5},{"not_picked":["Glacier","Chaos","Consume"],"picked":"SKIP","floor":7},{"not_picked":["Barrage","Coolheaded"],"picked":"Go for the Eyes","floor":8},{"not_picked":["Steam","Cold Snap","Stack"],"picked":"SKIP","floor":12},{"not_picked":["Thunder Strike","Barrage"],"picked":"Gash","floor":13},{"not_picked":["Fusion","Stack"],"picked":"Leap","floor":14}],"player_experience":794916,"relics_obtained":[{"floor":7,"key":"StrikeDummy"},{"floor":9,"key":"Mango"},{"floor":13,"key":"The Courier"}],"event_choices":[{"damage_healed":0,"gold_gain":0,"player_choice":"Bought 1 Potion","damage_taken":0,"max_hp_gain":0,"max_hp_loss":0,"event_name":"The Woman in Blue","floor":3,"gold_loss":0},{"damage_healed":0,"gold_gain":150,"player_choice":"AGREE","damage_taken":0,"max_hp_gain":0,"max_hp_loss":0,"event_name":"Liars Game","floor":11,"gold_loss":0,"cards_obtained":["Doubt"]}],"is_beta":false,"boss_relics":[],"items_purged_floors":[],"is_endless":false,"potions_floor_spawned":[1,7,12,13],"killed_by":"Slime Boss","ascension_level":19}}