{"host":"dvpvhz1t6etneyb3","time":1612406554,"event":{"mods":["AchievementEnabler","BaseMod","Colored Map","Highlight Path","Minty Spire (QoL Compilation)","Permanent Neow","Quick Restart"],"gold_per_floor":[119,131,141,216,216,245,245,245,320,345,38,73,103,119,119,193,193,211,38,57,57,77,77,111,111,111,128,128,128,53,68,68,145,145,158,208,258,268,99,0,27,27,54,54,54,54],"floor_reached":45,"language":"ENG","playtime":2812,"items_purged":["Defend_B"],"score":1004,"play_id":"30d721a6-0fd0-4030-9e8d-f439ff0fee34","local_time":"20210203214234","is_ascension_mode":true,"campfire_choices":[{"data":"Doom and Gloom","floor":7.0,"key":"SMITH"},{"floor":15.0,"key":"REST"},{"floor":23.0,"key":"REST"},{"data":"Fission","floor":25.0,"key":"SMITH"},{"floor":28.0,"key":"DIG"},{"floor":32.0,"key":"DIG"},{"floor":42,"key":"DIG"},{"floor":44,"key":"DIG"}],"circlet_count":0,"master_deck":["AscendersBane","Strike_B","Strike_B","Strike_B","Strike_B","Defend_B","Defend_B","Defend_B","Zap+1","Dualcast","Cold Snap","Glacier","Doom and Gloom+1","Ball Lightning","Undo","Coolheaded","Capacitor+1","Fission+1","Compile Driver+1","Turbo","Coolheaded+1","Turbo+1","Creative AI+1","Doom and Gloom","Heatsinks+1","Echo Form+1"],"relics":["Cracked Core","Shovel","StrikeDummy","Shuriken","Ice Cream","Frozen Egg 2","Potion Belt","Odd Mushroom","SlaversCollar","PreservedInsect","Enchiridion","Meat on the Bone","Art of War","Blood Vial","SsserpentHead","White Beast Statue","Snecko Eye","Mercury Hourglass","Bag of Preparation","Red Mask","Happy Flower","CeramicFish","Bronze Scales"],"acts_visited":["Exordium","TheCity","TheBeyond"],"potions_floor_usage":[41,41,45],"damage_taken":[{"damage":3.0,"enemies":"2 Louse","floor":1.0,"turns":3.0},{"damage":5.0,"enemies":"Jaw Worm","floor":2.0,"turns":4.0},{"damage":0.0,"enemies":"Small Slimes","floor":3.0,"turns":3.0},{"damage":9.0,"enemies":"3 Sentries","floor":6.0,"turns":5.0},{"damage":10.0,"enemies":"Lagavulin","floor":10.0,"turns":7.0},{"damage":13.0,"enemies":"3 Sentries","floor":12.0,"turns":4.0},{"damage":7.0,"enemies":"The Mushroom Lair","floor":13.0,"turns":4.0},{"damage":0.0,"enemies":"Looter","floor":14.0,"turns":4.0},{"damage":19.0,"enemies":"The Guardian","floor":16.0,"turns":14.0},{"damage":12.0,"enemies":"2 Thieves","floor":18.0,"turns":3.0},{"damage":5.0,"enemies":"Shell Parasite","floor":20.0,"turns":9.0},{"damage":9.0,"enemies":"Snake Plant","floor":22.0,"turns":4.0},{"damage":10.0,"enemies":"Slavers","floor":24.0,"turns":4.0},{"damage":0.0,"enemies":"Cultist and Chosen","floor":27.0,"turns":3.0},{"damage":4.0,"enemies":"Centurion and Healer","floor":31.0,"turns":5.0},{"damage":1.0,"enemies":"Champ","floor":33.0,"turns":13.0},{"damage":6.0,"enemies":"3 Darklings","floor":35.0,"turns":6.0},{"damage":0,"enemies":"3 Shapes","floor":38,"turns":2},{"damage":0,"enemies":"Reptomancer","floor":41,"turns":4},{"damage":95,"enemies":"Giant Head","floor":45,"turns":8}],"seed_played":"-1554866734508228127","potions_obtained":[{"floor":1.0,"key":"Explosive Potion"},{"floor":6.0,"key":"Ancient Potion"},{"floor":10.0,"key":"GamblersBrew"},{"floor":12.0,"key":"SpeedPotion"},{"floor":18.0,"key":"Weak Potion"},{"floor":22.0,"key":"Swift Potion"},{"floor":24.0,"key":"Weak Potion"},{"floor":33.0,"key":"LiquidBronze"},{"floor":35.0,"key":"SteroidPotion"},{"floor":38,"key":"DistilledChaos"},{"floor":41,"key":"ColorlessPotion"}],"is_trial":false,"path_per_floor":["M","M","M","?","T","E","R","?","T","E","$","E","?","M","R","B",null,"M","$","M","?","M","R","E","R","T","M","R","?","$","M","R","B",null,"M","?","T","M","$","?","E","R","T","R","E"],"character_chosen":"DEFECT","items_purchased":["Frozen Egg 2","Undo","PreservedInsect","Bag of Preparation"],"campfire_rested":2,"item_purchase_floors":[11,11,19,39],"current_hp_per_floor":[61,56,56,45,45,36,36,36,36,26,26,13,6,6,27,8,55,43,43,38,17,8,29,19,19,19,31,31,31,31,41,41,42,64,60,60,60,62,62,62,64,64,64,64,0,0],"gold":54,"neow_bonus":"UPGRADE_CARD","is_daily":false,"chose_seed":false,"campfire_upgraded":2,"win_rate":0.0,"timestamp":1612406554,"path_taken":["M","M","M","?","?","E","R","?","T","E","$","E","?","M","R","BOSS","M","$","M","?","M","R","E","R","T","M","R","?","$","M","R","BOSS","M","?","?","M","$","?","E","R","T","R","E"],"items_purchased_type":["Relic","Card","Relic","Relic"],"build_version":"2020-12-22","purchased_purges":1,"victory":false,"max_hp_per_floor":[71,71,71,71,71,71,71,71,71,71,71,71,71,71,71,71,71,71,71,71,71,71,71,71,71,71,71,71,71,71,71,71,71,71,71,71,71,71,71,71,71,71,71,71,71,71],"card_choices":[{"not_picked":["Compile Driver","Conserve Battery"],"picked":"Cold Snap","floor":1.0},{"not_picked":["Go for the Eyes","Self Repair"],"picked":"Glacier","floor":2.0},{"not_picked":["Barrage","Hologram"],"picked":"Doom and Gloom","floor":3.0},{"not_picked":["Streamline","Steam","Creative AI"],"picked":"SKIP","floor":6.0},{"not_picked":["Streamline","Steam","Creative AI"],"picked":"SKIP","floor":6.0},{"not_picked":["Gash","Redo"],"picked":"Ball Lightning","floor":10.0},{"not_picked":["Redo","Gash"],"picked":"Coolheaded","floor":12.0},{"not_picked":["Turbo","Cold Snap"],"picked":"Capacitor+1","floor":14.0},{"not_picked":["Amplify","Creative AI+1"],"picked":"Fission","floor":16.0},{"not_picked":["Doom and Gloom","Coolheaded"],"picked":"Compile Driver+1","floor":18.0},{"not_picked":["BootSequence","Consume"],"picked":"Turbo","floor":20.0},{"not_picked":["Compile Driver","Cold Snap"],"picked":"Coolheaded+1","floor":22.0},{"not_picked":["Sweeping Beam","Redo","Leap"],"picked":"SKIP","floor":24.0},{"not_picked":["Reinforced Body","Force Field","Turbo"],"picked":"SKIP","floor":27.0},{"not_picked":["Compile Driver","Leap"],"picked":"Turbo+1","floor":31.0},{"not_picked":["All For One","Thunder Strike"],"picked":"Creative AI+1","floor":33.0},{"not_picked":["Stack","Melter"],"picked":"Doom and Gloom","floor":35.0},{"not_picked":["Double Energy","Leap"],"picked":"Heatsinks+1","floor":38},{"not_picked":["Ball Lightning","Steam"],"picked":"Echo Form+1","floor":41}],"player_experience":2140272,"relics_obtained":[{"floor":5.0,"key":"Shovel"},{"floor":6.0,"key":"StrikeDummy"},{"floor":9.0,"key":"Shuriken"},{"floor":10.0,"key":"Ice Cream"},{"floor":12.0,"key":"Potion Belt"},{"floor":13.0,"key":"Odd Mushroom"},{"floor":21.0,"key":"Enchiridion"},{"floor":24.0,"key":"Meat on the Bone"},{"floor":26.0,"key":"Art of War"},{"floor":28.0,"key":"Blood Vial"},{"floor":32.0,"key":"White Beast Statue"},{"floor":37,"key":"Mercury Hourglass"},{"floor":41,"key":"Happy Flower"},{"floor":42,"key":"CeramicFish"},{"floor":44,"key":"Bronze Scales"}],"event_choices":[{"damage_healed":0.0,"max_hp_gain":0.0,"max_hp_loss":0.0,"gold_gain":75.0,"event_name":"World of Goop","player_choice":"Gather Gold","floor":4.0,"gold_loss":0.0,"damage_taken":11.0},{"damage_healed":0.0,"max_hp_gain":0.0,"max_hp_loss":0.0,"gold_gain":0.0,"event_name":"Scrap Ooze","player_choice":"Fled","floor":8.0,"gold_loss":0.0,"damage_taken":0.0},{"damage_healed":0.0,"max_hp_gain":0.0,"max_hp_loss":0.0,"gold_gain":0.0,"event_name":"Mushrooms","player_choice":"Fought Mushrooms","floor":13.0,"gold_loss":0.0,"damage_taken":0.0},{"damage_healed":0.0,"max_hp_gain":0.0,"max_hp_loss":0.0,"gold_gain":0.0,"event_name":"Cursed Tome","player_choice":"Obtained Book","floor":21.0,"gold_loss":0.0,"damage_taken":21.0},{"damage_healed":0.0,"max_hp_gain":0.0,"max_hp_loss":0.0,"gold_gain":0.0,"event_name":"FaceTrader","player_choice":"Trade","floor":29.0,"gold_loss":0.0,"damage_taken":0.0,"relics_obtained":["SsserpentHead"]},{"damage_healed":0,"gold_gain":0,"player_choice":"Ignored","damage_taken":0,"max_hp_gain":0,"max_hp_loss":0,"event_name":"Mysterious Sphere","floor":36,"gold_loss":0},{"damage_healed":0,"gold_gain":0,"player_choice":"Paid","damage_taken":0,"relics_obtained":["Red Mask"],"max_hp_gain":0,"max_hp_loss":0,"event_name":"Tomb of Lord Red Mask","floor":40,"gold_loss":149}],"is_beta":false,"boss_relics":[{"not_picked":["Calling Bell","Coffee Dripper"],"picked":"SlaversCollar"},{"not_picked":["Inserter","Cursed Key"],"picked":"Snecko Eye"}],"items_purged_floors":[30],"is_endless":false,"potions_floor_spawned":[1,6,10,12,18,22,24,33,35,38,41],"killed_by":"Giant Head","ascension_level":20}}