{"host":"15f3wpiimhe5yrng","time":1612474116,"event":{"mods":["BaseMod","Better Altar","Better Match","Better Note","Better Sensory Stone","Better Skull","Better Third Choice","Colored Map","Downfall","GifTheSpireLib","Good Game Mod","Minty Spire (QoL Compilation)","Permanent Neow","StSLib","The Disciple","The Mystic"],"gold_per_floor":[110,123,141,141,141,171,171,205,230,230,71,84,84,84],"floor_reached":13,"language":"ENG","playtime":1300,"items_purged":["Strike_G"],"score":186,"play_id":"aac66338-1bd8-4b37-9d40-7f2743cc2270","local_time":"20210204222836","is_ascension_mode":true,"campfire_choices":[{"floor":7,"key":"REST"},{"floor":10,"key":"REST"}],"circlet_count":0,"master_deck":["AscendersBane","Strike_G+1","Strike_G","Strike_G","Defend_G","Defend_G","Defend_G","Defend_G","Defend_G","Survivor","Neutralize+1","Deflect","Deadly Poison","Noxious Fumes","Strike_G","Bouncing Flask","Deflect","Cloak And Dagger","Bane","Deadly Poison","Bane"],"relics":["Ring of the Snake","REME:ComplimentaryCards","Nunchaku","Dream Catcher","Potion Belt","Orichalcum"],"acts_visited":["Exordium"],"potions_floor_usage":[6,8,13],"damage_taken":[{"damage":2,"enemies":"Jaw Worm","floor":1,"turns":6},{"damage":4,"enemies":"2 Louse","floor":2,"turns":3},{"damage":3,"enemies":"Cultist","floor":3,"turns":4},{"damage":14,"enemies":"Lagavulin","floor":6,"turns":7},{"damage":32,"enemies":"Gremlin Nob","floor":8,"turns":4},{"damage":4,"enemies":"Large Slime","floor":12,"turns":5},{"damage":19,"enemies":"3 Sentries","floor":13,"turns":5}],"seed_played":"-1465675163947518547","potions_obtained":[{"floor":1,"key":"CunningPotion"},{"floor":3,"key":"BlessingOfTheForge"},{"floor":6,"key":"LiquidBronze"}],"is_trial":false,"path_per_floor":["M","M","M","?","?","E","R","E","T","R","$","M","E"],"character_chosen":"THE_SILENT","items_purchased":["Deadly Poison","Bane"],"campfire_rested":2,"item_purchase_floors":[11,11],"current_hp_per_floor":[57,53,50,30,30,16,35,3,3,22,22,18,0,0],"gold":84,"neow_bonus":"RANDOM_COMMON_RELIC","is_daily":false,"chose_seed":false,"campfire_upgraded":0,"win_rate":0.0,"timestamp":1612474116,"path_taken":["M","M","M","?","?","E","R","E","T","R","$","?","E"],"items_purchased_type":["Card","Card"],"build_version":"2020-12-22","purchased_purges":1,"victory":false,"max_hp_per_floor":[66,66,66,66,66,66,66,66,66,66,66,66,66,66],"card_choices":[{"not_picked":["Bane","Quick Slash"],"picked":"Deflect","floor":1},{"not_picked":["Accuracy","PiercingWail"],"picked":"Deadly Poison","floor":2},{"not_picked":["Outmaneuver","Deflect"],"picked":"Noxious Fumes","floor":3},{"not_picked":["PiercingWail","Caltrops"],"picked":"Bouncing Flask","floor":6},{"not_picked":["Tactician","Blade Dance"],"picked":"Deflect","floor":7},{"not_picked":["Terror","Outmaneuver"],"picked":"Cloak And Dagger","floor":8},{"not_picked":["Cloak And Dagger","Prepared"],"picked":"Bane","floor":10},{"not_picked":["Prepared","Bane","Skewer"],"picked":"SKIP","floor":12}],"player_experience":122451,"relics_obtained":[{"floor":6,"key":"Dream Catcher"},{"floor":8,"key":"Potion Belt"},{"floor":9,"key":"Orichalcum"}],"event_choices":[{"damage_healed":50,"gold_gain":0,"player_choice":"Upgrade","damage_taken":20,"max_hp_gain":0,"max_hp_loss":66,"event_name":"betterThird:BetterShining","floor":4,"gold_loss":0,"cards_upgraded":["Strike_G","Neutralize"]},{"cards_removed":["Strike_G"],"damage_healed":0,"gold_gain":0,"player_choice":"Offered Basic","damage_taken":0,"max_hp_gain":0,"max_hp_loss":0,"event_name":"Bonfire Elementals","floor":5,"gold_loss":0}],"is_beta":false,"boss_relics":[],"items_purged_floors":[11],"is_endless":false,"potions_floor_spawned":[1,3,6],"killed_by":"3 Sentries","ascension_level":20}}