{"host":"xiain65d2hovry7l","time":1612482153,"event":{"mods":["2.2 Compatiblity","Act Like it!","BaseMod","Better Match","Better Note","BetterRewards","Challenge The Spire","Colored Map","Colored Powertips","Downfall","Friendly Minions","Mimic Mod","Minty Spire (QoL Compilation)","Remilia??????","StSLib","The Administrix","The Construct","The Necromancer","The Servant 0.9.4","Unknown Chances"],"gold_per_floor":[111,130,130,305,323,323,323],"floor_reached":6,"language":"ENG","playtime":101,"items_purged":[],"score":40,"play_id":"320d4afa-18cf-431c-9c5c-e2740de94d8b","local_time":"20210205004233","is_ascension_mode":true,"campfire_choices":[],"circlet_count":0,"master_deck":["Strike_S","Strike_S","Strike_S+1","Strike_S","Defend_S","Defend_S","KidneyShot","Exchange","Gouge","Defy","Doubt","Potential"],"relics":["Uniform"],"acts_visited":["Exordium"],"potions_floor_usage":[],"damage_taken":[{"damage":14,"enemies":"Jaw Worm","floor":1,"turns":3},{"damage":4,"enemies":"Small Slimes","floor":2,"turns":3},{"damage":10,"enemies":"2 Louse","floor":5,"turns":2},{"damage":36,"enemies":"3 Sentries","floor":6,"turns":3}],"seed_played":"8078137158299317801","potions_obtained":[{"floor":1,"key":"Energy Potion"},{"floor":5,"key":"SpeedPotion"}],"is_trial":false,"path_per_floor":["M","M","?","?","M","E"],"character_chosen":"THE_SERVANT","items_purchased":[],"campfire_rested":0,"item_purchase_floors":[],"current_hp_per_floor":[45,41,41,41,31,0,0],"gold":323,"neow_bonus":"REMOVE_TWO","is_daily":false,"chose_seed":false,"campfire_upgraded":0,"win_rate":0.0,"timestamp":1612482153,"path_taken":["M","M","?","?","?","E"],"items_purchased_type":[],"build_version":"2020-12-22","purchased_purges":0,"victory":false,"max_hp_per_floor":[59,59,59,59,59,59,59],"card_choices":[{"not_picked":["Sabotage","ShatteredReality"],"picked":"Gouge","floor":1},{"not_picked":["BottledTime","Revamp"],"picked":"Defy","floor":2},{"not_picked":["Moonlight","Spin"],"picked":"Potential","floor":5}],"player_experience":703582,"relics_obtained":[],"event_choices":[{"damage_healed":0,"gold_gain":0,"player_choice":"Grow","damage_taken":0,"max_hp_gain":0,"max_hp_loss":0,"event_name":"Living Wall","floor":3,"gold_loss":0,"cards_upgraded":["Strike_S"]},{"damage_healed":0,"gold_gain":175,"player_choice":"AGREE","damage_taken":0,"max_hp_gain":0,"max_hp_loss":0,"event_name":"Liars Game","floor":4,"gold_loss":0,"cards_obtained":["Doubt"]}],"is_beta":false,"boss_relics":[],"items_purged_floors":[],"is_endless":false,"potions_floor_spawned":[1,5],"killed_by":"3 Sentries","ascension_level":2}}