{"host":"jbmvtpvel2a8rbg6","time":1612461229,"event":{"mods":["Aspiration","BaseMod","Better Match","Better Sensory Stone","Better Skull","Conspire","Downfall","Energized Spire","GungeonMod","Hubris","Infinite Spire","Minty Spire (QoL Compilation)","RRrroohrrRGHHhhh!!","Reliquary","Replay The Spire","StSLib","Wandering Minibosses"],"gold_per_floor":[116,175,189,38,38,38,38,48,48,80,91,91,102,102,102,114,114,209,209,223,241,258,258,273,273,306,306,306],"floor_reached":27,"language":"ENG","playtime":1812,"items_purged":[],"score":235,"play_id":"60f55ffd-b852-4549-b253-1cc177e57a4e","local_time":"20210204095349","is_ascension_mode":false,"campfire_choices":[{"data":"Sunder","floor":6,"key":"SMITH"},{"data":"sneckomod:UnknownClassGREEN","floor":25,"key":"SMITH"}],"circlet_count":0,"master_deck":["Strike_B","Strike_B","Strike_B","Defend_B","Defend_B","Defend_B","Defend_B","Zap+1","Dualcast","Barrage+2","Sunder+1","FTL","DemoMod:ProbeStrike+2","sneckomod:UnknownClassGREEN+1","Dagger Spray","Guardian:Gem_Red","infinitespire:DeathsTouch"],"relics":["Cracked Core","PrismaticShard","Shuriken","conspire:InfiniteJournal","DemoMod:Metronome","FaceOfCleric","reliquary:WritOfMandamus","Whetstone"],"acts_visited":["Exordium","TheCity"],"potions_floor_usage":[10,18,26,26,27],"damage_taken":[{"damage":5,"enemies":"2 Louse","floor":1,"turns":2},{"damage":3,"enemies":"Jaw Worm","floor":3,"turns":3},{"damage":0,"enemies":"Small Slimes","floor":8,"turns":1},{"damage":12,"enemies":"3 Sentries","floor":10,"turns":5},{"damage":3,"enemies":"Gremlin Gang","floor":11,"turns":3},{"damage":5,"enemies":"Looter","floor":13,"turns":3},{"damage":0,"enemies":"2 Fungi Beasts","floor":16,"turns":2},{"damage":27,"enemies":"The Guardian","floor":18,"turns":6},{"damage":19,"enemies":"Shell Parasite","floor":20,"turns":3},{"damage":10,"enemies":"Chosen","floor":21,"turns":3},{"damage":14,"enemies":"Centurion and Healer","floor":22,"turns":4},{"damage":10,"enemies":"Chosen and Byrds","floor":24,"turns":4},{"damage":16,"enemies":"Book of Stabbing","floor":26,"turns":4},{"damage":27,"enemies":"Snecko","floor":27,"turns":2}],"seed_played":"1361272585258547472","potions_obtained":[{"floor":3,"key":"Swift Potion"},{"floor":8,"key":"Death Potion"},{"floor":16,"key":"EssenceOfDarkness"},{"floor":20,"key":"Languid Potion"},{"floor":24,"key":"EssenceOfSteel"},{"floor":26,"key":"Strength Potion"}],"is_trial":false,"path_per_floor":["M","?","M","$","?","R","T","M","T","E","M","?","M","PTL","PTL","M","R","B",null,"M","M","M","AVR","M","R","E","M"],"character_chosen":"DEFECT","items_purchased":["PrismaticShard"],"campfire_rested":0,"item_purchase_floors":[4],"current_hp_per_floor":[70,70,67,67,52,52,52,52,52,40,37,37,33,33,33,34,57,31,78,60,51,38,38,29,29,14,0,0],"gold":306,"neow_bonus":"TRANSFORM_CARD","is_daily":false,"chose_seed":false,"campfire_upgraded":2,"win_rate":0.0,"timestamp":1612461229,"path_taken":["M","?","M","$","?","R","?","M","T","E","M","?","?","PTL","PTL","M","R","BOSS","M","M","M","AVR","M","R","E","M"],"items_purchased_type":["Relic"],"build_version":"2020-12-22","purchased_purges":0,"victory":false,"max_hp_per_floor":[75,75,75,75,75,75,75,75,75,75,75,75,76,76,76,77,77,78,78,79,80,81,81,82,82,83,83,83],"card_choices":[{"not_picked":["rorgmod:Storm","rorgmod:Steady Aim"],"picked":"Sunder","floor":1},{"not_picked":["Force Field","Compile Driver"],"picked":"FTL","floor":3},{"not_picked":["bronze:AlphaBuild","Crippling Poison"],"picked":"DemoMod:ProbeStrike","floor":8},{"not_picked":["hexamod:BacktrackSmack","DemoMod:FastSwitch"],"picked":"sneckomod:UnknownClassGREEN","floor":10},{"not_picked":["hexamod:AdvancingGuard","Heavy Blade","hexamod:BurningTouch"],"picked":"SKIP","floor":11},{"not_picked":["DemoMod:GunstockTap","Cloak And Dagger","Slimebound:TongueLash"],"picked":"SKIP","floor":13},{"not_picked":["DemoMod:DoubleSwitch","rorgmod:Loose Screws"],"picked":"Dagger Spray","floor":16},{"not_picked":["FTL","hexamod:GhostLash","champ:FanOfKnives+1"],"picked":"SKIP","floor":20},{"not_picked":["champ:Circumvent","Slimebound:FinishingTackle","Hologram"],"picked":"SKIP","floor":21},{"not_picked":["Night Terror","Flame Barrier+1"],"picked":"Guardian:Gem_Red","floor":22},{"not_picked":["Hidden Blade","Dagger Throw","Havoc"],"picked":"SKIP","floor":24},{"not_picked":["DemoMod:BoxingGlove","hexamod:ThermalTransfer","champ:SetATrap"],"picked":"SKIP","floor":26}],"player_experience":821654,"relics_obtained":[{"floor":7,"key":"Shuriken"},{"floor":9,"key":"conspire:InfiniteJournal"},{"floor":10,"key":"DemoMod:Metronome"},{"floor":26,"key":"Whetstone"}],"event_choices":[{"damage_healed":0,"gold_gain":59,"player_choice":"Gained Gold","damage_taken":0,"max_hp_gain":0,"max_hp_loss":0,"event_name":"Golden Wing","floor":2,"gold_loss":0},{"damage_healed":0,"gold_gain":0,"player_choice":"Entered Light","damage_taken":15,"max_hp_gain":0,"max_hp_loss":0,"event_name":"Shining Light","floor":5,"gold_loss":0,"cards_upgraded":["Barrage","Zap"]},{"damage_healed":0,"gold_gain":0,"player_choice":"Trade","damage_taken":0,"relics_obtained":["FaceOfCleric"],"max_hp_gain":0,"max_hp_loss":0,"event_name":"FaceTrader","floor":12,"gold_loss":0}],"is_beta":false,"boss_relics":[{"not_picked":["energizedSpire:NeverEndingSparkler","energizedSpire:RedRose"],"picked":"reliquary:WritOfMandamus"}],"items_purged_floors":[],"is_endless":false,"potions_floor_spawned":[3,8,16,20,24,26],"killed_by":"Snecko","ascension_level":0}}