{"host":"5mo0809oo9tcrmpl","time":1612413613,"event":{"mods":["BaseMod","Highlight Path","Minty Spire (QoL Compilation)","Relic Stats","Slay the Relics Exporter"],"gold_per_floor":[109,126,144,163,181,181,215,215,238,258,271,293,293,328,328,401,401,412,49,59,71,71,71,101,101,128,128,155,168,198,216,216,291,291,308,308,333,94,108,108,108,122,122,122,150,165,200,217,217,217,217,217,217,34,67,67],"floor_reached":57,"language":"ENG","playtime":4245,"items_purged":["Strike_G","Strike_G"],"score":2843,"play_id":"ace40251-5553-46ea-bcd8-c1e3288d9043","local_time":"20210203224013","is_ascension_mode":true,"campfire_choices":[{"data":"Neutralize","floor":6.0,"key":"SMITH"},{"data":"Noxious Fumes","floor":8.0,"key":"SMITH"},{"data":"Leg Sweep","floor":15.0,"key":"SMITH"},{"floor":23.0,"key":"REST"},{"floor":25.0,"key":"REST"},{"floor":32.0,"key":"REST"},{"floor":40.0,"key":"RECALL"},{"floor":49.0,"key":"REST"},{"floor":53.0,"key":"REST"}],"circlet_count":0,"master_deck":["AscendersBane","Strike_G","Defend_G+1","Defend_G","Defend_G","Defend_G","Defend_G","Survivor","Neutralize+1","All Out Attack","Blade Dance","Deflect","Flying Knee","Predator","Noxious Fumes+1","Catalyst","Calculated Gamble","A Thousand Cuts","Leg Sweep+1","After Image","Backflip+1","Backstab","Infinite Blades","Blade Dance","Well Laid Plans","Dodge and Roll+1","Storm of Steel","PiercingWail+1","Infinite Blades","Corpse Explosion","Footwork+1","Purity","Caltrops+1","Backstab","Footwork","Distraction+1","Blade Dance"],"relics":["Ring of the Snake","Regal Pillow","Dead Branch","Odd Mushroom","Anchor","Fusion Hammer","HornCleat","Dream Catcher","Toy Ornithopter","StrikeDummy","Blood Vial","Cursed Key","Du-Vu Doll","Paper Crane","Molten Egg 2","Happy Flower","War Paint"],"acts_visited":["Exordium","TheCity","TheBeyond","TheEnding"],"potions_floor_usage":[56,56],"damage_taken":[{"damage":4.0,"enemies":"Small Slimes","floor":1.0,"turns":6.0},{"damage":3.0,"enemies":"2 Louse","floor":2.0,"turns":3.0},{"damage":1.0,"enemies":"Jaw Worm","floor":3.0,"turns":3.0},{"damage":7.0,"enemies":"Blue Slaver","floor":4.0,"turns":6.0},{"damage":0.0,"enemies":"2 Fungi Beasts","floor":5.0,"turns":4.0},{"damage":2.0,"enemies":"Gremlin Nob","floor":7.0,"turns":3.0},{"damage":4.0,"enemies":"Large Slime","floor":10.0,"turns":3.0},{"damage":0.0,"enemies":"Red Slaver","floor":11.0,"turns":3.0},{"damage":7.0,"enemies":"The Mushroom Lair","floor":12.0,"turns":4.0},{"damage":7.0,"enemies":"Lagavulin","floor":14.0,"turns":7.0},{"damage":14.0,"enemies":"The Guardian","floor":16.0,"turns":9.0},{"damage":2.0,"enemies":"2 Thieves","floor":18.0,"turns":4.0},{"damage":0.0,"enemies":"3 Byrds","floor":20.0,"turns":3.0},{"damage":6.0,"enemies":"Snake Plant","floor":21.0,"turns":4.0},{"damage":27.0,"enemies":"Gremlin Leader","floor":24.0,"turns":5.0},{"damage":16.0,"enemies":"Slavers","floor":28.0,"turns":4.0},{"damage":0.0,"enemies":"Cultist and Chosen","floor":29.0,"turns":4.0},{"damage":11.0,"enemies":"Gremlin Leader","floor":30.0,"turns":7.0},{"damage":0.0,"enemies":"Centurion and Healer","floor":31.0,"turns":4.0},{"damage":8.0,"enemies":"Automaton","floor":33.0,"turns":8.0},{"damage":0.0,"enemies":"3 Shapes","floor":35.0,"turns":4.0},{"damage":0.0,"enemies":"Mind Bloom Boss Battle","floor":37.0,"turns":5.0},{"damage":0.0,"enemies":"3 Darklings","floor":39.0,"turns":3.0},{"damage":7.0,"enemies":"Transient","floor":42.0,"turns":6.0},{"damage":19.0,"enemies":"Reptomancer","floor":45.0,"turns":5.0},{"damage":0.0,"enemies":"Maw","floor":46.0,"turns":7.0},{"damage":0.0,"enemies":"Giant Head","floor":47.0,"turns":6.0},{"damage":9.0,"enemies":"Jaw Worm Horde","floor":48.0,"turns":4.0},{"damage":51.0,"enemies":"Awakened One","floor":50.0,"turns":14.0},{"damage":1.0,"enemies":"Donu and Deca","floor":51.0,"turns":7.0},{"damage":30.0,"enemies":"Shield and Spear","floor":55.0,"turns":6.0},{"damage":52,"enemies":"The Heart","floor":56,"turns":9}],"seed_played":"-488650412607923468","potions_obtained":[{"floor":2.0,"key":"Swift Potion"},{"floor":3.0,"key":"DistilledChaos"},{"floor":11.0,"key":"Swift Potion"},{"floor":12.0,"key":"DistilledChaos"},{"floor":21.0,"key":"GamblersBrew"},{"floor":29.0,"key":"Weak Potion"},{"floor":30.0,"key":"Dexterity Potion"},{"floor":45.0,"key":"SkillPotion"},{"floor":46.0,"key":"Fruit Juice"},{"floor":48.0,"key":"Strength Potion"}],"is_trial":false,"path_per_floor":["M","M","M","M","M","R","E","R","T","M","M","?","?","E","R","B",null,"M","$","M","M","?","R","E","R","T","?","E","M","E","M","R","B",null,"M","?","?","$","M","R","?","M","T","?","E","M","E","M","R","B","B",null,"R","$","E","B",null],"character_chosen":"THE_SILENT","items_purchased":["HornCleat","Backstab","Backstab","Footwork","DuplicationPotion"],"campfire_rested":5,"item_purchase_floors":[19,19,38,38,54],"current_hp_per_floor":[55,52,51,44,44,44,42,42,42,38,38,31,24,17,17,3,50,48,48,48,42,42,66,39,66,66,66,50,50,39,41,66,58,64,66,66,66,66,66,66,66,59,59,59,42,44,46,49,71,20,26,60,71,71,41,1],"gold":67,"neow_bonus":"RANDOM_COMMON_RELIC","is_daily":false,"chose_seed":false,"campfire_upgraded":3,"win_rate":0.0,"timestamp":1612413613,"path_taken":["M","M","M","M","M","R","E","R","T","M","M","?","?","E","R","BOSS","M","$","M","M","?","R","E","R","T","?","E","M","E","M","R","BOSS","M","?","?","?","M","R","?","?","T","?","E","M","E","M","R","BOSS","BOSS","R","$","E","BOSS"],"items_purchased_type":["Relic","Card","Card","Card","Potion"],"build_version":"2020-12-22","purchased_purges":2,"victory":true,"max_hp_per_floor":[66,66,66,66,66,66,66,66,66,66,66,66,66,66,66,66,66,66,66,66,66,66,66,66,66,66,66,66,66,66,66,66,66,66,66,66,66,66,66,66,66,66,66,66,66,66,66,71,71,71,71,71,71,71,71,71],"relic_stats":{"Blood Vial":16,"Regal Pillow":20,"Dream Catcher":4,"Happy Flower":[13],"counters":[32,170],"Dead Branch":[598],"War Paint":["PiercingWail","Defend_G"],"Cursed Key":0,"obtain_stats":[{"Regal Pillow":0,"Happy Flower":47,"Dead Branch":7,"Odd Mushroom":12,"Paper Crane":41,"War Paint":55,"Cursed Key":34,"Blood Vial":30,"Du-Vu Doll":37,"Anchor":14,"Dream Catcher":24,"HornCleat":19,"Molten Egg 2":45,"Fusion Hammer":17,"StrikeDummy":28,"Toy Ornithopter":26,"Ring of the Snake":0},{"Regal Pillow":0,"Happy Flower":27,"Dead Branch":6,"Odd Mushroom":9,"Paper Crane":23,"War Paint":31,"Cursed Key":20,"Blood Vial":18,"Du-Vu Doll":22,"Anchor":10,"Dream Catcher":15,"HornCleat":12,"Molten Egg 2":25,"Fusion Hammer":11,"StrikeDummy":16,"Toy Ornithopter":15,"Ring of the Snake":0},{"Regal Pillow":0,"Happy Flower":130,"Dead Branch":25,"Odd Mushroom":35,"Paper Crane":106,"War Paint":161,"Cursed Key":94,"Blood Vial":82,"Du-Vu Doll":103,"Anchor":42,"Dream Catcher":67,"HornCleat":55,"Molten Egg 2":117,"Fusion Hammer":51,"StrikeDummy":71,"Toy Ornithopter":67,"Ring of the Snake":0}],"Toy Ornithopter":20,"Ring of the Snake":[64]},"card_choices":[{"not_picked":["PiercingWail","Backflip"],"picked":"All Out Attack","floor":1.0},{"not_picked":["Tactician","Flying Knee"],"picked":"Blade Dance","floor":2.0},{"not_picked":["Bouncing Flask","Blur"],"picked":"Deflect","floor":3.0},{"not_picked":["Concentrate","Riddle With Holes"],"picked":"Flying Knee","floor":4.0},{"not_picked":["Sucker Punch","Deflect"],"picked":"Predator","floor":5.0},{"not_picked":["Deadly Poison","Slice"],"picked":"Noxious Fumes","floor":7.0},{"not_picked":["Terror","Prepared"],"picked":"Catalyst","floor":10.0},{"not_picked":["Blade Dance","Bouncing Flask"],"picked":"Calculated Gamble","floor":11.0},{"not_picked":["Quick Slash","Outmaneuver"],"picked":"A Thousand Cuts","floor":12.0},{"not_picked":["Poisoned Stab","Flying Knee"],"picked":"Leg Sweep","floor":14.0},{"not_picked":["Grand Finale","Burst"],"picked":"After Image","floor":16.0},{"not_picked":["All Out Attack","Accuracy"],"picked":"Backflip+1","floor":18.0},{"not_picked":["Distraction","Finisher"],"picked":"Infinite Blades","floor":20.0},{"not_picked":["Backstab","Dash"],"picked":"Blade Dance","floor":21.0},{"not_picked":["Setup+1","Acrobatics"],"picked":"Dodge and Roll+1","floor":24.0},{"not_picked":["All Out Attack","Catalyst"],"picked":"Storm of Steel","floor":25.0},{"not_picked":["Deadly Poison","Backflip","Reflex"],"picked":"SKIP","floor":28.0},{"not_picked":["Dodge and Roll","Bane"],"picked":"PiercingWail","floor":29.0},{"not_picked":["A Thousand Cuts","Dodge and Roll+1"],"picked":"Infinite Blades","floor":30.0},{"not_picked":["Dodge and Roll","Concentrate","Outmaneuver"],"picked":"SKIP","floor":31.0},{"not_picked":["Grand Finale","Wraith Form v2"],"picked":"Corpse Explosion","floor":33.0},{"not_picked":["Endless Agony","Dodge and Roll"],"picked":"Footwork+1","floor":35.0},{"not_picked":["Magnetism","Mind Blast"],"picked":"Purity","floor":36.0},{"not_picked":["Leg Sweep","Dodge and Roll"],"picked":"Caltrops+1","floor":37.0},{"not_picked":["Sucker Punch","Acrobatics","Quick Slash+1"],"picked":"SKIP","floor":39.0},{"not_picked":["Acrobatics","Poisoned Stab","Finisher"],"picked":"SKIP","floor":42.0},{"not_picked":["Accuracy","Flechettes+1","Tactician"],"picked":"SKIP","floor":45.0},{"not_picked":["Slice+1","Cloak And Dagger","Tactician"],"picked":"SKIP","floor":46.0},{"not_picked":["Underhanded Strike+1","Dodge and Roll"],"picked":"Distraction+1","floor":47.0},{"not_picked":["Deadly Poison","Wraith Form v2","Poisoned Stab+1"],"picked":"SKIP","floor":48.0},{"not_picked":["Deadly Poison","Underhanded Strike+1"],"picked":"Blade Dance","floor":49.0},{"not_picked":["Endless Agony+1","Prepared","Skewer+1"],"picked":"SKIP","floor":55.0}],"player_experience":1238853,"relics_obtained":[{"floor":7.0,"key":"Dead Branch"},{"floor":12.0,"key":"Odd Mushroom"},{"floor":14.0,"key":"Anchor"},{"floor":24.0,"key":"Dream Catcher"},{"floor":26.0,"key":"Toy Ornithopter"},{"floor":28.0,"key":"StrikeDummy"},{"floor":30.0,"key":"Blood Vial"},{"floor":37.0,"key":"Du-Vu Doll"},{"floor":45.0,"key":"Molten Egg 2"},{"floor":47.0,"key":"Happy Flower"},{"floor":55.0,"key":"War Paint"}],"event_choices":[{"damage_healed":0.0,"max_hp_gain":0.0,"max_hp_loss":0.0,"gold_gain":0.0,"event_name":"Mushrooms","player_choice":"Fought Mushrooms","floor":12.0,"gold_loss":0.0,"damage_taken":0.0},{"cards_removed":["Strike_G"],"damage_healed":0.0,"max_hp_gain":0.0,"max_hp_loss":0.0,"gold_gain":0.0,"event_name":"Golden Wing","player_choice":"Card Removal","floor":13.0,"gold_loss":0.0,"damage_taken":7.0},{"damage_healed":0.0,"max_hp_gain":0.0,"max_hp_loss":0.0,"gold_gain":0.0,"event_name":"The Library","player_choice":"Read","floor":22.0,"gold_loss":0.0,"damage_taken":0.0,"cards_obtained":["Well Laid Plans"]},{"damage_healed":0.0,"max_hp_gain":0.0,"max_hp_loss":0.0,"gold_gain":0.0,"event_name":"Ghosts","player_choice":"Ignored","floor":27.0,"gold_loss":0.0,"damage_taken":0.0},{"damage_healed":0.0,"max_hp_gain":0.0,"max_hp_loss":0.0,"gold_gain":0.0,"event_name":"SensoryStone","player_choice":"Memory 1","floor":36.0,"gold_loss":0.0,"damage_taken":0.0},{"damage_healed":0.0,"max_hp_gain":0.0,"max_hp_loss":0.0,"gold_gain":0.0,"event_name":"MindBloom","player_choice":"Fight","floor":37.0,"gold_loss":0.0,"damage_taken":0.0},{"damage_healed":0.0,"max_hp_gain":0.0,"max_hp_loss":0.0,"gold_gain":0.0,"event_name":"WeMeetAgain","player_choice":"Gave Potion","floor":41.0,"gold_loss":0.0,"damage_taken":0.0,"relics_obtained":["Paper Crane"]},{"cards_removed":["Strike_G"],"damage_healed":0.0,"max_hp_gain":0.0,"max_hp_loss":0.0,"gold_gain":0.0,"event_name":"Wheel of Change","player_choice":"Card Removal","floor":44.0,"gold_loss":0.0,"damage_taken":0.0}],"is_beta":false,"boss_relics":[{"not_picked":["Snecko Eye","Coffee Dripper"],"picked":"Fusion Hammer"},{"not_picked":["Ring of the Serpent","Tiny House"],"picked":"Cursed Key"}],"items_purged_floors":[38,54],"is_endless":false,"potions_floor_spawned":[2,3,4,11,12,14,21,29,30,33,45,46,48],"ascension_level":20}}