{"host":"e3jr8cs0hrgde9ri","time":1612470557,"event":{"mods":["2.2 Compatiblity","BaseMod","Highlight Path","Minty Spire (QoL Compilation)","Permanent Neow","Quick Restart","SuperFastMode"],"gold_per_floor":[114,133,133,133,58,83,83,98,122,154,154,169,66,96,96,172,172,185,199,199,223,223,223,253,253,253,253,288,300,312,343,355,445,457,481,393,405,405,405],"floor_reached":38,"language":"ENG","playtime":738,"items_purged":["Strike_G","Venomology+1"],"score":986,"play_id":"d1c00ce4-d936-4509-878e-4f21ab2121d1","local_time":"20210204122917","is_ascension_mode":true,"campfire_choices":[{"data":"Catalyst","floor":7.0,"key":"SMITH"},{"floor":11,"key":"REST"},{"data":"Bouncing Flask","floor":15,"key":"SMITH"},{"data":"Dash","floor":23,"key":"SMITH"},{"floor":25,"key":"REST"},{"data":"Neutralize","floor":27,"key":"SMITH"},{"data":"Adrenaline","floor":29,"key":"SMITH"},{"data":"Deadly Poison","floor":32,"key":"SMITH"}],"circlet_count":0,"master_deck":["AscendersBane","Defend_G","Defend_G","Defend_G","Defend_G","Survivor","Neutralize+1","Noxious Fumes+1","Corpse Explosion+1","Dash+1","Catalyst+1","Bane","Bouncing Flask+1","Deadly Poison+1","Adrenaline+1","Backflip","PiercingWail+1","Wraith Form v2","CurseOfTheBell","Sucker Punch+1","Dodge and Roll+1"],"relics":["Astrolabe","Ancient Tea Set","PreservedInsect","Dream Catcher","Eternal Feather","Odd Mushroom","Sozu","Snake Skull","MutagenicStrength","Bronze Scales","Kunai","MawBank","Calling Bell","Vajra","Meat on the Bone","Calipers"],"acts_visited":["Exordium","TheCity","TheBeyond"],"potions_floor_usage":[10,10,24],"damage_taken":[{"damage":6.0,"enemies":"Cultist","floor":1.0,"turns":4.0},{"damage":0.0,"enemies":"Small Slimes","floor":2.0,"turns":4.0},{"damage":12.0,"enemies":"3 Sentries","floor":6.0,"turns":3.0},{"damage":0.0,"enemies":"2 Louse","floor":8.0,"turns":2.0},{"damage":11,"enemies":"Gremlin Nob","floor":10,"turns":3},{"damage":4,"enemies":"Exordium Thugs","floor":12,"turns":3},{"damage":0,"enemies":"The Mushroom Lair","floor":14,"turns":2},{"damage":0,"enemies":"Slime Boss","floor":16,"turns":3},{"damage":16,"enemies":"Shell Parasite","floor":18,"turns":2},{"damage":17,"enemies":"2 Thieves","floor":19,"turns":2},{"damage":33,"enemies":"Slavers","floor":24,"turns":3},{"damage":1,"enemies":"Book of Stabbing","floor":28,"turns":2},{"damage":0,"enemies":"Sentry and Sphere","floor":31,"turns":2},{"damage":28,"enemies":"Collector","floor":33,"turns":7},{"damage":11,"enemies":"Orb Walker","floor":35,"turns":4},{"damage":0,"enemies":"3 Darklings","floor":37,"turns":3},{"damage":70,"enemies":"2 Orb Walkers","floor":38,"turns":6}],"seed_played":"-7970835450442775672","potions_obtained":[{"floor":1.0,"key":"SkillPotion"},{"floor":12,"key":"Weak Potion"},{"floor":16,"key":"Dexterity Potion"}],"is_trial":false,"path_per_floor":["M","M","?","?","?","E","R","M","T","E","R","M","$","?","R","B",null,"M","M","?","T","?","R","E","R","T","R","E","R","?","M","R","B",null,"M","$","M","?"],"character_chosen":"THE_SILENT","items_purchased":["Deadly Poison"],"campfire_rested":2,"item_purchase_floors":[13],"current_hp_per_floor":[53,53,46,35,35,23,23,23,23,12,37,33,33,33,42,42,60,44,27,27,27,27,36,3,31,31,40,39,48,30,30,39,11,56,45,45,45,0,0],"gold":405,"neow_bonus":"BOSS_RELIC","is_daily":false,"chose_seed":false,"campfire_upgraded":6,"win_rate":0.0,"timestamp":1612470557,"path_taken":["M","M","?","?","?","E","R","M","T","E","R","?","$","?","R","BOSS","M","M","?","?","?","R","E","R","T","R","E","R","?","M","R","BOSS","M","$","M","?"],"items_purchased_type":["Card"],"build_version":"2020-12-22","purchased_purges":2,"victory":false,"max_hp_per_floor":[66,66,66,66,66,66,66,66,66,66,66,66,66,66,66,66,66,66,66,66,66,66,66,66,66,66,66,66,66,71,71,71,71,71,71,71,71,71,71],"card_choices":[{"not_picked":["Underhanded Strike","PiercingWail","Finisher"],"picked":"SKIP","floor":1.0},{"not_picked":["Expertise","Flying Knee"],"picked":"Dash","floor":2.0},{"not_picked":["Bouncing Flask","Quick Slash"],"picked":"Catalyst","floor":6.0},{"not_picked":["PiercingWail","Poisoned Stab"],"picked":"Bane","floor":8.0},{"not_picked":["Deflect","Dagger Throw","Distraction"],"picked":"SKIP","floor":10},{"not_picked":["Dodge and Roll","Eviscerate"],"picked":"Bouncing Flask","floor":11},{"not_picked":["Bouncing Flask","Skewer","Expertise"],"picked":"SKIP","floor":12},{"not_picked":["Corpse Explosion","Grand Finale"],"picked":"Adrenaline","floor":16},{"not_picked":["Outmaneuver","Quick Slash"],"picked":"Backflip","floor":18},{"not_picked":["Eviscerate","Deadly Poison","Skewer"],"picked":"SKIP","floor":19},{"not_picked":["Flechettes","Poisoned Stab"],"picked":"PiercingWail+1","floor":24},{"not_picked":["Phantasmal Killer","Deadly Poison","Deflect"],"picked":"SKIP","floor":28},{"not_picked":["Eviscerate+1","Setup","Infinite Blades"],"picked":"SKIP","floor":31},{"not_picked":["Malaise","Tools of the Trade"],"picked":"Wraith Form v2","floor":33},{"not_picked":["PiercingWail","Dagger Throw+1"],"picked":"Sucker Punch+1","floor":35},{"not_picked":["Backstab+1","Eviscerate"],"picked":"Dodge and Roll+1","floor":37}],"player_experience":1448383,"relics_obtained":[{"floor":6.0,"key":"PreservedInsect"},{"floor":9.0,"key":"Dream Catcher"},{"floor":10,"key":"Eternal Feather"},{"floor":14,"key":"Odd Mushroom"},{"floor":21,"key":"Snake Skull"},{"floor":24,"key":"Bronze Scales"},{"floor":26,"key":"Kunai"},{"floor":28,"key":"MawBank"},{"floor":34,"key":"Vajra"},{"floor":34,"key":"Meat on the Bone"},{"floor":34,"key":"Calipers"}],"event_choices":[{"cards_removed":["Strike_G"],"damage_healed":0.0,"max_hp_gain":0.0,"max_hp_loss":0.0,"gold_gain":0.0,"event_name":"Golden Wing","player_choice":"Card Removal","floor":3.0,"gold_loss":0.0,"damage_taken":7.0},{"damage_healed":0.0,"max_hp_gain":0.0,"max_hp_loss":0.0,"gold_gain":0.0,"event_name":"Scrap Ooze","player_choice":"Success","floor":4.0,"gold_loss":0.0,"damage_taken":11.0,"relics_obtained":["Ancient Tea Set"]},{"cards_removed":["Strike_G"],"damage_healed":0.0,"max_hp_gain":0.0,"max_hp_loss":0.0,"gold_gain":0.0,"event_name":"The Cleric","player_choice":"Card Removal","floor":5.0,"gold_loss":75.0,"damage_taken":0.0},{"damage_healed":0,"gold_gain":0,"player_choice":"Fought Mushrooms","damage_taken":0,"max_hp_gain":0,"max_hp_loss":0,"event_name":"Mushrooms","floor":14,"gold_loss":0},{"damage_healed":0,"gold_gain":0,"player_choice":"Ignored","damage_taken":0,"max_hp_gain":0,"max_hp_loss":0,"event_name":"Beggar","floor":20,"gold_loss":0},{"damage_healed":0,"gold_gain":0,"player_choice":"Inject Mutagens","damage_taken":0,"relics_obtained":["MutagenicStrength"],"max_hp_gain":0,"max_hp_loss":0,"event_name":"Drug Dealer","floor":22,"gold_loss":0},{"damage_healed":0,"gold_gain":0,"player_choice":"Shed Blood","damage_taken":23,"max_hp_gain":5,"max_hp_loss":0,"event_name":"Forgotten Altar","floor":30,"gold_loss":0},{"damage_healed":0,"gold_gain":0,"player_choice":"Fight","damage_taken":0,"max_hp_gain":0,"max_hp_loss":0,"event_name":"Mysterious Sphere","floor":38,"gold_loss":0}],"is_beta":false,"boss_relics":[{"not_picked":["SacredBark","Runic Pyramid"],"picked":"Sozu"},{"not_picked":["Pandora\u0027s Box","Coffee Dripper"],"picked":"Calling Bell"}],"items_purged_floors":[13,36],"is_endless":false,"potions_floor_spawned":[1,8,12,14,16,18,19,31,33],"killed_by":"2 Orb Walkers","ascension_level":20}}