{"host":"cxw7stcug18i4p1b","time":1612435720,"event":{"mods":["BaseMod","Colored Powertips","Hubris","Infinite Spire","Minty Spire (QoL Compilation)","Replay The Spire","StSLib","The Cursed","The Hierophant"],"gold_per_floor":[110,130,107,182,182,213,223,223,250,250,266,301,314,414,414,517,517,530,530,530,75,86,86,86],"floor_reached":23,"language":"ZHS","playtime":1432,"items_purged":[],"score":224,"play_id":"07b046a6-b432-4169-8cea-5eeb6f0994e2","local_time":"20210204054840","is_ascension_mode":false,"campfire_choices":[{"data":"BattleHymn","floor":8,"key":"SMITH"},{"floor":15,"key":"REST"}],"circlet_count":0,"master_deck":["Strike_P","Strike_P","Strike_P","Strike_P","Defend_P","Defend_P","Defend_P","Defend_P","Eruption","Vigilance","Vengeance","WreathOfFlame+1","ThirdEye","PathToVictory","BattleHymn+1","Voices","Crescendo","Replay:Hum","EmptyBody","DeusExMachina","Clumsy","ThirdEye+1","ReachHeaven","Purity","EmptyFist","CrushJoints+1"],"relics":["PureWater","NeowsBlessing","infinitespire:Satchel","Bag of Marbles","ReplayTheSpireMod:Ring of Collecting","ReplayTheSpireMod:Ring of Challenge","Toy Ornithopter","Replay:Ancient Bell","Omamori","hubris:MysteriousPyramids","infinitespire:Golems Mask","Replay:Accelerometer"],"acts_visited":["Exordium","TheCity"],"potions_floor_usage":[16,16,18],"damage_taken":[{"damage":0,"enemies":"2 Louse","floor":1,"turns":1},{"damage":0,"enemies":"Jaw Worm","floor":2,"turns":1},{"damage":0,"enemies":"3 Sentries","floor":6,"turns":2},{"damage":1,"enemies":"Cultist","floor":7,"turns":4},{"damage":1,"enemies":"2 Fungi Beasts","floor":11,"turns":2},{"damage":14,"enemies":"Gremlin Nob","floor":12,"turns":3},{"damage":6,"enemies":"3 Louse","floor":13,"turns":3},{"damage":66,"enemies":"Hexaghost","floor":16,"turns":8},{"damage":0,"enemies":"Spheric Guardian","floor":18,"turns":3},{"damage":3,"enemies":"Chosen","floor":22,"turns":3},{"damage":83,"enemies":"Slavers","floor":23,"turns":3}],"seed_played":"6644647822776712992","potions_obtained":[{"floor":2,"key":"DuplicationPotion"},{"floor":12,"key":"Strength Potion"},{"floor":16,"key":"Fire Potion"}],"is_trial":false,"path_per_floor":["M","M","$","?","?","E","M","R","T","?","M","E","M","?","R","B",null,"M","?","?","$","M","E"],"character_chosen":"WATCHER","items_purchased":["ThirdEye","ReachHeaven","Purity","Replay:Accelerometer","EmptyFist"],"campfire_rested":1,"item_purchase_floors":[3,21,21,21,21],"current_hp_per_floor":[72,72,72,61,61,61,60,60,60,60,59,45,39,39,60,4,72,72,72,72,72,69,0,0],"gold":86,"neow_bonus":"THREE_ENEMY_KILL","is_daily":false,"chose_seed":false,"campfire_upgraded":1,"win_rate":0.0,"timestamp":1612435720,"path_taken":["M","M","$","?","?","E","?","R","T","?","M","E","M","?","R","BOSS","M","?","?","$","M","E"],"items_purchased_type":["Card","Card","Card","Relic","Card"],"build_version":"2020-12-22","purchased_purges":0,"victory":false,"max_hp_per_floor":[72,72,72,72,72,72,72,72,72,72,72,72,72,72,72,72,72,72,72,72,72,72,72,72],"card_choices":[{"not_picked":["Protect","PathToVictory"],"picked":"Vengeance","floor":1},{"not_picked":["Worship","Crescendo"],"picked":"WreathOfFlame","floor":2},{"not_picked":["Halt","Replay:AtTheReady"],"picked":"PathToVictory","floor":6},{"not_picked":["Evaluate","CrushJoints"],"picked":"BattleHymn","floor":7},{"not_picked":["Replay:ManipulateFuture","ThirdEye"],"picked":"Crescendo","floor":11},{"not_picked":["CarveReality","FlurryOfBlows"],"picked":"Replay:Hum","floor":12},{"not_picked":["Replay:AtTheReady","CutThroughFate"],"picked":"EmptyBody","floor":13},{"not_picked":["Replay:AllIn","Vault"],"picked":"DeusExMachina","floor":16},{"not_picked":["ReplayTheSpireMod:IOU","hubris:Envy"],"picked":"Injury","floor":17},{"not_picked":["Delirium","Languid"],"picked":"Injury","floor":17},{"not_picked":["Sickly","Decay"],"picked":"Clumsy","floor":17},{"not_picked":["SignatureMove","Replay:ManipulateFuture+1"],"picked":"ThirdEye+1","floor":18},{"not_picked":["Perseverance","FlurryOfBlows"],"picked":"CrushJoints+1","floor":22}],"player_experience":125021,"relics_obtained":[{"floor":6,"key":"infinitespire:Satchel"},{"floor":9,"key":"Bag of Marbles"},{"floor":10,"key":"ReplayTheSpireMod:Ring of Collecting"},{"floor":10,"key":"ReplayTheSpireMod:Ring of Challenge"},{"floor":12,"key":"Toy Ornithopter"}],"event_choices":[{"damage_healed":0,"gold_gain":75,"player_choice":"Gather Gold","damage_taken":11,"max_hp_gain":0,"max_hp_loss":0,"event_name":"World of Goop","floor":4,"gold_loss":0},{"damage_healed":0,"gold_gain":0,"player_choice":"Forge","damage_taken":0,"max_hp_gain":0,"max_hp_loss":0,"event_name":"Accursed Blacksmith","floor":5,"gold_loss":0,"cards_upgraded":["WreathOfFlame"]},{"damage_healed":0,"gold_gain":100,"player_choice":"Pray","damage_taken":0,"max_hp_gain":0,"max_hp_loss":0,"event_name":"Golden Shrine","floor":14,"gold_loss":0},{"damage_healed":0,"gold_gain":0,"player_choice":"Ignored","damage_taken":0,"max_hp_gain":0,"max_hp_loss":0,"event_name":"Vampires","floor":19,"gold_loss":0}],"is_beta":false,"boss_relics":[{"not_picked":["Astrolabe","hubris:GrandSneckoEye"],"picked":"Replay:Ancient Bell"},{"not_picked":["Replay:Baseball","Orichalcum"],"picked":"Omamori"},{"not_picked":["Sundial","Replay:Bottled Flurry"],"picked":"hubris:MysteriousPyramids"},{"not_picked":["Counterbalance","Replay:Towering Pillar of Hats"],"picked":"infinitespire:Golems Mask"}],"items_purged_floors":[],"is_endless":false,"potions_floor_spawned":[2,12,16],"killed_by":"Slavers","ascension_level":0}}