{"host":"l2kmo5ss1fnqnmvo","time":1612416509,"event":{"mods":["BaseMod","Colored Powertips","Decade(王小明)","Lobotomy","Minty Spire (QoL Compilation)","Reimu（博丽灵梦）","WarShipGirlsR/战舰少女R mod"],"gold_per_floor":[109,123,134,148,158,185,185,185,209,250,263,288,288,288,288,411,411,427,427,24,24,45,86,111,111,111,131,131,151,151,175,175,306,306,319,333,333,356,356,356,356,391,391,724,750,768,793,213,213,213,213,213,65,91,91],"floor_reached":56,"language":"ZHS","playtime":3522,"items_purged":["Writhe"],"score":1473,"play_id":"6cffb25c-3906-43cf-96c2-6bd8a3b23a34","local_time":"20210204142829","is_ascension_mode":true,"campfire_choices":[{"data":"KamenRide","floor":7.0,"key":"SMITH"},{"floor":13.0,"key":"RECALL"},{"floor":15.0,"key":"REST"},{"floor":25.0,"key":"REST"},{"data":"Blade_Mach","floor":28.0,"key":"SMITH"},{"floor":30.0,"key":"REST"},{"floor":32.0,"key":"REST"},{"floor":40.0,"key":"REST"},{"floor":49.0,"key":"REST"},{"data":"NMDAZYYGL","floor":52,"key":"SMITH"}],"circlet_count":0,"master_deck":["Decade_Attack+1","Decade_Attack+1","Decade_Attack+1","Decade_Attack+1","KamenRide+1","Decade_SpecialSkill","Decade_Defend+1","Decade_Defend+1","Decade_Defend+1","Decade_Defend+1","PrometheusPower","FormRideStorm+9","UnarmedAttack3","Decade_Defend3","RideBooker_Skill_1","UnarmedAttack6","RideBooker","Blade_Mach+1","Decade_Illusion","Decade_Defend3","Hibiki_Attack1","UnarmedAttack3","NMDAZYYGL+1","DecadeViolentEmotion","FormRideGaruru+1","FormRideFlame+8","Hibiki_Attack1+1","KamenRideAgito","FormRideDogga","KamenRideDenO","KamenRideDenO","FormRideTitan+1","UnarmedAttack5","Decade_Illusion+1","UnarmedAttack4"],"relics":["Decadriver","TOEIDeficitBill","RabbitCall","Bronze Scales","Art of War","SlaversCollar","Mercury Hourglass","Medical Kit","Mastiff:ReiMu","Blue Candle","Gremlin Horn","RedLine:ReiMu","Sundial","Ornamental Fan","Juzu Bracelet","Akabeko","Pantograph","InkBottle","Vajra","Gambling Chip"],"acts_visited":["Exordium","TheCity","TheBeyond","TheEnding"],"potions_floor_usage":[55],"damage_taken":[{"damage":4.0,"enemies":"Small Slimes","floor":1.0,"turns":4.0},{"damage":7.0,"enemies":"Jaw Worm","floor":2.0,"turns":4.0},{"damage":13.0,"enemies":"2 Louse","floor":3.0,"turns":3.0},{"damage":7.0,"enemies":"Lots of Slimes","floor":4.0,"turns":3.0},{"damage":6.0,"enemies":"Exordium Thugs","floor":5.0,"turns":5.0},{"damage":5.0,"enemies":"Gremlin Nob","floor":6.0,"turns":4.0},{"damage":23.0,"enemies":"3 Sentries","floor":10.0,"turns":5.0},{"damage":0.0,"enemies":"Blue Slaver","floor":11.0,"turns":3.0},{"damage":0.0,"enemies":"2 Fungi Beasts","floor":12.0,"turns":2.0},{"damage":22.0,"enemies":"The Guardian","floor":16.0,"turns":7.0},{"damage":10.0,"enemies":"Shell Parasite","floor":18.0,"turns":5.0},{"damage":0.0,"enemies":"Chosen","floor":22.0,"turns":3.0},{"damage":9.0,"enemies":"Book of Stabbing","floor":23.0,"turns":4.0},{"damage":27.0,"enemies":"3 Cultists","floor":24.0,"turns":5.0},{"damage":9.0,"enemies":"Centurion and Healer","floor":27.0,"turns":6.0},{"damage":18.0,"enemies":"Snake Plant","floor":29.0,"turns":2.0},{"damage":23.0,"enemies":"Shelled Parasite and Fungi","floor":31.0,"turns":6.0},{"damage":7.0,"enemies":"Automaton","floor":33.0,"turns":6.0},{"damage":12.0,"enemies":"3 Darklings","floor":35.0,"turns":3.0},{"damage":17.0,"enemies":"3 Shapes","floor":36.0,"turns":3.0},{"damage":29.0,"enemies":"Sphere and 2 Shapes","floor":38.0,"turns":5.0},{"damage":0.0,"enemies":"Transient","floor":39.0,"turns":1.0},{"damage":0.0,"enemies":"Spire Growth","floor":41.0,"turns":1.0},{"damage":0.0,"enemies":"Giant Head","floor":42.0,"turns":1.0},{"damage":14.0,"enemies":"Reptomancer","floor":45.0,"turns":2.0},{"damage":0.0,"enemies":"Sphere and 2 Shapes","floor":46.0,"turns":2.0},{"damage":0.0,"enemies":"Giant Head","floor":47.0,"turns":1.0},{"damage":12.0,"enemies":"Awakened One","floor":50.0,"turns":12.0},{"damage":0,"enemies":"Shield and Spear","floor":54,"turns":4},{"damage":32,"enemies":"The Heart","floor":55,"turns":7}],"seed_played":"-7671936984207604453","potions_obtained":[{"floor":1.0,"key":"BlessingOfTheForge"},{"floor":3.0,"key":"AttackPotion"},{"floor":5.0,"key":"Explosive Potion"},{"floor":11.0,"key":"Swift Potion"},{"floor":18.0,"key":"Explosive Potion"},{"floor":22.0,"key":"FearPotion"},{"floor":29.0,"key":"Ancient Potion"},{"floor":35.0,"key":"Strength Potion"},{"floor":42.0,"key":"LiquidBronze"},{"floor":45.0,"key":"MagicPotion:ReiMu"},{"floor":46.0,"key":"GamblersBrew"},{"floor":54,"key":"DuplicationPotion"}],"is_trial":false,"path_per_floor":["M","M","M","M","M","E","R","?","T","E","M","M","R","?","R","B",null,"M","?","$","?","M","E","M","R","T","M","R","M","R","M","R","B",null,"M","M","?","M","M","R","M","E","T","?","E","M","E","$","R","B",null,"R","$","E","B",null],"character_chosen":"Decade","items_purchased":["Mercury Hourglass","Medical Kit","Pantograph","InkBottle","Vajra"],"campfire_rested":6,"item_purchase_floors":[20,20,48,48,53],"current_hp_per_floor":[66,59,46,47,41,36,36,36,36,13,13,13,13,13,34,12,70,60,60,60,60,60,51,24,45,45,36,36,18,39,16,37,30,70,58,41,59,30,30,51,51,51,51,51,42,42,42,42,63,58,70,70,70,70,50],"gold":91,"neow_bonus":"","is_daily":false,"chose_seed":false,"campfire_upgraded":3,"win_rate":0.0,"timestamp":1612416509,"path_taken":["M","M","M","M","M","E","R","?","T","E","M","M","R","?","R","BOSS","BOSS","M","?","$","?","M","E","?","R","T","M","R","M","R","M","R","BOSS","M","M","?","M","M","R","M","E","T","?","E","M","E","$","R","BOSS","R","$","E","BOSS"],"items_purchased_type":["Relic","Relic","Relic","Relic","Relic"],"build_version":"2020-12-22","purchased_purges":1,"victory":true,"max_hp_per_floor":[70,70,70,70,70,70,70,70,70,70,70,70,70,70,70,70,70,70,70,70,70,70,70,70,70,70,70,70,70,70,70,70,70,70,70,70,70,70,70,70,70,70,70,70,70,70,70,70,70,70,70,70,70,70,70],"card_choices":[{"not_picked":["RideBooker_Skill_1","DenO_Gun"],"picked":"PrometheusPower","floor":1.0},{"not_picked":["DenO_Climax","Blade_Beat"],"picked":"FormRideStorm","floor":1.0},{"not_picked":["DenO_Ax","RideBooker_Skill_2"],"picked":"UnarmedAttack3","floor":2.0},{"not_picked":["FormRideBasshaa","Hibiki_Attack2","Blade_Kick"],"picked":"SKIP","floor":2.0},{"not_picked":["DenO_Gun","Kiva_Bats","FormRideDogga"],"picked":"SKIP","floor":3.0},{"not_picked":["DragClaw","KamenRideBlade"],"picked":"Decade_Defend3","floor":4.0},{"not_picked":["FormRideJack","DenO_Gun","Dragreder"],"picked":"SKIP","floor":5.0},{"not_picked":["DenO_Ax","KamenRideDenO","Kiva_Bats"],"picked":"SKIP","floor":6.0},{"not_picked":["Decade_Dash1","Kiva_Frozen"],"picked":"RideBooker_Skill_1","floor":10.0},{"not_picked":["TimeVent","FormRideBasshaa","KamenRideDecade"],"picked":"SKIP","floor":10.0},{"not_picked":["KamenRideBlade","KamenRideFaiz"],"picked":"UnarmedAttack6","floor":11.0},{"not_picked":["FormRideStorm","DenO_Gun"],"picked":"RideBooker","floor":12.0},{"not_picked":["FormRidePegasus","UnarmedAttack5+1"],"picked":"Blade_Mach","floor":18.0},{"not_picked":["FormRidePegasus","FormRideDogga"],"picked":"Decade_Illusion","floor":18.0},{"not_picked":["DenO_Sword","FormRidePegasus+1","Decade_Dash2"],"picked":"SKIP","floor":22.0},{"not_picked":["Hibiki_Attack3","Blade_Kick"],"picked":"Decade_Defend3","floor":23.0},{"not_picked":["DenO_Rod","DenO_Gun","Decade_Dash1"],"picked":"SKIP","floor":23.0},{"not_picked":["Decade_Dash2","DenO_Ax","DenO_Gun+1"],"picked":"SKIP","floor":24.0},{"not_picked":["TimeVent","DenO_Ax","DenO_Sword"],"picked":"SKIP","floor":24.0},{"not_picked":["DenO_Rod+1","KamenRideHibiki+1"],"picked":"Hibiki_Attack1","floor":27.0},{"not_picked":["RideBooker","FormRide","FormRideDragon"],"picked":"SKIP","floor":27.0},{"not_picked":["DenO_Rod+1","AutoVajin","Kiva_Eat"],"picked":"SKIP","floor":29.0},{"not_picked":["DenO_Gun","Decade_Dash2+1"],"picked":"UnarmedAttack3","floor":31.0},{"not_picked":["UnarmedAttack7","FormRidePegasus","FormRideGaruru"],"picked":"SKIP","floor":31.0},{"not_picked":["DenO_Climax","Kuuga_Rising"],"picked":"NMDAZYYGL","floor":33.0},{"not_picked":["UnarmedAttack9","Kuuga_Rising"],"picked":"DecadeViolentEmotion","floor":33.0},{"not_picked":["Hibiki_Attack1","DenO_Rod"],"picked":"FormRideGaruru+1","floor":35.0},{"not_picked":["RideBooker","Dragreder"],"picked":"FormRideFlame","floor":35.0},{"not_picked":["Hibiki_Attack2","Decade_Dash2","RideBooker+1"],"picked":"SKIP","floor":36.0},{"not_picked":["DragShield","FormRideBasshaa","UnarmedAttack7"],"picked":"SKIP","floor":36.0},{"not_picked":["UnarmedAttack3","DenO_Gun"],"picked":"Hibiki_Attack1+1","floor":38.0},{"not_picked":["Decade_Dash2","Hibiki_Attack1"],"picked":"KamenRideAgito","floor":38.0},{"not_picked":["DecadeViolentEmotion","Blade_Beat+1"],"picked":"FormRideDogga","floor":39.0},{"not_picked":["UnarmedAttack6","UnarmedAttack8+1"],"picked":"KamenRideDenO","floor":41.0},{"not_picked":["KamenRideRyuki","Hibiki_FEVER"],"picked":"KamenRideDenO","floor":42.0},{"not_picked":["KamenRideKabuto+1","DenO_Rod"],"picked":"FormRideTitan+1","floor":45.0},{"not_picked":["Kuuga_GouramAttack+1","Kiva_Frozen"],"picked":"UnarmedAttack5","floor":46.0},{"not_picked":["FormRideJack","KamenRideAgito","UnarmedAttack3"],"picked":"SKIP","floor":46.0},{"not_picked":["FormRide+1","UnarmedAttack7"],"picked":"Decade_Illusion+1","floor":47.0},{"not_picked":["RideBooker_Skill_3+1","UnarmedAttack3"],"picked":"UnarmedAttack4","floor":54}],"player_experience":619841,"relics_obtained":[{"floor":6.0,"key":"Bronze Scales"},{"floor":10.0,"key":"Art of War"},{"floor":21.0,"key":"Mastiff:ReiMu"},{"floor":23.0,"key":"Blue Candle"},{"floor":26.0,"key":"Gremlin Horn"},{"floor":42.0,"key":"Sundial"},{"floor":43.0,"key":"Ornamental Fan"},{"floor":45.0,"key":"Juzu Bracelet"},{"floor":47.0,"key":"Akabeko"},{"floor":54,"key":"Gambling Chip"}],"event_choices":[{"damage_healed":0.0,"max_hp_gain":0.0,"max_hp_loss":0.0,"gold_gain":0.0,"event_name":"Golden Idol","player_choice":"Take Wound","floor":8.0,"gold_loss":0.0,"damage_taken":0.0,"relics_obtained":["Golden Idol"],"cards_obtained":["Injury"]},{"cards_removed":["Injury"],"damage_healed":0.0,"max_hp_gain":0.0,"max_hp_loss":0.0,"gold_gain":0.0,"event_name":"Living Wall","player_choice":"Forget","floor":14.0,"gold_loss":0.0,"damage_taken":0.0},{"damage_healed":0.0,"max_hp_gain":0.0,"max_hp_loss":0.0,"gold_gain":0.0,"event_name":"Back to Basics","player_choice":"Simplicity","floor":19.0,"gold_loss":0.0,"damage_taken":0.0,"cards_upgraded":["Decade_Attack","Decade_Attack","Decade_Attack","Decade_Attack","Decade_Defend","Decade_Defend","Decade_Defend","Decade_Defend"]},{"damage_healed":0.0,"max_hp_gain":0.0,"max_hp_loss":0.0,"gold_gain":0.0,"event_name":"Wheel of Change","player_choice":"Relic","floor":21.0,"gold_loss":0.0,"damage_taken":0.0},{"damage_healed":18.0,"max_hp_gain":0.0,"max_hp_loss":0.0,"gold_gain":0.0,"event_name":"Winding Halls","player_choice":"Writhe","floor":37.0,"gold_loss":0.0,"damage_taken":0.0,"cards_obtained":["Writhe"]},{"damage_healed":0.0,"max_hp_gain":0.0,"max_hp_loss":0.0,"gold_gain":333.0,"event_name":"The Moai Head","player_choice":"Gave Idol","floor":44.0,"relics_lost":["Golden Idol"],"gold_loss":0.0,"damage_taken":0.0}],"is_beta":false,"boss_relics":[{"not_picked":["Empty Cage","Pandora\u0027s Box"],"picked":"SlaversCollar"},{"not_picked":["Calling Bell","Runic Pyramid"],"picked":"RedLine:ReiMu"}],"items_purged_floors":[48],"is_endless":false,"potions_floor_spawned":[1,3,5,11,18,22,29,35,42,45,46,54],"ascension_level":2}}