{"host":"rgy6n2eoa9ji6d0c","time":1612477971,"event":{"mods":["BaseMod","BetterRewards","Downfall","Minty Spire (QoL Compilation)","Quick Restart","StSLib"],"gold_per_floor":[99,112,212,223,238,238,290,290,308,322,341,358,358,389,399,499,499,499,515,515,515,515,515],"floor_reached":21,"language":"ENG","playtime":1370,"items_purged":[],"score":192,"play_id":"b6a7246a-b64a-4e70-9298-67c79ccc46e2","local_time":"20210204233251","is_ascension_mode":true,"campfire_choices":[{"floor":1,"key":"RECALL"},{"data":"Slimebound:RollThrough","floor":13,"key":"SMITH"},{"data":"Slimebound:SlimeSpikes","floor":18,"key":"SMITH"}],"circlet_count":0,"master_deck":["Slimebound:Strike_Slimebound","Slimebound:Strike_Slimebound","Slimebound:Strike_Slimebound","Slimebound:Tackle","Slimebound:Defend_Slimebound","Slimebound:Defend_Slimebound","Slimebound:Defend_Slimebound","Slimebound:Defend_Slimebound","Slimebound:CorrosiveSpit","Slimebound:RollThrough+1","Slimebound:SlimeSpikes+1","Slimebound:LeechLife"],"relics":["Slimebound:TarBlob","Slimebound:SlimedTailRelic","SlaversCollar"],"acts_visited":["Exordium","TheCity"],"potions_floor_usage":[],"damage_taken":[{"damage":0,"enemies":"2 Louse","floor":2,"turns":3},{"damage":0,"enemies":"Cultist","floor":4,"turns":3},{"damage":0,"enemies":"Jaw Worm","floor":5,"turns":4},{"damage":5,"enemies":"Gremlin Gang","floor":9,"turns":5},{"damage":4,"enemies":"Blue Slaver","floor":10,"turns":4},{"damage":3,"enemies":"Red Slaver","floor":11,"turns":3},{"damage":0,"enemies":"3 Louse","floor":12,"turns":3},{"damage":32,"enemies":"3 Sentries","floor":14,"turns":7},{"damage":10,"enemies":"Exordium Thugs","floor":15,"turns":5},{"damage":4,"enemies":"SI_SHIV_ARCHETYPE","floor":16,"turns":11},{"damage":37,"enemies":"Spheric Guardian","floor":19,"turns":6},{"damage":0,"enemies":"downfall:Augmenter","floor":21,"turns":1}],"seed_played":"1860347059922753721","potions_obtained":[{"floor":4,"key":"champ:CounterPotion"},{"floor":5,"key":"Slimebound:SlimyTonguePotion"},{"floor":8,"key":"Slimebound:SlimedPotion"},{"floor":9,"key":"FearPotion"}],"is_trial":false,"path_per_floor":["R","M","?","M","M","?","T","?","M","M","M","M","R","E","M","B",null,"R","M","?","?"],"character_chosen":"SLIMEBOUND","items_purchased":[],"campfire_rested":0,"item_purchase_floors":[],"current_hp_per_floor":[65,65,65,65,65,65,65,65,60,56,53,53,53,21,11,7,65,65,28,28,28,28,28],"gold":515,"neow_bonus":"BOSS_RELIC","is_daily":false,"chose_seed":false,"campfire_upgraded":2,"win_rate":0.0,"timestamp":1612477971,"path_taken":["R","M","?","M","?","?","T","?","?","M","M","M","R","E","M","BOSS","R","M","?","?"],"items_purchased_type":[],"build_version":"2020-12-22","purchased_purges":0,"victory":false,"max_hp_per_floor":[65,65,65,65,65,65,65,65,65,65,65,65,65,65,65,65,65,65,65,65,65,65,65],"card_choices":[{"not_picked":["Slimebound:GoopTackle","Slimebound:SlimeSpikes","Slimebound:DivideAndConquer"],"picked":"SKIP","floor":2},{"not_picked":["Slimebound:LeechingTouch","Slimebound:SplitMire","Slimebound:Repurpose"],"picked":"SKIP","floor":4},{"not_picked":["Slimebound:PressTheAttack","Slimebound:GoopTackle"],"picked":"Slimebound:RollThrough","floor":5},{"not_picked":["Slimebound:FinishingTackle","Slimebound:LeadByExample","Slimebound:ServeAndProtect"],"picked":"SKIP","floor":9},{"not_picked":["Slimebound:SplitBruiser","Slimebound:ComboTackle","Slimebound:Chomp"],"picked":"SKIP","floor":10},{"not_picked":["Slimebound:PressTheAttack","Slimebound:Chomp","Slimebound:LivingWall"],"picked":"SKIP","floor":11},{"not_picked":["Slimebound:SlimeBarrage","Slimebound:HauntingLick","Slimebound:SplitAcid"],"picked":"SKIP","floor":12},{"not_picked":["Slimebound:Repurpose","Slimebound:LevelUp"],"picked":"Slimebound:SlimeSpikes","floor":14},{"not_picked":["Slimebound:LeechEnergy","Slimebound:LevelUp","Slimebound:SpikyOuterGoop"],"picked":"SKIP","floor":15},{"not_picked":["Slimebound:MinionMaster","Slimebound:OozeBath"],"picked":"Slimebound:LeechLife","floor":16},{"not_picked":["Slimebound:ProtectTheBoss","Slimebound:Gluttony","Slimebound:LevelUp+1"],"picked":"SKIP","floor":19}],"player_experience":1513023,"relics_obtained":[{"floor":14,"key":"Slimebound:SlimedTailRelic"}],"event_choices":[{"cards_removed":["Slimebound:Split"],"damage_healed":0,"gold_gain":0,"player_choice":"Card Removal","damage_taken":0,"max_hp_gain":0,"max_hp_loss":0,"event_name":"The Cleric","floor":6,"gold_loss":0},{"damage_healed":0,"gold_gain":0,"player_choice":"Got Potions","damage_taken":0,"max_hp_gain":0,"max_hp_loss":0,"event_name":"Lab","floor":8,"gold_loss":0}],"is_beta":false,"boss_relics":[{"not_picked":["Coffee Dripper","Runic Pyramid"],"picked":"SlaversCollar"}],"items_purged_floors":[],"is_endless":false,"potions_floor_spawned":[4,5,9,15,19],"killed_by":"downfall:Augmenter","ascension_level":1}}