{"host":"rtw1tnr74gozsrw1","time":1612408691,"event":{"mods":["BaseMod","Colored Map","Colored Powertips","Highlight Path","Minty Spire (QoL Compilation)","StSLib","The Jungle"],"gold_per_floor":[111,111,36,55,79,92,92,120,120,120,120,120,135,135,135],"floor_reached":14,"language":"ENG","playtime":244,"items_purged":["Strike_B"],"score":106,"play_id":"3e4953fe-e8b7-4462-b24a-c23322aeaa3f","local_time":"20210204041811","is_ascension_mode":true,"campfire_choices":[{"data":"Capacitor","floor":7,"key":"SMITH"},{"data":"Strike_B","floor":10,"key":"PURGE"},{"data":"Defend_B","floor":12,"key":"PURGE"}],"circlet_count":0,"master_deck":["Strike_B","Strike_B","Defend_B","Defend_B","Defend_B","Zap","Dualcast","Storm","Capacitor+1","Doom and Gloom"],"relics":["Cracked Core","NeowsBlessing","Vajra","Shuriken","Peace Pipe"],"acts_visited":["Exordium"],"potions_floor_usage":[8,8,13],"damage_taken":[{"damage":0,"enemies":"2 Louse","floor":1,"turns":1},{"damage":0,"enemies":"Cultist","floor":4,"turns":1},{"damage":0,"enemies":"Small Slimes","floor":6,"turns":1},{"damage":25,"enemies":"3 Sentries","floor":8,"turns":7},{"damage":28,"enemies":"Exordium Wildlife","floor":13,"turns":4},{"damage":0,"enemies":"Lagavulin","floor":14,"turns":2}],"seed_played":"-5202420761950210381","potions_obtained":[{"floor":1,"key":"AttackPotion"},{"floor":2,"key":"Fire Potion"},{"floor":2,"key":"EssenceOfDarkness"},{"floor":8,"key":"LiquidBronze"}],"is_trial":false,"path_per_floor":["M","?","$","M","T","M","R","E","T","R","?","R","M","E"],"character_chosen":"DEFECT","items_purchased":[],"campfire_rested":0,"item_purchase_floors":[],"current_hp_per_floor":[75,75,75,75,75,75,75,50,50,50,50,50,22,22,22],"gold":135,"neow_bonus":"THREE_ENEMY_KILL","is_daily":false,"chose_seed":false,"campfire_upgraded":1,"win_rate":0.0,"timestamp":1612408691,"path_taken":["M","?","$","?","?","M","R","E","T","R","?","R","M","E"],"items_purchased_type":[],"build_version":"2020-12-22","purchased_purges":1,"victory":false,"max_hp_per_floor":[75,75,75,75,75,75,75,75,75,75,75,75,75,75,75],"card_choices":[{"not_picked":["BootSequence","Melter"],"picked":"Storm","floor":1},{"not_picked":["Coolheaded","Cold Snap"],"picked":"Capacitor","floor":4},{"not_picked":["Sweeping Beam","Rebound","Consume"],"picked":"SKIP","floor":6},{"not_picked":["Compile Driver","Auto Shields"],"picked":"Doom and Gloom","floor":8},{"not_picked":["Hologram","Steam Power","Compile Driver"],"picked":"SKIP","floor":13}],"player_experience":105117,"relics_obtained":[{"floor":5,"key":"Vajra"},{"floor":8,"key":"Shuriken"},{"floor":9,"key":"Peace Pipe"}],"event_choices":[{"damage_healed":0,"gold_gain":0,"player_choice":"Got Potions","damage_taken":0,"max_hp_gain":0,"max_hp_loss":0,"event_name":"Lab","floor":2,"gold_loss":0},{"damage_healed":0,"gold_gain":0,"player_choice":"Ignored","damage_taken":0,"max_hp_gain":0,"max_hp_loss":0,"event_name":"Golden Idol","floor":11,"gold_loss":0}],"is_beta":false,"boss_relics":[],"items_purged_floors":[3],"is_endless":false,"potions_floor_spawned":[1,8],"killed_by":"Lagavulin","ascension_level":4}}