{"host":"iimv3xr0scyjt3cx","time":1612471589,"event":{"mods":["BaseMod","Hermit","Minty Spire (QoL Compilation)","Replay The Spire","StSLib","The Bladedancer","The Bug Knight","The Cursed","The Judge","The Marked","The Necromancer","The Runesmith","The Senshi","The Servant 0.9.4","The Wild Card"],"gold_per_floor":[115,115,135,148,77,111,111,125,177,28,46,66,66,79,79,179,179,197,197,197],"floor_reached":19,"language":"ENG","playtime":1254,"items_purged":[],"score":171,"play_id":"6cf1e638-7aea-403e-b177-6ff72285e1d9","local_time":"20210204214629","is_ascension_mode":false,"campfire_choices":[{"data":"theMarked:MysticalArsenal","floor":7,"key":"SMITH"},{"data":"theMarked:TheMission","floor":13,"key":"SMITH"},{"data":"theMarked:GodGivenPower","floor":15,"key":"SMITH"}],"circlet_count":0,"master_deck":["theMarked:Strike","theMarked:Strike","theMarked:Strike","theMarked:Strike","theMarked:Strike","theMarked:Defend","theMarked:Defend","theMarked:Defend","theMarked:Defend","theMarked:SoldierOfQuellstein+1","theMarked:GodGivenPower+1","theMarked:ElectricStrings","theMarked:WardOff","theMarked:MysticalArsenal+1","theMarked:Determination","theMarked:TheMission+1","theMarked:TwofoldDefense","theMarked:Static","theMarked:Toughness","theMarked:BanishingWave"],"relics":["theMarked:ArtifactOfAir","Mirror","Omamori","ClockworkSouvenir","Cursed Key"],"acts_visited":["Exordium","TheCity"],"potions_floor_usage":[6,16,16],"damage_taken":[{"damage":0,"enemies":"Small Slimes","floor":1,"turns":4},{"damage":0,"enemies":"Cultist","floor":3,"turns":4},{"damage":0,"enemies":"Jaw Worm","floor":4,"turns":3},{"damage":8,"enemies":"3 Sentries","floor":6,"turns":7},{"damage":0,"enemies":"Large Slime","floor":8,"turns":7},{"damage":8,"enemies":"2 Fungi Beasts","floor":11,"turns":4},{"damage":5,"enemies":"3 Louse","floor":12,"turns":3},{"damage":4,"enemies":"Lots of Slimes","floor":14,"turns":5},{"damage":16,"enemies":"The Guardian","floor":16,"turns":9},{"damage":40,"enemies":"3 Byrds","floor":18,"turns":7},{"damage":0,"enemies":"Spheric Guardian","floor":19,"turns":3}],"seed_played":"1591981537576602439","potions_obtained":[{"floor":2,"key":"SkillPotion"},{"floor":2,"key":"SpeedPotion"},{"floor":2,"key":"Milkshake"},{"floor":6,"key":"SkillPotion"},{"floor":11,"key":"Doom Potion"},{"floor":12,"key":"Swift Potion"},{"floor":18,"key":"Flashbang"}],"is_trial":false,"path_per_floor":["M","?","M","M","$","E","R","M","T","$","M","M","R","M","R","B",null,"M","M"],"character_chosen":"THE_DEFAULT","items_purchased":["theMarked:MysticalArsenal","ClockworkSouvenir"],"campfire_rested":0,"item_purchase_floors":[5,10],"current_hp_per_floor":[70,70,70,70,70,62,62,62,62,62,54,49,49,45,45,29,70,30,30,30],"gold":197,"neow_bonus":"UPGRADE_CARD","is_daily":false,"chose_seed":false,"campfire_upgraded":3,"win_rate":0.0,"timestamp":1612471589,"path_taken":["M","?","?","M","$","E","R","M","T","?","M","M","R","M","R","BOSS","M","?"],"items_purchased_type":["Card","Relic"],"build_version":"2020-12-22","purchased_purges":0,"victory":false,"max_hp_per_floor":[70,70,70,70,70,70,70,70,70,70,70,70,70,70,70,70,70,70,70,70],"card_choices":[{"not_picked":["theMarked:WastefulAttack","theMarked:ParalyzingBlade"],"picked":"theMarked:GodGivenPower","floor":1},{"not_picked":["theMarked:ShockingTouch","theMarked:ResourceFulStrike"],"picked":"theMarked:ElectricStrings","floor":3},{"not_picked":["theMarked:SelfDefenseTraining","theMarked:RepellingDischarge"],"picked":"theMarked:WardOff","floor":4},{"not_picked":["theMarked:ThrowWeapon","theMarked:AttractMetal"],"picked":"theMarked:Determination","floor":6},{"not_picked":["theMarked:Improvise","theMarked:Overthink"],"picked":"theMarked:TheMission","floor":8},{"not_picked":["theMarked:TunnelVision","theMarked:WastefulAttack"],"picked":"theMarked:TwofoldDefense","floor":11},{"not_picked":["theMarked:Standoff","theMarked:Parkour"],"picked":"theMarked:Static","floor":12},{"not_picked":["theMarked:GodGivenPower","theMarked:WastefulAttack","theMarked:TwofoldDefense"],"picked":"SKIP","floor":14},{"not_picked":["theMarked:ThrowWeapon","theMarked:SuspiciousRaven"],"picked":"theMarked:Toughness","floor":16},{"not_picked":["theMarked:ResourceFulStrike","theMarked:Aftermath"],"picked":"theMarked:BanishingWave","floor":18}],"player_experience":516652,"relics_obtained":[{"floor":6,"key":"Mirror"},{"floor":9,"key":"Omamori"}],"event_choices":[{"damage_healed":0,"gold_gain":0,"player_choice":"Got Potions","damage_taken":0,"max_hp_gain":0,"max_hp_loss":0,"event_name":"Lab","floor":2,"gold_loss":0}],"is_beta":false,"boss_relics":[{"not_picked":["Velvet Choker","Snecko Eye"],"picked":"Cursed Key"}],"items_purged_floors":[],"is_endless":false,"potions_floor_spawned":[3,4,6,11,12,18],"killed_by":"Spheric Guardian","ascension_level":0}}