{"host":"y7b1p9nkx4idorr2","time":1612469911,"event":{"mods":["AchievementEnabler","Act Like it!","BaseMod","Colored Map","Downfall","GifTheSpireLib","Googly Eyes","Highlight Path","Mimic Mod","Minty Spire (QoL Compilation)","Shop Mod","Spicy Shops","StSLib","Unceasing Turn Reminder"],"gold_per_floor":[99,110,110,95,95,95,144,179,198,216,116,216,52,94,122,228,228,228,228,237,237,254,254,254,105,114,77,86,86,86,113,113,113,113,113],"floor_reached":33,"language":"ENG","playtime":1351,"items_purged":["bronze:Strike"],"score":274,"play_id":"a2682d21-5f55-4919-8a4c-c3b305a9db85","local_time":"20210204141831","is_ascension_mode":true,"campfire_choices":[{"floor":1.0,"key":"RECALL"},{"data":"bronze:Goto","floor":6.0,"key":"SMITH"},{"data":"bronze:Terminator","floor":11.0,"key":"SMITH"},{"data":"bronze:Hardcode","floor":18.0,"key":"SMITH"},{"data":"bronze:Fortify","floor":23.0,"key":"SMITH"},{"data":"Pride","floor":30,"key":"PURGE"}],"circlet_count":0,"master_deck":["bronze:Strike","bronze:Strike","bronze:Defend","bronze:Defend","bronze:Defend","bronze:Defend","bronze:Replicate","bronze:Goto+1","bronze:Invalidate","bronze:Separator","bronze:Frontload","bronze:Separator","bronze:Fortify+1","bronze:BurnOut","bronze:Terminator+1","bronze:OilSpill","bronze:Optimize","bronze:InfiniteLoop","bronze:Hardcode+1","bronze:Optimize","bronze:BugBarrage","Necronomicurse","bronze:MaxOutput+1"],"relics":["bronze:BronzeCore","Turnip","Akabeko","Calipers","downfall:HeartBlessingRed","Guardian:GemstoneGun","CeramicFish","Sozu","Oddly Smooth Stone","Necronomicon","champ:DuelingGlove","Peace Pipe"],"acts_visited":["Exordium","TheCity"],"potions_floor_usage":[32],"damage_taken":[{"damage":3.0,"enemies":"Jaw Worm","floor":2.0,"turns":4.0},{"damage":5.0,"enemies":"downfall:FleeingMerchant","floor":4.0,"turns":4.0},{"damage":16.0,"enemies":"Lagavulin","floor":8.0,"turns":5.0},{"damage":0.0,"enemies":"Cultist","floor":9.0,"turns":2.0},{"damage":0.0,"enemies":"2 Louse","floor":10.0,"turns":2.0},{"damage":6.0,"enemies":"downfall:FleeingMerchant","floor":13.0,"turns":4.0},{"damage":15.0,"enemies":"3 Sentries","floor":14.0,"turns":5.0},{"damage":8.0,"enemies":"Blue Slaver","floor":15.0,"turns":3.0},{"damage":11.0,"enemies":"DF_ARCHETYPE_STREAMLINE","floor":16.0,"turns":9.0},{"damage":0.0,"enemies":"Spheric Guardian","floor":22.0,"turns":3.0},{"damage":5.0,"enemies":"downfall:FleeingMerchant","floor":25.0,"turns":4.0},{"damage":13.0,"enemies":"downfall:FleeingMerchant","floor":27.0,"turns":4.0},{"damage":20,"enemies":"Slavers","floor":31,"turns":4},{"damage":0,"enemies":"Chosen","floor":32,"turns":1},{"damage":16,"enemies":"SI_MIRROR_ARCHETYPE","floor":33,"turns":3}],"seed_played":"5292754133180918790","potions_obtained":[{"floor":8.0,"key":"SmokeBomb"},{"floor":10.0,"key":"Block Potion"},{"floor":15.0,"key":"ColorlessPotion"},{"floor":16.0,"key":"LiquidMemories"}],"is_trial":false,"path_per_floor":["R","M","?","$","?","R","T","E","M","M","R","?","$","E","M","B",null,"R","?","?","?","M","R","T","$","?","$","?","$","R","E","M","B"],"character_chosen":"THE_AUTOMATON","items_purchased":["Guardian:GemstoneGun","Oddly Smooth Stone","champ:DuelingGlove"],"campfire_rested":0,"item_purchase_floors":[13,25,27],"current_hp_per_floor":[70,67,67,62,62,62,62,46,46,46,46,46,40,25,17,6,70,70,70,70,70,70,70,70,65,49,36,36,36,36,16,16,0,0,0],"gold":113,"neow_bonus":"ONE_RARE_RELIC","is_daily":false,"chose_seed":false,"campfire_upgraded":4,"win_rate":0.0,"timestamp":1612469911,"path_taken":["R","M","?","$","?","R","T","E","M","?","R","?","?","E","M","BOSS","R","?","?","?","?","R","T","?","?","$","?","$","R","E","M","BOSS"],"items_purchased_type":["Relic","Relic","Relic"],"build_version":"2020-12-22","purchased_purges":1,"victory":false,"max_hp_per_floor":[70,70,70,70,70,70,70,70,70,70,70,70,70,70,70,70,70,70,70,70,70,70,70,70,70,70,70,70,70,70,70,70,70,70,70],"card_choices":[{"not_picked":["bronze:Separator","bronze:Constructor"],"picked":"bronze:Invalidate","floor":2.0},{"not_picked":["bronze:Return","bronze:Deprecate"],"picked":"bronze:Frontload","floor":4.0},{"not_picked":["bronze:Branch","bronze:CutThrough"],"picked":"bronze:Fortify","floor":8.0},{"not_picked":["bronze:Branch","bronze:WhirlingStrike"],"picked":"bronze:BurnOut","floor":9.0},{"not_picked":["bronze:Shield","bronze:CutThrough"],"picked":"bronze:Terminator","floor":10.0},{"not_picked":["bronze:Iterate","bronze:FineTuning"],"picked":"bronze:OilSpill","floor":13.0},{"not_picked":["bronze:BugBarrage","bronze:Turbo"],"picked":"bronze:Optimize","floor":14.0},{"not_picked":["bronze:BuggyMess","bronze:Separator"],"picked":"bronze:InfiniteLoop","floor":15.0},{"not_picked":["bronze:Break","bronze:AlphaBuild"],"picked":"bronze:Hardcode","floor":16.0},{"not_picked":["bronze:Allocate","bronze:Invalidate+1","bronze:DelayedGuard"],"picked":"SKIP","floor":22.0},{"not_picked":["bronze:ClassDefault","bronze:Overheat"],"picked":"bronze:BugBarrage","floor":25.0},{"not_picked":["bronze:Flail","bronze:ChildClass"],"picked":"bronze:MaxOutput+1","floor":31}],"player_experience":2284844,"relics_obtained":[{"floor":7.0,"key":"Akabeko"},{"floor":8.0,"key":"Calipers"},{"floor":14.0,"key":"CeramicFish"},{"floor":26.0,"key":"Necronomicon"}],"event_choices":[{"damage_healed":0.0,"max_hp_gain":0.0,"max_hp_loss":0.0,"gold_gain":0.0,"event_name":"The Library","player_choice":"Read","floor":20.0,"gold_loss":0.0,"damage_taken":0.0,"cards_obtained":["bronze:Optimize"]},{"damage_healed":0.0,"max_hp_gain":0.0,"max_hp_loss":0.0,"gold_gain":0.0,"event_name":"Vampires","player_choice":"Ignored","floor":21.0,"gold_loss":0.0,"damage_taken":0.0},{"damage_healed":0,"gold_gain":0,"player_choice":"Stole Relic","damage_taken":0,"relics_obtained":["Peace Pipe"],"max_hp_gain":0,"max_hp_loss":0,"event_name":"Addict","floor":28,"gold_loss":0,"cards_obtained":["Pride"]}],"is_beta":false,"boss_relics":[{"not_picked":["Coffee Dripper","Fusion Hammer"],"picked":"Sozu"}],"items_purged_floors":[27],"is_endless":false,"potions_floor_spawned":[8,10,15,16,32],"killed_by":"SI_MIRROR_ARCHETYPE","ascension_level":2}}