{"host":"vahfsrte3c21740v","time":1612449056,"event":{"mods":["2.2 Compatiblity","AchievementEnabler","Aspiration","BaseMod","Bestiary","Better Note","Better Third Choice","BetterRewards","Block Reminder","Colored Map","Colored Powertips","Conspire","Googly Eyes","Highlight Path","Hubris","Jorbs\u0027s Wanderer Trilogy","Mimic Mod","Minty Spire (QoL Compilation)","Monster B Gone","Permanent Neow","Quick Restart","Rare Cards Sparkle","Replay The Spire","Reworked Bosses","StSLib","The Jungle","Wandering Minibosses","everything is the same but u backflip on backflip"],"gold_per_floor":[109,37,43,61,71,71,88,88,135,163,163,178,212,142,142,244,244,259,259,270,287,311,311,15,15,62,82,82,82,105,130,130,241,341,393,427,464,678,703,703,742,795,821,848,848,848,885,935,935,939,939,939,939,1929,1933],"floor_reached":56,"language":"ENG","playtime":5471,"items_purged":["stsjorbsmod:Defend_Wanderer","stsjorbsmod:Defend_Wanderer"],"score":1466,"play_id":"351e7b26-8786-4c4d-866d-ddd1ee21559f","local_time":"20210204143056","is_ascension_mode":false,"campfire_choices":[{"data":"stsjorbsmod:FreshAdventure","floor":6,"key":"SMITH"},{"data":"stsjorbsmod:GatherPower","floor":11,"key":"SMITH"},{"floor":15,"key":"REST"},{"data":"stsjorbsmod:Banish","floor":23,"key":"SMITH"},{"data":"conspire:Banana","floor":25,"key":"SMITH"},{"data":"stsjorbsmod:Hibernate","floor":28,"key":"SMITH"},{"floor":32,"key":"REST"},{"floor":40,"key":"RECALL"},{"data":"stsjorbsmod:TollTheDead","floor":46,"key":"SMITH"},{"floor":49,"key":"REST"},{"data":"Pot Of Greed","floor":52,"key":"SMITH"}],"circlet_count":0,"master_deck":["stsjorbsmod:ForbiddenGrimoire+1","stsjorbsmod:Strike_Wanderer","stsjorbsmod:Strike_Wanderer","stsjorbsmod:Defend_Wanderer","stsjorbsmod:Defend_Wanderer","stsjorbsmod:FreshAdventure+1","stsjorbsmod:EyeOfTheStorm","stsjorbsmod:Trauma","stsjorbsmod:MageArmor","stsjorbsmod:FindFamiliar","Pot Of Greed","Pot Of Greed","stsjorbsmod:FaerieFire","stsjorbsmod:TrueStrike","stsjorbsmod:GatherPower+1","stsjorbsmod:Hibernate+1","stsjorbsmod:Materialize","stsjorbsmod:Withdraw","stsjorbsmod:Banish+1","stsjorbsmod:ColorSpray","stsjorbsmod:LocateObject+1","stsjorbsmod:DisguiseSelf+1","Pot Of Greed","conspire:Banana+1","stsjorbsmod:DeathThroes","stsjorbsmod:LocateObject+1","stsjorbsmod:BookOfTongues+1","stsjorbsmod:TollTheDead+1","stsjorbsmod:SiphonEnergy","stsjorbsmod:Stalwart+1","stsjorbsmod:TrueStrike","stsjorbsmod:ScorchingRay","stsjorbsmod:Trauma","stsjorbsmod:FaerieFire","stsjorbsmod:Hibernate","Pot Of Greed+1","ReplayTheSpireMod:Brewmster","stsjorbsmod:FranticSearch","stsjorbsmod:AnimateObjects+1","Adrenaline","PiercingWail","Burst","stsjorbsmod:TinyHut+1","stsjorbsmod:Channel+1","stsjorbsmod:Pyromancy"],"relics":["stsjorbsmod:GrimoireRelic","ReplayTheSpireMod:CursedCoin","Grinning Jar","hubris:SlimyHat","conspire:Dentures","Pen Nib","Regal Pillow","Black Star","Replay:Bandana","Gremlin Horn","Replay:Wanted Poster","hubris:NiceRug","hubris:DisguiseKit","Replay:Kaleidoscope","Sling","wanderingMiniBosses:CarrionFlame","aspiration:FrozenJewel","Replay:WaspNest","Anchor","Dream Catcher","Iron Hammer","Blue Candle","Dead Branch"],"acts_visited":["Exordium","Exordium","TheBeyond","TheEnding"],"potions_floor_usage":[14,14,38,38,39,41,41,41,55,55],"damage_taken":[{"damage":8,"enemies":"Cultist","floor":1,"turns":3},{"damage":0,"enemies":"Jaw Worm","floor":4,"turns":2},{"damage":2,"enemies":"Small Slimes","floor":5,"turns":3},{"damage":0,"enemies":"Looter","floor":7,"turns":2},{"damage":17,"enemies":"3 Sentries","floor":10,"turns":3},{"damage":0,"enemies":"Exordium Wildlife","floor":12,"turns":1},{"damage":0,"enemies":"Gremlin Nob","floor":13,"turns":2},{"damage":11,"enemies":"conspire:MimicChest","floor":14,"turns":6},{"damage":9,"enemies":"Slime Boss","floor":16,"turns":4},{"damage":11,"enemies":"theJungle:MUSHROOMGANG","floor":18,"turns":4},{"damage":0,"enemies":"theJungle:Flameango_and_Byrd","floor":20,"turns":1},{"damage":10,"enemies":"theJungle:JungleHuntersEncounter","floor":21,"turns":9},{"damage":0,"enemies":"theJungle:Lyon","floor":22,"turns":5},{"damage":15,"enemies":"theJungle:SlimyTreeVines","floor":27,"turns":7},{"damage":0,"enemies":"Snake Plant","floor":30,"turns":3},{"damage":0,"enemies":"theJungle:Cassacara","floor":31,"turns":5},{"damage":30,"enemies":"theJungle:FunGuy","floor":33,"turns":9},{"damage":5,"enemies":"3 Shapes","floor":35,"turns":5},{"damage":4,"enemies":"Orb Walker","floor":36,"turns":3},{"damage":19,"enemies":"Jaw Worm Horde","floor":37,"turns":3},{"damage":13,"enemies":"hubris:Merchant","floor":38,"turns":7},{"damage":0,"enemies":"Transient","floor":39,"turns":5},{"damage":12,"enemies":"Nemesis","floor":41,"turns":4},{"damage":0,"enemies":"Sphere and 2 Shapes","floor":42,"turns":2},{"damage":0,"enemies":"Spire Growth","floor":44,"turns":4},{"damage":6,"enemies":"Giant Head","floor":47,"turns":6},{"damage":0,"enemies":"4 Shapes","floor":48,"turns":1},{"damage":34,"enemies":"Time Eater","floor":50,"turns":15},{"damage":14,"enemies":"Shield and Spear","floor":54,"turns":11},{"damage":36,"enemies":"The Heart","floor":55,"turns":8}],"seed_played":"5003577321814990119","potions_obtained":[{"floor":1,"key":"LifebloodPotion"},{"floor":7,"key":"Strength Potion"},{"floor":12,"key":"Weak Potion"},{"floor":20,"key":"Energy Potion"},{"floor":22,"key":"FearPotion"},{"floor":30,"key":"Milkshake"},{"floor":31,"key":"Toxic Potion"},{"floor":38,"key":"stsjorbsmod:LiquidVirtue"},{"floor":38,"key":"FairyPotion"},{"floor":42,"key":"Weak Potion"},{"floor":47,"key":"Languid Potion"},{"floor":48,"key":"Elixir"}],"is_trial":false,"path_per_floor":["M","$","$","M","M","R","M","?","T","E","R","M","E","?","R","B",null,"M","?","M","M","M","R","$","R","T","M","R","?","M","E","R","B",null,"M","M","M","$","M","R","E","M","T","M","?","R","E","M","R","B",null,"R","$","E","B",null],"character_chosen":"WANDERER","items_purchased":["stsjorbsmod:FindFamiliar","ReplayTheSpireMod:CursedCoin","Grinning Jar","conspire:Banana","stsjorbsmod:DeathThroes"],"campfire_rested":3,"item_purchase_floors":[2,3,3,24,24],"current_hp_per_floor":[60,60,60,60,60,60,60,60,60,43,43,43,44,33,69,60,70,59,59,59,49,52,52,52,52,52,45,45,45,47,52,76,48,78,76,74,57,46,48,48,38,40,40,44,44,44,40,40,83,51,96,96,96,84,50],"gold":1933,"neow_bonus":"TRANSFORM_CARD","is_daily":false,"chose_seed":false,"campfire_upgraded":7,"win_rate":0.0,"timestamp":1612449056,"path_taken":["M","?","$","M","M","R","M","?","T","E","R","M","E","?","R","BOSS","M","?","M","M","M","R","$","R","T","M","R","?","?","E","R","BOSS","M","M","M","$","M","R","E","M","T","M","?","R","E","?","R","BOSS","R","$","E","BOSS"],"items_purchased_type":["Card","Relic","Relic","Card","Card"],"build_version":"2020-12-22","purchased_purges":2,"victory":true,"max_hp_per_floor":[68,68,68,68,70,70,70,70,70,70,70,70,70,70,70,70,70,70,70,70,70,70,70,70,70,70,72,72,72,74,76,76,78,78,80,82,84,86,88,88,90,90,90,92,92,92,94,94,94,96,96,96,96,98,100],"card_choices":[{"not_picked":["stsjorbsmod:Inferno","stsjorbsmod:Hurt"],"picked":"stsjorbsmod:MageArmor","floor":1},{"not_picked":["stsjorbsmod:Message","stsjorbsmod:Introspection"],"picked":"stsjorbsmod:FaerieFire","floor":4},{"not_picked":["stsjorbsmod:Aid","stsjorbsmod:Prepare"],"picked":"stsjorbsmod:TrueStrike","floor":5},{"not_picked":["stsjorbsmod:UnseenServant","stsjorbsmod:Mindworm","stsjorbsmod:BurningFlask"],"picked":"SKIP","floor":7},{"not_picked":["stsjorbsmod:Prestidigitation","stsjorbsmod:Channel"],"picked":"stsjorbsmod:GatherPower","floor":10},{"not_picked":["stsjorbsmod:Introspection","stsjorbsmod:TinyHut"],"picked":"stsjorbsmod:Hibernate","floor":12},{"not_picked":["stsjorbsmod:Channel","stsjorbsmod:WeightOfMemory"],"picked":"stsjorbsmod:Materialize","floor":13},{"not_picked":["stsjorbsmod:Mindworm","stsjorbsmod:Rest"],"picked":"stsjorbsmod:Withdraw","floor":14},{"not_picked":["stsjorbsmod:DeathThroes","stsjorbsmod:Fear"],"picked":"stsjorbsmod:Banish","floor":16},{"not_picked":["stsjorbsmod:Prepare","stsjorbsmod:TrueStrike","stsjorbsmod:Hurt"],"picked":"SKIP","floor":18},{"not_picked":["stsjorbsmod:RefuseToForget","stsjorbsmod:BlackTentacles"],"picked":"stsjorbsmod:ColorSpray","floor":20},{"not_picked":["stsjorbsmod:HedgeWizard+1","stsjorbsmod:RayOfFrost+1"],"picked":"stsjorbsmod:LocateObject+1","floor":21},{"not_picked":["stsjorbsmod:RayOfFrost","stsjorbsmod:Hurt+1"],"picked":"stsjorbsmod:DisguiseSelf+1","floor":22},{"not_picked":["stsjorbsmod:Prestidigitation+1","stsjorbsmod:PurgeMind"],"picked":"stsjorbsmod:LocateObject+1","floor":27},{"not_picked":["stsjorbsmod:BlackTentacles+1","stsjorbsmod:FracturedMind"],"picked":"stsjorbsmod:BookOfTongues+1","floor":30},{"not_picked":["stsjorbsmod:Hurt","stsjorbsmod:FracturedMind"],"picked":"stsjorbsmod:TollTheDead","floor":31},{"not_picked":["stsjorbsmod:Entangle","stsjorbsmod:Pyromancy"],"picked":"stsjorbsmod:SiphonEnergy","floor":33},{"not_picked":["stsjorbsmod:WeightOfMemory+1","stsjorbsmod:HedgeWizard+1"],"picked":"stsjorbsmod:Stalwart+1","floor":35},{"not_picked":["stsjorbsmod:Mending+1","stsjorbsmod:HedgeWizard+1"],"picked":"stsjorbsmod:TrueStrike","floor":36},{"not_picked":["stsjorbsmod:BurningFlask+1","stsjorbsmod:Firebolt"],"picked":"stsjorbsmod:ScorchingRay","floor":37},{"not_picked":[],"picked":"stsjorbsmod:Trauma","floor":38},{"not_picked":[],"picked":"stsjorbsmod:FaerieFire","floor":38},{"not_picked":[],"picked":"stsjorbsmod:Hibernate","floor":38},{"not_picked":[],"picked":"ReplayTheSpireMod:Brewmster","floor":38},{"not_picked":["stsjorbsmod:ChainLightning"],"picked":"SKIP","floor":38},{"not_picked":["stsjorbsmod:ArcaneWeapon"],"picked":"SKIP","floor":38},{"not_picked":["Jack Of All Trades"],"picked":"SKIP","floor":38},{"not_picked":["stsjorbsmod:AnimateObjects+1","stsjorbsmod:MageArmor+1","Quick Slash"],"picked":"stsjorbsmod:FranticSearch","floor":39},{"not_picked":["stsjorbsmod:Firebolt","stsjorbsmod:FlameWard+1","hubris:SlightOfHand"],"picked":"stsjorbsmod:AnimateObjects+1","floor":41},{"not_picked":["stsjorbsmod:Hurt","stsjorbsmod:Prepare+1","stsjorbsmod:DisguiseSelf"],"picked":"Adrenaline","floor":42},{"not_picked":["stsjorbsmod:MagicMissiles+1","stsjorbsmod:Aid+1","stsjorbsmod:AnimateObjects+1"],"picked":"PiercingWail","floor":44},{"not_picked":["stsjorbsmod:WeightOfMemory","stsjorbsmod:BookOfTongues+1","stsjorbsmod:Counterspell"],"picked":"Burst","floor":47},{"not_picked":["stsjorbsmod:Will","stsjorbsmod:MagicMirror","Flechettes"],"picked":"stsjorbsmod:TinyHut+1","floor":48},{"not_picked":["stsjorbsmod:UnseenServant+1","stsjorbsmod:BurningFlask","Quick Slash"],"picked":"stsjorbsmod:Channel+1","floor":49},{"not_picked":["stsjorbsmod:UnseenServant","stsjorbsmod:Aid","Deadly Poison"],"picked":"stsjorbsmod:Pyromancy","floor":54}],"player_experience":102080,"relics_obtained":[{"floor":9,"key":"hubris:SlimyHat"},{"floor":10,"key":"conspire:Dentures"},{"floor":13,"key":"Pen Nib"},{"floor":14,"key":"Regal Pillow"},{"floor":31,"key":"Replay:Bandana"},{"floor":31,"key":"Gremlin Horn"},{"floor":38,"key":"hubris:DisguiseKit"},{"floor":38,"key":"Replay:Kaleidoscope"},{"floor":38,"key":"Sling"},{"floor":39,"key":"wanderingMiniBosses:CarrionFlame"},{"floor":41,"key":"aspiration:FrozenJewel"},{"floor":41,"key":"Replay:WaspNest"},{"floor":43,"key":"Anchor"},{"floor":47,"key":"Dream Catcher"},{"floor":47,"key":"Iron Hammer"},{"floor":54,"key":"Blue Candle"},{"floor":54,"key":"Dead Branch"}],"event_choices":[{"damage_healed":0,"gold_gain":0,"player_choice":"Disagree","damage_taken":0,"max_hp_gain":0,"max_hp_loss":0,"event_name":"conspire:LoneGhost","floor":8,"gold_loss":0},{"cards_removed":["stsjorbsmod:Defend_Wanderer"],"damage_healed":0,"gold_gain":0,"player_choice":"Give","damage_taken":0,"max_hp_gain":0,"max_hp_loss":0,"event_name":"betterNote:BetterNote","floor":19,"gold_loss":0,"cards_obtained":["Regret"]},{"damage_healed":0,"gold_gain":0,"player_choice":"Bought 0 Potions","damage_taken":0,"max_hp_gain":0,"max_hp_loss":0,"event_name":"The Woman in Blue","floor":29,"gold_loss":0},{"cards_removed":["stsjorbsmod:Strike_Wanderer"],"damage_healed":0,"gold_gain":0,"player_choice":"Offered Basic","damage_taken":0,"max_hp_gain":0,"max_hp_loss":0,"event_name":"Bonfire Elementals","floor":45,"gold_loss":0}],"is_beta":false,"boss_relics":[{"not_picked":["Astrolabe","Busted Crown"],"picked":"Black Star"},{"not_picked":["aspiration:FutureDiary","Replay:Fungal Core"],"picked":"Replay:Wanted Poster"}],"items_purged_floors":[24,38],"is_endless":false,"potions_floor_spawned":[1,7,12,20,22,30,31,35,36,42,47,48,54],"ascension_level":0}}