{"host":"7r2n0tv442aowt09","time":1612444086,"event":{"mods":["BaseMod","Curses Come First","Custom Start","Exacting","Highlight Path","Infinite Spire","Minty Spire (QoL Compilation)","Relic Sorter","StSLib"],"gold_per_floor":[150,213,213,213,262,350,350,350,350],"floor_reached":8,"language":"JPN","playtime":324,"items_purged":[],"score":112,"play_id":"a6a3c749-74f2-4a2f-b985-961a9ee90b86","local_time":"20210204220806","daily_mods":["Flight","Midas"],"is_ascension_mode":true,"campfire_choices":[{"data":"Injury","floor":7,"key":"PURGE"}],"circlet_count":0,"master_deck":["AscendersBane","Strike_G","Strike_G","Strike_G","Strike_G","Defend_G","Defend_G","Defend_G","Defend_G","Defend_G","Survivor","Neutralize","Poisoned Stab","Noxious Fumes","All Out Attack","Acrobatics+1"],"relics":["Ring of the Snake","Darkstone Periapt","Singing Bowl","Nuclear Battery","Peace Pipe","Juzu Bracelet","Toxic Egg 2","Golden Idol","MealTicket"],"acts_visited":["Exordium"],"potions_floor_usage":[6,6],"damage_taken":[{"damage":1,"enemies":"Small Slimes","floor":1,"turns":4},{"damage":0,"enemies":"2 Louse","floor":2,"turns":2},{"damage":0,"enemies":"Cultist","floor":5,"turns":3},{"damage":46,"enemies":"Gremlin Nob","floor":6,"turns":5},{"damage":19,"enemies":"3 Sentries","floor":8,"turns":3}],"seed_played":"4519167585958073260","potions_obtained":[{"floor":2,"key":"EssenceOfSteel"},{"floor":5,"key":"SkillPotion"}],"is_trial":true,"path_per_floor":["M","M","?","?","M","E","R","E"],"character_chosen":"THE_SILENT","items_purchased":[],"campfire_rested":0,"item_purchase_floors":[],"current_hp_per_floor":[58,58,51,57,57,11,11,0,0],"gold":350,"neow_bonus":"","is_daily":false,"chose_seed":false,"campfire_upgraded":0,"win_rate":0.0,"timestamp":1612444086,"path_taken":["M","M","?","?","M","E","R","E"],"items_purchased_type":[],"build_version":"2020-12-22","purchased_purges":0,"victory":false,"max_hp_per_floor":[66,66,66,72,72,72,72,72,72],"card_choices":[{"not_picked":["Setup+1","PiercingWail+1"],"picked":"Poisoned Stab","floor":1},{"not_picked":["Flying Knee","Eviscerate"],"picked":"Noxious Fumes","floor":2},{"not_picked":["Sucker Punch","Setup+1"],"picked":"All Out Attack","floor":5},{"not_picked":["Flying Knee","Prepared+1"],"picked":"Acrobatics+1","floor":6}],"player_experience":2222844,"relics_obtained":[{"floor":6,"key":"MealTicket"}],"event_choices":[{"cards_removed":["Strike_G"],"damage_healed":0,"gold_gain":0,"player_choice":"Card Removal","damage_taken":7,"max_hp_gain":0,"max_hp_loss":0,"event_name":"Golden Wing","floor":3,"gold_loss":0},{"damage_healed":0,"gold_gain":0,"player_choice":"Take Wound","damage_taken":0,"relics_obtained":["Golden Idol"],"max_hp_gain":0,"max_hp_loss":0,"event_name":"Golden Idol","floor":4,"gold_loss":0,"cards_obtained":["Injury"]}],"is_beta":false,"boss_relics":[],"items_purged_floors":[],"is_endless":false,"potions_floor_spawned":[2,5],"killed_by":"3 Sentries","ascension_level":20}}