{"host":"oigynbtg272c19pw","time":1612473287,"event":{"mods":["BaseMod","Colored Map","Minty Spire (QoL Compilation)","Relic Stats","Slay the Relics Exporter","StSLib"],"gold_per_floor":[116,139,64,27,37,37,52,83,83,83,83],"floor_reached":10,"playtime":244,"items_purged":[],"score":132,"play_id":"0eaf4293-a0f8-4af2-a095-15ea60651a52","local_time":"20210204221447","is_ascension_mode":true,"campfire_choices":[{"data":"Skewer","floor":6,"key":"SMITH"}],"circlet_count":0,"master_deck":["AscendersBane","Strike_G","Strike_G","Strike_G","Strike_G","Strike_G","Defend_G","Defend_G","Defend_G","Defend_G","Defend_G","Survivor","Neutralize","Deadly Poison","Skewer+1","Underhanded Strike","Dagger Throw","Phantasmal Killer","Parasite"],"relics":["Cursed Key","Bronze Scales","Shovel","The Courier"],"acts_visited":["Exordium"],"potions_floor_usage":[8],"damage_taken":[{"damage":8,"enemies":"Cultist","floor":1,"turns":5},{"damage":0,"enemies":"Jaw Worm","floor":5,"turns":4},{"damage":6,"enemies":"2 Louse","floor":7,"turns":2},{"damage":15,"enemies":"3 Sentries","floor":8,"turns":6},{"damage":32,"enemies":"Gremlin Nob","floor":10,"turns":3}],"seed_played":"607060714646055359","potions_obtained":[{"floor":1,"key":"Dexterity Potion"},{"floor":5,"key":"LiquidBronze"}],"is_trial":false,"path_per_floor":["M","T","?","$","M","R","M","E","T","E"],"character_chosen":"THE_SILENT","items_purchased":["Skewer"],"campfire_rested":0,"item_purchase_floors":[4],"current_hp_per_floor":[51,51,51,51,51,51,45,30,30,0,0],"gold":83,"neow_bonus":"BOSS_RELIC","is_daily":false,"chose_seed":false,"campfire_upgraded":1,"win_rate":0.0,"timestamp":1612473287,"path_taken":["M","?","?","$","M","R","M","E","T","E"],"items_purchased_type":["Card"],"build_version":"2020-12-13","purchased_purges":0,"victory":false,"max_hp_per_floor":[66,66,66,66,66,66,66,66,66,66,66],"relic_stats":{"Shovel":0,"counters":[5,20],"Bronze Scales":[30],"Cursed Key":2,"obtain_stats":[{"Shovel":8,"Bronze Scales":2,"The Courier":9,"Cursed Key":0,"Ring of the Snake":0},{"Shovel":4,"Bronze Scales":1,"The Courier":4,"Cursed Key":0,"Ring of the Snake":0},{"Shovel":17,"Bronze Scales":5,"The Courier":17,"Cursed Key":0,"Ring of the Snake":0}]},"card_choices":[{"not_picked":["Expertise","Blur"],"picked":"Deadly Poison","floor":1},{"not_picked":["Flying Knee","Cloak And Dagger"],"picked":"Underhanded Strike","floor":5},{"not_picked":["Quick Slash","Poisoned Stab"],"picked":"Dagger Throw","floor":7},{"not_picked":["Sucker Punch","Backflip"],"picked":"Phantasmal Killer","floor":8}],"player_experience":1540688,"relics_obtained":[{"floor":2,"key":"Bronze Scales"},{"floor":8,"key":"Shovel"},{"floor":9,"key":"The Courier"}],"event_choices":[{"cards_removed":["Shame"],"damage_healed":0,"gold_gain":0,"player_choice":"Card Removal","damage_taken":0,"max_hp_gain":0,"max_hp_loss":0,"event_name":"The Cleric","floor":3,"gold_loss":75}],"is_beta":false,"boss_relics":[],"items_purged_floors":[],"is_endless":false,"potions_floor_spawned":[1,5],"killed_by":"Gremlin Nob","ascension_level":20}}