{"host":"qrt7o4dq2qslzw13","time":1612447756,"event":{"mods":["AchievementEnabler","BaseMod","Colored Map","Colored Powertips","Minty Spire (QoL Compilation)","Quick Restart","StSLib","SuperFastMode"],"gold_per_floor":[116,116,126,126,149,177,177,211,263,263,243,263,275,295,295,392,392,410,410,335,335],"floor_reached":20,"language":"ENG","playtime":259,"items_purged":[],"score":331,"play_id":"11b62b2a-c19f-4cdf-b33b-4d4431711153","local_time":"20210204090916","is_ascension_mode":true,"campfire_choices":[{"data":"Caltrops","floor":7,"key":"SMITH"},{"floor":10,"key":"REST"},{"floor":15,"key":"REST"}],"circlet_count":0,"master_deck":["AscendersBane","Strike_G","Strike_G","Strike_G","Strike_G","Defend_G","Defend_G","Defend_G","Defend_G","Defend_G","Survivor","Neutralize","Caltrops+1","Poisoned Stab","Endless Agony+1","Slice+1","Quick Slash+1","Bouncing Flask","Endless Agony+1","Envenom","Slice+1"],"relics":["Ring of the Snake","NeowsBlessing","Art of War","Ancient Tea Set","Molten Egg 2","Pear","Nunchaku"],"acts_visited":["Exordium","TheCity"],"potions_floor_usage":[16,16,16,16,20],"damage_taken":[{"damage":0,"enemies":"Small Slimes","floor":1,"turns":1},{"damage":0,"enemies":"2 Louse","floor":3,"turns":1},{"damage":0,"enemies":"Lagavulin","floor":6,"turns":1},{"damage":22,"enemies":"3 Sentries","floor":8,"turns":9},{"damage":0,"enemies":"Jaw Worm","floor":12,"turns":2},{"damage":3,"enemies":"Looter","floor":13,"turns":2},{"damage":5,"enemies":"Red Slaver","floor":14,"turns":3},{"damage":51,"enemies":"Hexaghost","floor":16,"turns":8},{"damage":30,"enemies":"Spheric Guardian","floor":18,"turns":4},{"damage":35,"enemies":"2 Thieves","floor":20,"turns":3}],"seed_played":"-7561455616345745952","potions_obtained":[{"floor":6,"key":"PowerPotion"},{"floor":11,"key":"EntropicBrew"},{"floor":16,"key":"ColorlessPotion"}],"is_trial":false,"path_per_floor":["M","?","M","?","T","E","R","E","T","R","?","M","M","M","R","B",null,"M","?","M"],"character_chosen":"THE_SILENT","items_purchased":[],"campfire_rested":2,"item_purchase_floors":[],"current_hp_per_floor":[63,51,51,44,44,44,44,32,32,56,56,56,53,48,72,21,65,35,35,0,0],"gold":335,"neow_bonus":"THREE_ENEMY_KILL","is_daily":false,"chose_seed":false,"campfire_upgraded":1,"win_rate":0.0,"timestamp":1612447756,"path_taken":["M","?","M","?","?","E","R","E","T","R","?","M","?","M","R","BOSS","M","?","M"],"items_purchased_type":[],"build_version":"2020-12-22","purchased_purges":0,"victory":false,"max_hp_per_floor":[70,70,70,70,70,70,70,80,80,80,80,80,80,80,80,80,80,80,80,80,80],"card_choices":[{"not_picked":["Deflect","Sucker Punch"],"picked":"Caltrops","floor":1},{"not_picked":["Prepared","Dagger Throw"],"picked":"Poisoned Stab","floor":3},{"not_picked":["Sucker Punch+1","Backflip"],"picked":"Endless Agony+1","floor":6},{"not_picked":["Predator+1","Escape Plan"],"picked":"Slice+1","floor":8},{"not_picked":["Deflect","Cloak And Dagger"],"picked":"Quick Slash+1","floor":12},{"not_picked":["Dagger Spray+1","Predator+1"],"picked":"Bouncing Flask","floor":13},{"not_picked":["Underhanded Strike+1","Backflip"],"picked":"Endless Agony+1","floor":14},{"not_picked":["Glass Knife+1","Unload+1"],"picked":"Envenom","floor":16},{"not_picked":["Acrobatics","Backflip"],"picked":"Slice+1","floor":18}],"player_experience":625702,"relics_obtained":[{"floor":5,"key":"Ancient Tea Set"},{"floor":6,"key":"Molten Egg 2"},{"floor":8,"key":"Pear"},{"floor":9,"key":"Nunchaku"}],"event_choices":[{"damage_healed":0,"gold_gain":0,"player_choice":"Success","damage_taken":12,"relics_obtained":["Art of War"],"max_hp_gain":0,"max_hp_loss":0,"event_name":"Scrap Ooze","floor":2,"gold_loss":0},{"cards_removed":["Strike_G"],"damage_healed":0,"gold_gain":0,"player_choice":"Card Removal","damage_taken":7,"max_hp_gain":0,"max_hp_loss":0,"event_name":"Golden Wing","floor":4,"gold_loss":0},{"damage_healed":0,"gold_gain":0,"player_choice":"Bought 1 Potion","damage_taken":0,"max_hp_gain":0,"max_hp_loss":0,"event_name":"The Woman in Blue","floor":11,"gold_loss":0},{"damage_healed":0,"gold_gain":0,"player_choice":"Ignored","damage_taken":0,"max_hp_gain":0,"max_hp_loss":0,"event_name":"Vampires","floor":19,"gold_loss":0}],"is_beta":false,"boss_relics":[{"not_picked":["Coffee Dripper","Philosopher\u0027s Stone","Velvet Choker"]}],"items_purged_floors":[],"is_endless":false,"potions_floor_spawned":[6,12,16],"killed_by":"2 Thieves","ascension_level":12}}