{"host":"wf1r1zhguvoo22rf","time":1612463740,"event":{"mods":["BaseMod","Colored Powertips","Minty Spire (QoL Compilation)","StSLib"],"gold_per_floor":[114,114,114,189,189,189,207,238,238,238,252,262,296,316,316,316,316],"floor_reached":16,"language":"ENG","playtime":857,"items_purged":[],"score":146,"play_id":"4f356b8b-5de1-4d2b-8fa3-22a109ac7571","local_time":"20210204203540","is_ascension_mode":true,"campfire_choices":[{"floor":6,"key":"REST"},{"floor":10,"key":"REST"},{"data":"Setup","floor":15,"key":"SMITH"}],"circlet_count":0,"master_deck":["Strike_G","Strike_G","Strike_G+1","Strike_G","Strike_G","Defend_G","Defend_G","Defend_G","Defend_G","Defend_G","Survivor","Neutralize+1","Setup+1","Cloak And Dagger","Slice","Cloak And Dagger","Outmaneuver"],"relics":["Busted Crown","Strawberry","CultistMask","White Beast Statue","Bottled Lightning","Mango"],"acts_visited":["Exordium"],"potions_floor_usage":[8,13,13,16],"damage_taken":[{"damage":2,"enemies":"2 Louse","floor":1,"turns":3},{"damage":1,"enemies":"Small Slimes","floor":7,"turns":4},{"damage":16,"enemies":"Lagavulin","floor":8,"turns":6},{"damage":0,"enemies":"Cultist","floor":11,"turns":4},{"damage":1,"enemies":"2 Fungi Beasts","floor":12,"turns":4},{"damage":19,"enemies":"3 Sentries","floor":13,"turns":12},{"damage":10,"enemies":"3 Louse","floor":14,"turns":4},{"damage":106,"enemies":"Hexaghost","floor":16,"turns":18}],"seed_played":"4839498228951039527","potions_obtained":[{"floor":1,"key":"CultistPotion"},{"floor":11,"key":"Regen Potion"},{"floor":12,"key":"Poison Potion"},{"floor":13,"key":"FairyPotion"},{"floor":14,"key":"Poison Potion"}],"is_trial":false,"path_per_floor":["M","?","?","?","?","R","M","E","T","R","M","M","E","M","R","B"],"character_chosen":"THE_SILENT","items_purchased":[],"campfire_rested":2,"item_purchase_floors":[],"current_hp_per_floor":[68,54,54,43,43,66,65,49,49,72,72,71,81,71,71,0,0],"gold":316,"neow_bonus":"BOSS_RELIC","is_daily":false,"chose_seed":false,"campfire_upgraded":1,"win_rate":0.0,"timestamp":1612463740,"path_taken":["M","?","?","?","?","R","M","E","T","R","M","?","E","M","R","BOSS"],"items_purchased_type":[],"build_version":"2020-12-22","purchased_purges":0,"victory":false,"max_hp_per_floor":[70,70,77,77,77,77,77,77,77,77,77,77,91,91,91,91,91],"card_choices":[{"not_picked":[],"picked":"Setup","floor":1},{"not_picked":[],"picked":"Cloak And Dagger","floor":7},{"not_picked":[],"picked":"Slice","floor":8},{"not_picked":["Masterful Stab"],"picked":"SKIP","floor":11},{"not_picked":[],"picked":"Cloak And Dagger","floor":12},{"not_picked":[],"picked":"Outmaneuver","floor":13},{"not_picked":["Masterful Stab"],"picked":"SKIP","floor":14}],"player_experience":224237,"relics_obtained":[{"floor":8,"key":"White Beast Statue"},{"floor":9,"key":"Bottled Lightning"},{"floor":13,"key":"Mango"}],"event_choices":[{"damage_healed":0,"gold_gain":0,"player_choice":"Entered Light","damage_taken":14,"max_hp_gain":0,"max_hp_loss":0,"event_name":"Shining Light","floor":2,"gold_loss":0,"cards_upgraded":["Strike_G","Neutralize"]},{"damage_healed":0,"gold_gain":0,"player_choice":"Success","damage_taken":7,"relics_obtained":["Strawberry"],"max_hp_gain":0,"max_hp_loss":0,"event_name":"Scrap Ooze","floor":3,"gold_loss":0},{"damage_healed":0,"gold_gain":75,"player_choice":"Gather Gold","damage_taken":11,"max_hp_gain":0,"max_hp_loss":0,"event_name":"World of Goop","floor":4,"gold_loss":0},{"damage_healed":0,"gold_gain":0,"player_choice":"Trade","damage_taken":0,"relics_obtained":["CultistMask"],"max_hp_gain":0,"max_hp_loss":0,"event_name":"FaceTrader","floor":5,"gold_loss":0}],"is_beta":false,"boss_relics":[],"items_purged_floors":[],"is_endless":false,"potions_floor_spawned":[1,11,12,13,14],"killed_by":"Hexaghost","ascension_level":2}}