{"host":"n9ppbm26tsy3ls9n","time":1612463018,"event":{"mods":["AchievementEnabler","BaseMod","Colored Map","Colored Powertips","Curses Come First","Highlight Path","Minty Spire (QoL Compilation)","Quick Restart","Rare Cards Sparkle","Relic Stats","StSLib"],"gold_per_floor":[113,130,130,145,165,165,8,8,34,67,85,119,119,152,152,248,298,310,310,321,333,344,344,378,378,426,3,3,21,36,61,61,157,157,176,189,189,189,189,189],"floor_reached":39,"language":"ENG","playtime":3804,"items_purged":["Defend_P"],"score":489,"play_id":"4177a4c8-9d37-4cb9-8b74-8b13e68e4dc5","local_time":"20210204192338","is_ascension_mode":true,"campfire_choices":[{"floor":6,"key":"RECALL"},{"floor":8,"key":"REST"},{"floor":13,"key":"REST"},{"floor":15,"key":"REST"},{"floor":23,"key":"REST"},{"floor":25,"key":"REST"},{"data":"1","floor":32,"key":"LIFT"}],"circlet_count":0,"master_deck":["Strike_P+1","Strike_P+1","Strike_P","Defend_P","Defend_P","Defend_P+1","Eruption","Vigilance","EmptyFist","LikeWater","Perseverance","JustLucky","FlyingSleeves+1","Weave+1","Nirvana","ClearTheMind+1","MasterReality","Wireheading","SashWhip+1","DeceiveReality","CutThroughFate+1","JustLucky","LikeWater","LessonLearned","Consecrate","EmptyBody","Evaluate","DevaForm","BattleHymn","MentalFortress+1","Madness","Madness"],"relics":["Fusion Hammer","MealTicket","Orichalcum","Bag of Preparation","Oddly Smooth Stone","Tiny House","Smiling Mask","Centennial Puzzle","Girya","Toy Ornithopter","PreservedInsect","VioletLotus"],"acts_visited":["Exordium","TheCity","TheBeyond"],"potions_floor_usage":[10,10,10,14,24,24,24,31,36,36],"damage_taken":[{"damage":0,"enemies":"Small Slimes","floor":1,"turns":3},{"damage":6,"enemies":"Jaw Worm","floor":2,"turns":4},{"damage":5,"enemies":"2 Louse","floor":4,"turns":3},{"damage":15,"enemies":"Exordium Thugs","floor":5,"turns":6},{"damage":0,"enemies":"3 Sentries","floor":10,"turns":6},{"damage":0,"enemies":"Blue Slaver","floor":11,"turns":5},{"damage":19,"enemies":"Gremlin Nob","floor":12,"turns":4},{"damage":7,"enemies":"Lagavulin","floor":14,"turns":4},{"damage":45,"enemies":"Hexaghost","floor":16,"turns":12},{"damage":16,"enemies":"2 Thieves","floor":18,"turns":3},{"damage":6,"enemies":"Shell Parasite","floor":20,"turns":5},{"damage":7,"enemies":"Snecko","floor":21,"turns":8},{"damage":3,"enemies":"Centurion and Healer","floor":22,"turns":9},{"damage":12,"enemies":"Slavers","floor":24,"turns":7},{"damage":7,"enemies":"Snake Plant","floor":29,"turns":8},{"damage":4,"enemies":"Cultist and Chosen","floor":30,"turns":6},{"damage":5,"enemies":"Gremlin Leader","floor":31,"turns":7},{"damage":14,"enemies":"Champ","floor":33,"turns":19},{"damage":15,"enemies":"3 Shapes","floor":35,"turns":7},{"damage":26,"enemies":"3 Darklings","floor":36,"turns":5},{"damage":43,"enemies":"2 Orb Walkers","floor":39,"turns":4}],"seed_played":"-4010494814518198771","potions_obtained":[{"floor":1,"key":"Swift Potion"},{"floor":2,"key":"Strength Potion"},{"floor":4,"key":"Strength Potion"},{"floor":12,"key":"FearPotion"},{"floor":17,"key":"Energy Potion"},{"floor":18,"key":"BlessingOfTheForge"},{"floor":22,"key":"PowerPotion"},{"floor":24,"key":"StancePotion"},{"floor":29,"key":"CultistPotion"},{"floor":33,"key":"SkillPotion"},{"floor":35,"key":"AttackPotion"}],"is_trial":false,"path_per_floor":["M","M","?","M","M","R","$","R","T","E","M","E","R","E","R","B",null,"M","?","M","M","M","R","E","R","T","$","?","M","M","E","R","B",null,"M","M","?","?","?"],"character_chosen":"WATCHER","items_purchased":["MealTicket","Girya","LessonLearned"],"campfire_rested":5,"item_purchase_floors":[7,27,27],"current_hp_per_floor":[72,66,59,54,39,39,39,60,60,60,60,41,62,55,72,27,77,61,47,41,34,31,55,43,67,67,82,82,75,71,71,71,57,82,67,51,41,41,0,0],"gold":189,"neow_bonus":"BOSS_RELIC","is_daily":false,"chose_seed":false,"campfire_upgraded":0,"win_rate":0.0,"timestamp":1612463018,"path_taken":["M","M","?","M","M","R","$","R","T","E","M","E","R","E","R","BOSS","M","?","M","M","M","R","E","R","T","$","?","M","?","E","R","BOSS","M","M","?","?","?"],"items_purchased_type":["Relic","Relic","Card"],"build_version":"2020-12-22","purchased_purges":1,"victory":false,"max_hp_per_floor":[72,72,72,72,72,72,72,72,72,72,72,72,72,72,72,72,77,77,82,82,82,82,82,82,82,82,82,82,82,82,82,82,82,82,82,82,82,82,82,82],"relic_stats":{"Centennial Puzzle":[21],"counters":[21,135],"MealTicket":15,"PreservedInsect":0,"VioletLotus":[5],"Bag of Preparation":[28],"Orichalcum":[90],"Smiling Mask":25,"obtain_stats":[{"Girya":27,"Tiny House":17,"Oddly Smooth Stone":14,"PreservedInsect":31,"Bag of Preparation":12,"Orichalcum":10,"Smiling Mask":24,"Centennial Puzzle":26,"MealTicket":7,"Fusion Hammer":0,"VioletLotus":34,"PureWater":0,"Toy Ornithopter":28},{"Girya":14,"Tiny House":9,"Oddly Smooth Stone":8,"PreservedInsect":17,"Bag of Preparation":7,"Orichalcum":5,"Smiling Mask":14,"Centennial Puzzle":14,"MealTicket":4,"Fusion Hammer":0,"VioletLotus":18,"PureWater":0,"Toy Ornithopter":14},{"Girya":79,"Tiny House":47,"Oddly Smooth Stone":35,"PreservedInsect":100,"Bag of Preparation":31,"Orichalcum":22,"Smiling Mask":79,"Centennial Puzzle":79,"MealTicket":16,"Fusion Hammer":0,"VioletLotus":119,"PureWater":0,"Toy Ornithopter":79}],"Toy Ornithopter":15},"card_choices":[{"not_picked":["WaveOfTheHand","FlyingSleeves"],"picked":"EmptyFist","floor":1},{"not_picked":["BowlingBash","Evaluate"],"picked":"LikeWater","floor":2},{"not_picked":["CrushJoints","PathToVictory"],"picked":"Perseverance","floor":4},{"not_picked":["Evaluate","ClearTheMind"],"picked":"JustLucky","floor":5},{"not_picked":["Vault","Wallop"],"picked":"FlyingSleeves","floor":10},{"not_picked":["JustLucky","Consecrate"],"picked":"Weave","floor":11},{"not_picked":["CrushJoints","FollowUp"],"picked":"Nirvana","floor":12},{"not_picked":["Brilliance","Crescendo"],"picked":"ClearTheMind","floor":14},{"not_picked":["Scrawl","Brilliance"],"picked":"MasterReality","floor":16},{"not_picked":["SignatureMove","MentalFortress"],"picked":"Wireheading","floor":17},{"not_picked":["CrushJoints","TalkToTheHand"],"picked":"SashWhip+1","floor":18},{"not_picked":["Protect+1","PathToVictory"],"picked":"DeceiveReality","floor":20},{"not_picked":["PathToVictory+1","DeceiveReality+1"],"picked":"CutThroughFate","floor":21},{"not_picked":["Prostrate","WaveOfTheHand"],"picked":"JustLucky","floor":22},{"not_picked":["EmptyBody","Wireheading+1"],"picked":"LikeWater","floor":24},{"not_picked":["Halt","EmptyMind"],"picked":"Consecrate","floor":29},{"not_picked":["Tantrum","ReachHeaven"],"picked":"EmptyBody","floor":30},{"not_picked":["Blasphemy","Consecrate"],"picked":"Evaluate","floor":31},{"not_picked":["Brilliance","Wish"],"picked":"DevaForm","floor":33},{"not_picked":["FollowUp+1","Evaluate+1"],"picked":"BattleHymn","floor":35},{"not_picked":["Vengeance","Sanctity"],"picked":"MentalFortress+1","floor":36}],"player_experience":753310,"relics_obtained":[{"floor":10,"key":"Orichalcum"},{"floor":12,"key":"Bag of Preparation"},{"floor":14,"key":"Oddly Smooth Stone"},{"floor":24,"key":"Smiling Mask"},{"floor":26,"key":"Centennial Puzzle"},{"floor":31,"key":"PreservedInsect"}],"event_choices":[{"cards_removed":["Strike_P"],"damage_healed":0,"gold_gain":0,"player_choice":"Card Removal","damage_taken":7,"max_hp_gain":0,"max_hp_loss":0,"event_name":"Golden Wing","floor":3,"gold_loss":0},{"damage_healed":0,"gold_gain":0,"player_choice":"Shed Blood","damage_taken":19,"max_hp_gain":5,"max_hp_loss":0,"event_name":"Forgotten Altar","floor":19,"gold_loss":0},{"damage_healed":0,"gold_gain":0,"player_choice":"Gave Potion","damage_taken":0,"relics_obtained":["Toy Ornithopter"],"max_hp_gain":0,"max_hp_loss":0,"event_name":"WeMeetAgain","floor":28,"gold_loss":0},{"damage_healed":0,"gold_gain":0,"player_choice":"Embrace Madness","damage_taken":10,"max_hp_gain":0,"max_hp_loss":0,"event_name":"Winding Halls","floor":37,"gold_loss":0,"cards_obtained":["Madness","Madness"]},{"damage_healed":0,"gold_gain":0,"player_choice":"Ignored","damage_taken":0,"max_hp_gain":0,"max_hp_loss":0,"event_name":"Tomb of Lord Red Mask","floor":38,"gold_loss":0},{"damage_healed":0,"gold_gain":0,"player_choice":"Fight","damage_taken":0,"max_hp_gain":0,"max_hp_loss":0,"event_name":"Mysterious Sphere","floor":39,"gold_loss":0}],"is_beta":false,"boss_relics":[{"not_picked":["Busted Crown","SacredBark"],"picked":"Tiny House"},{"not_picked":["Runic Pyramid","Cursed Key"],"picked":"VioletLotus"}],"items_purged_floors":[27],"is_endless":false,"potions_floor_spawned":[1,2,4,12,18,22,24,29,33,35],"killed_by":"2 Orb Walkers","ascension_level":1}}