{"host":"d2y4rmbezebiv8aj","time":1612432906,"event":{"mods":["AchievementEnabler","BaseMod","Bestiary","BetterRewards","Colored Map","Colored Powertips","Custom Start","Highlight Path","Minty Spire (QoL Compilation)","Quick Restart","Rare Cards Sparkle","Relic Sorter","Relic Stats","Shop Mod","Slay-I","StSLib","SuperFastMode"],"gold_per_floor":[119,133,152,163,179,179,206,225,225,240,256,21,21,196,196,270,270,286,141,66,0,13,13,39,55,55,55,55],"floor_reached":27,"language":"DEU","playtime":1026,"items_purged":["Doubt"],"score":615,"play_id":"385cf736-6e7d-463b-bfb7-c7fd497fe1b9","local_time":"20210204110146","is_ascension_mode":true,"campfire_choices":[{"floor":6.0,"key":"REST"},{"floor":13.0,"key":"REST"},{"floor":15.0,"key":"REST"},{"data":"Accuracy","floor":23.0,"key":"SMITH"}],"circlet_count":0,"master_deck":["AscendersBane","Strike_G+1","Strike_G","Strike_G","Strike_G+1","Defend_G","Defend_G","Defend_G","Defend_G","Survivor","Neutralize","Noxious Fumes","Backflip","PiercingWail","Adrenaline","Blade Dance","Caltrops","Blade Dance","Dagger Spray","Backstab","PiercingWail","Storm of Steel","Footwork","Cloak And Dagger","A Thousand Cuts","Infinite Blades","Accuracy+1","Footwork","Terror","Injury"],"relics":["Ring of the Snake","Dead Branch","Whetstone","Bottled Flame","MealTicket","Cursed Key","StoneCalendar","Gambling Chip"],"acts_visited":["Exordium","TheCity"],"potions_floor_usage":[24,27,27],"damage_taken":[{"damage":0.0,"enemies":"Small Slimes","floor":1.0,"turns":4.0},{"damage":0.0,"enemies":"2 Louse","floor":2.0,"turns":3.0},{"damage":0.0,"enemies":"Jaw Worm","floor":3.0,"turns":3.0},{"damage":0.0,"enemies":"2 Fungi Beasts","floor":4.0,"turns":3.0},{"damage":12.0,"enemies":"Exordium Wildlife","floor":5.0,"turns":3.0},{"damage":21.0,"enemies":"Lagavulin","floor":7.0,"turns":6.0},{"damage":0.0,"enemies":"Gremlin Gang","floor":8.0,"turns":3.0},{"damage":0.0,"enemies":"2 Fungi Beasts","floor":10.0,"turns":3.0},{"damage":1.0,"enemies":"Large Slime","floor":11.0,"turns":5.0},{"damage":36.0,"enemies":"The Guardian","floor":16.0,"turns":12.0},{"damage":0.0,"enemies":"Chosen","floor":18.0,"turns":1.0},{"damage":11.0,"enemies":"Shell Parasite","floor":22.0,"turns":4.0},{"damage":10,"enemies":"Gremlin Leader","floor":24,"turns":4},{"damage":16,"enemies":"Sentry and Sphere","floor":25,"turns":4},{"damage":3,"enemies":"Colosseum Slavers","floor":27,"turns":6},{"damage":26,"enemies":"Colosseum Nobs","floor":27,"turns":3}],"seed_played":"-8286710692935692623","potions_obtained":[{"floor":4.0,"key":"SkillPotion"},{"floor":7.0,"key":"Block Potion"},{"floor":10.0,"key":"Explosive Potion"},{"floor":24,"key":"Strength Potion"}],"is_trial":false,"path_per_floor":["M","M","M","M","M","R","E","M","T","M","M","$","R","?","R","B",null,"M","$","?","?","M","R","E","M","T","?"],"character_chosen":"THE_SILENT","items_purchased":["Dead Branch","Noxious Fumes","Backflip","PiercingWail","MealTicket","Footwork","Cloak And Dagger","Accuracy"],"campfire_rested":3,"item_purchase_floors":[0,0,0,0,12,12,12,19],"current_hp_per_floor":[41,41,41,41,29,48,27,27,27,27,26,26,45,45,64,28,57,57,66,66,66,55,55,45,29,29,0,0],"gold":55,"neow_bonus":"","is_daily":false,"chose_seed":false,"campfire_upgraded":1,"win_rate":0.0,"timestamp":1612432906,"path_taken":["M","M","M","M","M","R","E","M","T","M","M","$","R","?","R","BOSS","M","$","?","?","M","R","E","M","T","?"],"items_purchased_type":["Relic","Card","Card","Card","Relic","Card","Card","Card"],"build_version":"2020-12-22","purchased_purges":1,"victory":false,"max_hp_per_floor":[66,66,66,66,66,66,66,66,66,66,66,66,66,66,66,66,66,66,66,66,66,66,66,66,66,66,66,66],"relic_stats":{"counters":[186,905],"Dead Branch":[163],"Gambling Chip":[4],"MealTicket":9,"StoneCalendar":[0],"Whetstone":["Strike_G","Strike_G"],"Cursed Key":1,"obtain_stats":[{"TwistedFunnel":12,"Ice Cream":47,"Gremlin Horn":17,"Nilry\u0027s Codex":20,"Vajra":43,"Ginger":22,"Whetstone":7,"Boot":10,"Sling":4,"Blood Vial":7,"Centennial Puzzle":26,"HornCleat":8,"DollysMirror":25,"Sundial":43,"Strawberry":21,"Philosopher\u0027s Stone":17,"MealTicket":22,"Kunai":25,"Toxic Egg 2":0,"Happy Flower":26,"Dead Branch":0,"Oddly Smooth Stone":17,"Eternal Feather":8,"Pen Nib":19,"Paper Crane":29,"War Paint":24,"Question Card":40,"SlaversCollar":34,"Bottled Flame":9,"Shuriken":43,"Bronze Scales":11,"Bird Faced Urn":6,"Molten Egg 2":10,"Black Star":34,"Ring of the Serpent":34,"Meat on the Bone":28,"Pocketwatch":17,"Darkstone Periapt":9,"Regal Pillow":21,"Lantern":46,"Singing Bowl":13,"Torii":24,"StoneCalendar":24,"Snake Skull":15,"Juzu Bracelet":23,"Smiling Mask":19,"Empty Cage":17,"Ancient Tea Set":44,"Cursed Key":34,"ClockworkSouvenir":0,"Nunchaku":27,"Dream Catcher":26,"Shovel":0,"WristBlade":17,"Mummified Hand":28,"Ninja Scroll":0,"Gambling Chip":20,"Toolbox":14,"Tiny Chest":26,"Red Mask":19,"InkBottle":6,"Ring of the Snake":0,"Potion Belt":30,"Lee\u0027s Waffle":19,"NeowsBlessing":0,"The Specimen":17,"Thread and Needle":9,"PreservedInsect":29,"Omamori":9,"Orichalcum":9,"White Beast Statue":8,"Calling Bell":17,"Peace Pipe":45,"Anchor":40,"CaptainsWheel":0,"Ornamental Fan":11,"Bag of Marbles":26,"Membership Card":19,"FossilizedHelix":37,"Toy Ornithopter":10},{"TwistedFunnel":47,"Ice Cream":121,"Gremlin Horn":28,"Nilry\u0027s Codex":63,"Vajra":39,"Ginger":89,"Whetstone":176,"Boot":46,"Sling":145,"Blood Vial":46,"Centennial Puzzle":113,"HornCleat":126,"DollysMirror":31,"Sundial":98,"Strawberry":165,"Philosopher\u0027s Stone":9,"MealTicket":131,"Kunai":65,"Toxic Egg 2":77,"Happy Flower":65,"Dead Branch":19,"Oddly Smooth Stone":28,"Eternal Feather":59,"Pen Nib":130,"Paper Crane":68,"War Paint":113,"Question Card":72,"SlaversCollar":17,"Bottled Flame":177,"Shuriken":73,"Bronze Scales":59,"Bird Faced Urn":81,"Molten Egg 2":161,"Black Star":69,"Ring of the Serpent":34,"Meat on the Bone":32,"Pocketwatch":87,"Darkstone Periapt":82,"Regal Pillow":10,"Lantern":40,"Singing Bowl":60,"Torii":113,"StoneCalendar":183,"Snake Skull":48,"Juzu Bracelet":12,"Smiling Mask":10,"Empty Cage":49,"Ancient Tea Set":99,"Cursed Key":136,"ClockworkSouvenir":77,"Nunchaku":14,"Dream Catcher":31,"Shovel":43,"WristBlade":129,"Mummified Hand":32,"Ninja Scroll":43,"Gambling Chip":130,"Toolbox":60,"Tiny Chest":13,"Red Mask":152,"InkBottle":25,"Ring of the Snake":0,"Potion Belt":93,"Lee\u0027s Waffle":110,"NeowsBlessing":0,"The Specimen":28,"Thread and Needle":106,"PreservedInsect":33,"Omamori":25,"Orichalcum":7,"White Beast Statue":106,"Calling Bell":28,"Peace Pipe":120,"Anchor":72,"CaptainsWheel":122,"Ornamental Fan":7,"Bag of Marbles":167,"Membership Card":50,"FossilizedHelix":138,"Toy Ornithopter":147},{"TwistedFunnel":194,"Ice Cream":587,"Gremlin Horn":127,"Nilry\u0027s Codex":265,"Vajra":171,"Ginger":395,"Whetstone":860,"Boot":193,"Sling":725,"Blood Vial":193,"Centennial Puzzle":534,"HornCleat":615,"DollysMirror":141,"Sundial":452,"Strawberry":816,"Philosopher\u0027s Stone":26,"MealTicket":638,"Kunai":276,"Toxic Egg 2":346,"Happy Flower":276,"Dead Branch":83,"Oddly Smooth Stone":127,"Eternal Feather":243,"Pen Nib":634,"Paper Crane":294,"War Paint":534,"Question Card":326,"SlaversCollar":67,"Bottled Flame":863,"Shuriken":332,"Bronze Scales":243,"Bird Faced Urn":358,"Molten Egg 2":794,"Black Star":303,"Ring of the Serpent":154,"Meat on the Bone":143,"Pocketwatch":389,"Darkstone Periapt":363,"Regal Pillow":27,"Lantern":173,"Singing Bowl":247,"Torii":534,"StoneCalendar":892,"Snake Skull":195,"Juzu Bracelet":36,"Smiling Mask":27,"Empty Cage":204,"Ancient Tea Set":456,"Cursed Key":672,"ClockworkSouvenir":346,"Nunchaku":47,"Dream Catcher":141,"Shovel":188,"WristBlade":629,"Mummified Hand":143,"Ninja Scroll":188,"Gambling Chip":634,"Toolbox":247,"Tiny Chest":41,"Red Mask":756,"InkBottle":109,"Ring of the Snake":0,"Potion Belt":417,"Lee\u0027s Waffle":516,"NeowsBlessing":0,"The Specimen":127,"Thread and Needle":492,"PreservedInsect":146,"Omamori":109,"Orichalcum":15,"White Beast Statue":492,"Calling Bell":127,"Peace Pipe":582,"Anchor":326,"CaptainsWheel":602,"Ornamental Fan":15,"Bag of Marbles":824,"Membership Card":205,"FossilizedHelix":683,"Toy Ornithopter":734}],"Ring of the Snake":[32]},"card_choices":[{"not_picked":["Deadly Poison","Tactician"],"picked":"Blade Dance","floor":1.0},{"not_picked":["Eviscerate","Quick Slash"],"picked":"Caltrops","floor":2.0},{"not_picked":["Backflip","Poisoned Stab"],"picked":"Blade Dance","floor":3.0},{"not_picked":["Bane","Poisoned Stab"],"picked":"Dagger Spray","floor":4.0},{"not_picked":["Bane","Eviscerate","Quick Slash"],"picked":"SKIP","floor":5.0},{"not_picked":["Masterful Stab","Riddle With Holes"],"picked":"Backstab","floor":7.0},{"not_picked":["Deadly Poison","Choke","Underhanded Strike"],"picked":"SKIP","floor":8.0},{"not_picked":["Bane","Outmaneuver"],"picked":"PiercingWail","floor":10.0},{"not_picked":["Sucker Punch","Dagger Spray"],"picked":"Storm of Steel","floor":11.0},{"not_picked":["Tools of the Trade","Night Terror"],"picked":"A Thousand Cuts","floor":16.0},{"not_picked":["Finisher","Riddle With Holes"],"picked":"Infinite Blades","floor":18.0},{"not_picked":["Sucker Punch","Deflect"],"picked":"Footwork","floor":22.0},{"not_picked":["Choke","Bane+1"],"picked":"Terror","floor":24},{"not_picked":["Underhanded Strike","Outmaneuver","Acrobatics+1"],"picked":"SKIP","floor":25}],"player_experience":406221,"relics_obtained":[{"floor":7.0,"key":"Whetstone"},{"floor":9.0,"key":"Bottled Flame"},{"floor":24,"key":"StoneCalendar"},{"floor":26,"key":"Gambling Chip"}],"event_choices":[{"damage_healed":0.0,"max_hp_gain":0.0,"max_hp_loss":0.0,"gold_gain":175.0,"event_name":"Liars Game","player_choice":"AGREE","floor":14.0,"gold_loss":0.0,"damage_taken":0.0,"cards_obtained":["Doubt"]},{"cards_removed":["Strike_G"],"damage_healed":0.0,"max_hp_gain":0.0,"max_hp_loss":0.0,"gold_gain":0.0,"event_name":"Beggar","player_choice":"Gave Gold","floor":20.0,"gold_loss":75.0,"damage_taken":0.0},{"damage_healed":0.0,"max_hp_gain":0.0,"max_hp_loss":0.0,"gold_gain":0.0,"event_name":"Masked Bandits","player_choice":"Paid Fearfully","floor":21.0,"gold_loss":66.0,"damage_taken":0.0},{"damage_healed":0,"gold_gain":0,"player_choice":"Fight","damage_taken":0,"max_hp_gain":0,"max_hp_loss":0,"event_name":"Colosseum","floor":27,"gold_loss":0},{"damage_healed":0,"gold_gain":0,"player_choice":"Fought Nobs","damage_taken":0,"max_hp_gain":0,"max_hp_loss":0,"event_name":"Colosseum","floor":27,"gold_loss":0}],"is_beta":false,"boss_relics":[{"not_picked":["HoveringKite","Busted Crown"],"picked":"Cursed Key"}],"items_purged_floors":[19],"is_endless":false,"potions_floor_spawned":[4,7,10,11,16,24,27],"killed_by":"Colosseum Nobs","ascension_level":14}}