{"host":"bf5upntvbdompq33","time":1612407779,"event":{"mods":["BaseMod","Colored Map","Colored Powertips","Curses Come First","Minty Spire (QoL Compilation)","StSLib","The Hierophant","The Mystic"],"gold_per_floor":[116,126,139,36,47,47,80,90,90,90,90],"floor_reached":10,"language":"ENG","playtime":674,"items_purged":[],"score":95,"play_id":"fb9d5032-30f5-4f0f-a2fd-255bc5dc0b51","local_time":"20210203200259","is_ascension_mode":true,"campfire_choices":[{"floor":6,"key":"REST"}],"circlet_count":0,"master_deck":["Strike_G","Strike_G","Strike_G","Strike_G","Strike_G","Defend_G","Defend_G","Defend_G","Defend_G","Defend_G","Survivor","Neutralize","Pain","A Thousand Cuts","Cloak And Dagger","Prepared","Backflip","Accuracy","All Out Attack","Blade Dance","Endless Agony","Dash"],"relics":["Ring of the Snake","The Specimen","InkBottle"],"acts_visited":["Exordium"],"potions_floor_usage":[7,8],"damage_taken":[{"damage":9,"enemies":"2 Louse","floor":1,"turns":3},{"damage":7,"enemies":"Cultist","floor":2,"turns":5},{"damage":8,"enemies":"Small Slimes","floor":3,"turns":5},{"damage":24,"enemies":"Red Slaver","floor":5,"turns":5},{"damage":29,"enemies":"3 Sentries","floor":7,"turns":6},{"damage":22,"enemies":"Large Slime","floor":8,"turns":4},{"damage":23,"enemies":"Gremlin Nob","floor":10,"turns":3}],"seed_played":"7256645671632381999","potions_obtained":[{"floor":1,"key":"Strength Potion"},{"floor":3,"key":"FairyPotion"},{"floor":5,"key":"AttackPotion"}],"is_trial":false,"path_per_floor":["M","M","M","$","M","R","E","M","T","E"],"character_chosen":"THE_SILENT","items_purchased":["Accuracy","All Out Attack"],"campfire_rested":1,"item_purchase_floors":[4,4],"current_hp_per_floor":[54,47,39,39,15,36,7,21,21,0,0],"gold":90,"neow_bonus":"THREE_RARE_CARDS","is_daily":false,"chose_seed":false,"campfire_upgraded":0,"win_rate":0.0,"timestamp":1612407779,"path_taken":["M","M","M","$","M","R","E","M","T","E"],"items_purchased_type":["Card","Card"],"build_version":"2020-12-22","purchased_purges":0,"victory":false,"max_hp_per_floor":[70,70,70,70,70,70,70,70,70,70,70],"card_choices":[{"not_picked":["Envenom","Burst"],"picked":"A Thousand Cuts","floor":0},{"not_picked":["Well Laid Plans","Eviscerate"],"picked":"Cloak And Dagger","floor":1},{"not_picked":["Eviscerate","Endless Agony"],"picked":"Prepared","floor":2},{"not_picked":["Flechettes","Heel Hook"],"picked":"Backflip","floor":3},{"not_picked":["All Out Attack","Dodge and Roll"],"picked":"Blade Dance","floor":5},{"not_picked":["Dagger Throw","Prepared"],"picked":"Endless Agony","floor":7},{"not_picked":["Poisoned Stab","Calculated Gamble"],"picked":"Dash","floor":8}],"player_experience":1384750,"relics_obtained":[{"floor":7,"key":"The Specimen"},{"floor":9,"key":"InkBottle"}],"event_choices":[],"is_beta":false,"boss_relics":[],"items_purged_floors":[],"is_endless":false,"potions_floor_spawned":[1,3,5],"killed_by":"Gremlin Nob","ascension_level":7}}