{"host":"2q4w55ev63ot6isg","time":1612419816,"event":{"mods":["Aspiration","BaseMod","Downfall","Hubris","Marisa????????","Minty Spire (QoL Compilation)","Replay The Spire","StSLib","The Cursed","The Jungle","The Servant 0.9.4"],"gold_per_floor":[110,130,130,142,168,168,182,195,221,221,236,236,261,261,261,360,360,373,392,243,262,276,308,308,223,247,282,282,310,310,310,310,410,510,527,527,541,446,446,446,481,481,481,494,505,505,505,536,536,536],"floor_reached":51,"language":"ENG","playtime":2014,"items_purged":["Strike_G"],"score":1157,"play_id":"71289a54-69d6-40c0-927a-cd829545e25d","local_time":"20210203222336","is_ascension_mode":true,"campfire_choices":[{"data":"Backflip","floor":6.0,"key":"SMITH"},{"data":"Adrenaline","floor":10.0,"key":"SMITH"},{"data":"Heel Hook","floor":12,"key":"SMITH"},{"floor":15,"key":"DIG"},{"data":"After Image","floor":24,"key":"SMITH"},{"data":"Adrenaline","floor":28,"key":"SMITH"},{"data":"Accuracy","floor":32,"key":"SMITH"},{"data":"ReplayTheSpireMod:Scrap Shanks","floor":40,"key":"SMITH"},{"data":"Venomology","floor":47,"key":"SMITH"},{"data":"Venomology","floor":49,"key":"SMITH"}],"circlet_count":0,"master_deck":["Strike_G+1","Strike_G+1","Strike_G+1","Strike_G+1","Defend_G+1","Defend_G+1","Defend_G+1","Defend_G+1","Defend_G+1","Survivor+1","Neutralize+1","Heel Hook+1","Backflip+1","Calculated Gamble+1","Cloak And Dagger+1","Adrenaline+1","Reflex+1","Deflect+1","After Image+1","Expertise","Accuracy+1","ReplayTheSpireMod:Scrap Shanks+1","Escape Plan","Adrenaline+1","Deflect","Venomology+1","AbeCurse","Hidden Blade+1","Venomology+1","Finesse","Blade Dance+1","ReplayTheSpireMod:Tripwire+1","Calculated Gamble+1","Slice"],"relics":["Ring of the Snake","Orichalcum","White Beast Statue","Letter Opener","HoveringKite","hubris:BottledRain","hubris:Zylophone","hubris:ToyBattleship","aspiration:HummingbirdHeart","Replay:Wax Seal","Replay:Grab Bag","Replay:Wanted Poster","Abe\u0027s Treasure","SlaversCollar","hubris:Towel","Ginger","Akabeko","Replay:Bottled Eggs"],"acts_visited":["Exordium","TheCity","TheBeyond"],"potions_floor_usage":[13,13,33,35,35,37,41,41,44,45,48,48,50,50,50,50],"damage_taken":[{"damage":4.0,"enemies":"Jaw Worm","floor":1.0,"turns":5.0},{"damage":7.0,"enemies":"Small Slimes","floor":2.0,"turns":4.0},{"damage":0.0,"enemies":"2 Louse","floor":4.0,"turns":2.0},{"damage":0.0,"enemies":"Blue Slaver","floor":7.0,"turns":3.0},{"damage":2.0,"enemies":"Looter","floor":8.0,"turns":4.0},{"damage":0.0,"enemies":"Large Slime","floor":11.0,"turns":5.0},{"damage":0,"enemies":"Gremlin Nob","floor":13,"turns":3},{"damage":21,"enemies":"Slime Boss","floor":16,"turns":12},{"damage":0,"enemies":"Shell Parasite","floor":18,"turns":4},{"damage":1,"enemies":"Spheric Guardian","floor":19,"turns":5},{"damage":0,"enemies":"Snake Plant","floor":21,"turns":5},{"damage":1,"enemies":"Shelled Parasite and Fungi","floor":22,"turns":4},{"damage":0,"enemies":"Slavers","floor":23,"turns":6},{"damage":0,"enemies":"Gremlin Leader","floor":27,"turns":5},{"damage":0,"enemies":"Replay:Snechameleon","floor":29,"turns":3},{"damage":0,"enemies":"Champ","floor":33,"turns":9},{"damage":10,"enemies":"3 Darklings","floor":35,"turns":4},{"damage":0,"enemies":"3 Shapes","floor":37,"turns":3},{"damage":0,"enemies":"Reptomancer","floor":41,"turns":3},{"damage":0,"enemies":"Jaw Worm Horde","floor":44,"turns":2},{"damage":0,"enemies":"Transient","floor":45,"turns":5},{"damage":5,"enemies":"R_Hoarder","floor":48,"turns":6},{"damage":0,"enemies":"Donu and Deca","floor":50,"turns":7}],"seed_played":"3161144435661816213","potions_obtained":[{"floor":2.0,"key":"Reflective Coating"},{"floor":4.0,"key":"Energy Potion"},{"floor":16,"key":"Milkshake"},{"floor":18,"key":"PowerPotion"},{"floor":19,"key":"Elixir"},{"floor":21,"key":"Dexterity Potion"},{"floor":22,"key":"BlessingOfTheForge"},{"floor":33,"key":"Strength Potion"},{"floor":35,"key":"hexamod:SoulburnPotion"},{"floor":37,"key":"Dexterity Potion"},{"floor":48,"key":"PowerPotion"}],"is_trial":false,"path_per_floor":["M","M","?","M","T","R","M","M","T","R","M","R","E","?","R","B",null,"M","M","$","M","M","E","R","?","T","E","R","E","?","?","R","B",null,"M","?","M","$","?","R","E","?","T","M","M","?","R","E","R","B",null],"character_chosen":"THE_SILENT","items_purchased":["ReplayTheSpireMod:Scrap Shanks","Finesse"],"campfire_rested":0,"item_purchase_floors":[20,38],"current_hp_per_floor":[66,59,45,45,45,45,45,43,43,43,43,43,43,43,43,22,70,70,69,69,69,68,68,68,68,68,68,68,68,68,68,68,68,70,60,60,60,60,60,60,60,60,60,60,60,60,60,55,55,55],"gold":536,"neow_bonus":"RANDOM_EVENT","is_daily":false,"chose_seed":false,"campfire_upgraded":9,"win_rate":0.0,"timestamp":1612419816,"path_taken":["M","M","?","M","?","R","M","M","T","R","M","R","E","?","R","BOSS","M","M","$","M","M","E","R","?","T","E","R","E","?","?","R","BOSS","M","?","M","$","?","R","E","?","T","?","M","?","R","E","R","BOSS"],"items_purchased_type":["Card","Card"],"build_version":"2020-12-22","purchased_purges":1,"victory":true,"max_hp_per_floor":[70,70,70,70,70,70,70,70,70,70,70,70,70,70,70,70,70,70,70,70,70,70,70,70,70,70,70,70,70,70,70,70,70,70,70,70,70,70,66,66,66,66,66,66,66,66,66,66,66,66],"card_choices":[{"not_picked":["hubris:SlightOfHand","Sucker Punch"],"picked":"Heel Hook","floor":1.0},{"not_picked":["Fluid Movement","Deflect"],"picked":"Backflip","floor":2.0},{"not_picked":["Tactician","Infinite Blades"],"picked":"Calculated Gamble","floor":4.0},{"not_picked":["Blade Dance","Skewer"],"picked":"Cloak And Dagger","floor":7.0},{"not_picked":["Deflect","Crippling Poison"],"picked":"Adrenaline","floor":8.0},{"not_picked":["Bane","hubris:SlightOfHand"],"picked":"Reflex","floor":11},{"not_picked":["Blade Dance","Dagger Spray"],"picked":"Deflect","floor":13},{"not_picked":["Venomology","aspiration:Lunge"],"picked":"After Image","floor":16},{"not_picked":["Poisoned Stab","Slice+1"],"picked":"Expertise","floor":18},{"not_picked":["Flying Knee","Skewer+1"],"picked":"Accuracy","floor":19},{"not_picked":["ReplayTheSpireMod:Exploit Weakness","hubris:SlightOfHand","Flying Knee+1"],"picked":"SKIP","floor":21},{"not_picked":["Noxious Fumes","Caltrops"],"picked":"ReplayTheSpireMod:The Works+1","floor":22},{"not_picked":["Acrobatics","Dodge and Roll+1"],"picked":"Escape Plan","floor":23},{"not_picked":["Sucker Punch+1","Dagger Throw+1"],"picked":"Adrenaline","floor":27},{"not_picked":["Leg Sweep","Dagger Spray+1"],"picked":"Deflect","floor":29},{"not_picked":["Night Terror","Doppelganger"],"picked":"Venomology","floor":33},{"not_picked":["Sucker Punch","Dagger Spray+1"],"picked":"Hidden Blade+1","floor":35},{"not_picked":["Draining Mist","Expertise"],"picked":"Venomology","floor":37},{"not_picked":["hubris:Counter","Skewer"],"picked":"Blade Dance+1","floor":41},{"not_picked":["Bouncing Flask","ReplayTheSpireMod:Shiv Toss"],"picked":"ReplayTheSpireMod:Tripwire+1","floor":44},{"not_picked":["Deflect","Hidden Blade+1"],"picked":"Calculated Gamble+1","floor":45},{"not_picked":["Poisoned Stab","Leg Sweep"],"picked":"Slice","floor":48}],"player_experience":215565,"relics_obtained":[{"floor":5.0,"key":"War Paint"},{"floor":9.0,"key":"Orichalcum"},{"floor":13,"key":"White Beast Statue"},{"floor":15,"key":"Letter Opener"},{"floor":23,"key":"hubris:BottledRain"},{"floor":26,"key":"hubris:ToyBattleship"},{"floor":27,"key":"aspiration:HummingbirdHeart"},{"floor":29,"key":"Replay:Wax Seal"},{"floor":41,"key":"Ginger"},{"floor":43,"key":"Akabeko"},{"floor":48,"key":"Replay:Bottled Eggs"}],"event_choices":[{"damage_healed":0.0,"max_hp_gain":0.0,"max_hp_loss":0.0,"gold_gain":0.0,"event_name":"Shining Light","player_choice":"Entered Light","floor":3.0,"gold_loss":0.0,"damage_taken":14.0,"cards_upgraded":["Strike_G","Strike_G"]},{"damage_healed":0,"gold_gain":0,"player_choice":"Obtained Relic","damage_taken":0,"relics_obtained":["hubris:Zylophone"],"max_hp_gain":0,"max_hp_loss":0,"event_name":"Addict","floor":25,"gold_loss":85},{"damage_healed":0,"gold_gain":0,"player_choice":"Ignored","damage_taken":0,"max_hp_gain":0,"max_hp_loss":0,"event_name":"Ghosts","floor":31,"gold_loss":0},{"damage_healed":0,"gold_gain":0,"player_choice":"Max HP","damage_taken":0,"max_hp_gain":0,"max_hp_loss":4,"event_name":"Winding Halls","floor":39,"gold_loss":0},{"damage_healed":0,"gold_gain":0,"player_choice":"Bought 0 Potions","damage_taken":0,"max_hp_gain":0,"max_hp_loss":0,"event_name":"The Woman in Blue","floor":42,"gold_loss":0},{"cards_removed":["ReplayTheSpireMod:The Works"],"damage_healed":0,"gold_gain":0,"player_choice":"Removed Skill","damage_taken":0,"max_hp_gain":0,"max_hp_loss":0,"event_name":"Falling","floor":46,"gold_loss":0}],"is_beta":false,"boss_relics":[{"not_picked":["Replay:Fungal Core","Runic Dome"],"picked":"HoveringKite"},{"not_picked":["Replay:Bronze Core","hubris:Stopwatch"],"picked":"Replay:Grab Bag"},{"not_picked":["hubris:CrackedHourglass","hubris:GrandSneckoEye"],"picked":"Replay:Wanted Poster"},{"not_picked":["ReplayTheSpireMod:DimensionalGlitch","bronze:MakeshiftBattery"],"picked":"Abe\u0027s Treasure"},{"not_picked":["Runic Pyramid","Empty Cage"],"picked":"SlaversCollar"}],"items_purged_floors":[20],"is_endless":false,"potions_floor_spawned":[2,4,16,18,19,21,22,23,27,29,33,35,37,41,44,45,48],"ascension_level":3}}