{"host":"1xo5g347e5o4auts","time":1612455421,"event":{"mods":["BaseMod","Minty Spire (QoL Compilation)","Permanent Neow","StSLib"],"gold_per_floor":[33,64,64,64,100,125,163,163,163,181,239,279,329,399,399,476,476,519,560,560,215,227,227,262,282,352,0,0,0,0,25,25,97,97,114,153,153,171,206,206,206,206],"floor_reached":41,"language":"ENG","playtime":1255,"items_purged":["Strike_B","Strike_B"],"score":960,"play_id":"549546b5-0c25-46ca-8659-29a8ceb43c5f","local_time":"20210204181701","is_ascension_mode":true,"campfire_choices":[{"data":"HandOfGreed","floor":8.0,"key":"SMITH"},{"floor":15.0,"key":"REST"},{"floor":23.0,"key":"REST"},{"data":"Capacitor","floor":28.0,"key":"SMITH"},{"data":"Defragment","floor":32.0,"key":"SMITH"},{"floor":40,"key":"REST"}],"circlet_count":0,"master_deck":["AscendersBane","Strike_B","Strike_B","Defend_B","Defend_B","Defend_B+1","Defend_B","Zap+1","Dualcast+1","HandOfGreed+1","Conserve Battery+1","Electrodynamics","Compile Driver","Static Discharge","Glacier","FTL+1","Lockon+1","Reboot","Hologram","Creative AI","White Noise+1","Undo","Hyperbeam+1","Capacitor+1","Defragment+1","Coolheaded","Machine Learning","Sunder+1"],"relics":["Cracked Core","Peace Pipe","Molten Egg 2","Unceasing Top","Sozu","HornCleat","Matryoshka","Omamori","Ornamental Fan","Lee\u0027s Waffle","War Paint","Snecko Eye"],"acts_visited":["Exordium","TheCity","TheBeyond"],"potions_floor_usage":[],"damage_taken":[{"damage":2.0,"enemies":"Jaw Worm","floor":1.0,"turns":2.0},{"damage":1.0,"enemies":"Small Slimes","floor":2.0,"turns":3.0},{"damage":0.0,"enemies":"Cultist","floor":5.0,"turns":3.0},{"damage":30.0,"enemies":"Lagavulin","floor":6.0,"turns":7.0},{"damage":0.0,"enemies":"Looter","floor":7.0,"turns":3.0},{"damage":0.0,"enemies":"Blue Slaver","floor":10.0,"turns":2.0},{"damage":36.0,"enemies":"Gremlin Nob","floor":11.0,"turns":4.0},{"damage":2.0,"enemies":"Exordium Wildlife","floor":12.0,"turns":4.0},{"damage":0.0,"enemies":"3 Sentries","floor":13.0,"turns":5.0},{"damage":0.0,"enemies":"Lots of Slimes","floor":14.0,"turns":7.0},{"damage":25.0,"enemies":"Slime Boss","floor":16.0,"turns":5.0},{"damage":8.0,"enemies":"3 Byrds","floor":18.0,"turns":3.0},{"damage":1.0,"enemies":"Chosen","floor":19.0,"turns":4.0},{"damage":8.0,"enemies":"Snake Plant","floor":22.0,"turns":3.0},{"damage":34.0,"enemies":"Gremlin Leader","floor":24.0,"turns":6.0},{"damage":0.0,"enemies":"Snecko","floor":25.0,"turns":4.0},{"damage":29.0,"enemies":"Book of Stabbing","floor":31.0,"turns":5.0},{"damage":24.0,"enemies":"Collector","floor":33.0,"turns":12.0},{"damage":3.0,"enemies":"Orb Walker","floor":35.0,"turns":3.0},{"damage":13.0,"enemies":"3 Shapes","floor":36.0,"turns":5.0},{"damage":3.0,"enemies":"Spire Growth","floor":38.0,"turns":4.0},{"damage":37,"enemies":"Jaw Worm Horde","floor":39,"turns":3},{"damage":29,"enemies":"Reptomancer","floor":41,"turns":4}],"seed_played":"-8920005965101267688","potions_obtained":[{"floor":1.0,"key":"SpeedPotion"},{"floor":7.0,"key":"FairyPotion"},{"floor":11.0,"key":"Explosive Potion"},{"floor":13.0,"key":"FocusPotion"},{"floor":16.0,"key":"SneckoOil"}],"is_trial":false,"path_per_floor":["M","M","?","?","M","E","M","R","T","M","E","M","E","M","R","B",null,"M","M","?","$","M","R","E","M","T","$","R","?","?","E","R","B",null,"M","M","?","M","M","R","E"],"character_chosen":"DEFECT","items_purchased":["HornCleat","Lee\u0027s Waffle","Capacitor"],"campfire_rested":3,"item_purchase_floors":[21,27,27],"current_hp_per_floor":[62,61,40,40,40,10,10,10,10,10,21,19,19,19,40,15,57,49,48,28,28,20,42,8,8,8,83,83,83,83,54,54,30,70,67,54,54,51,14,38,9,9],"gold":206,"neow_bonus":"RANDOM_COLORLESS_2","is_daily":false,"chose_seed":false,"campfire_upgraded":3,"win_rate":0.0,"timestamp":1612455421,"path_taken":["M","M","?","?","M","E","M","R","T","?","E","M","E","M","R","BOSS","M","M","?","$","M","R","E","M","T","$","R","?","?","E","R","BOSS","M","M","?","M","M","R","E"],"items_purchased_type":["Relic","Relic","Card"],"build_version":"2020-12-22","purchased_purges":2,"victory":false,"max_hp_per_floor":[71,71,71,71,71,71,71,71,71,71,71,71,71,71,71,71,71,71,71,76,76,76,76,76,76,76,83,83,83,83,83,83,83,83,83,83,83,83,83,83,83,83],"card_choices":[{"not_picked":["Violence","Transmutation"],"picked":"HandOfGreed","floor":0.0},{"not_picked":["Barrage","Leap"],"picked":"Conserve Battery","floor":1.0},{"not_picked":["Steam","Aggregate"],"picked":"BootSequence","floor":2.0},{"not_picked":["Streamline","BootSequence"],"picked":"Compile Driver","floor":5.0},{"not_picked":["Compile Driver","Conserve Battery"],"picked":"Static Discharge","floor":6.0},{"not_picked":["Chaos","Sweeping Beam","Gash"],"picked":"SKIP","floor":7.0},{"not_picked":["Conserve Battery","Static Discharge"],"picked":"Glacier","floor":10.0},{"not_picked":["Beam Cell+1","Turbo"],"picked":"FTL+1","floor":11.0},{"not_picked":["Auto Shields","Stack"],"picked":"Lockon+1","floor":12.0},{"not_picked":["Beam Cell+1","Conserve Battery"],"picked":"Reboot","floor":13.0},{"not_picked":["Leap","Hologram","Conserve Battery"],"picked":"SKIP","floor":14.0},{"not_picked":["Leap","Conserve Battery"],"picked":"Hologram","floor":14.0},{"not_picked":["Multi-Cast","Amplify"],"picked":"Creative AI","floor":16.0},{"not_picked":["Leap","Go for the Eyes+1"],"picked":"White Noise+1","floor":18.0},{"not_picked":["Streamline+1","Sweeping Beam+1","Steam"],"picked":"SKIP","floor":19.0},{"not_picked":["BootSequence","Stack"],"picked":"Undo","floor":22.0},{"not_picked":["Conserve Battery","Tempest"],"picked":"Hyperbeam+1","floor":24.0},{"not_picked":["Compile Driver+1","Hologram+1","Turbo"],"picked":"SKIP","floor":25.0},{"not_picked":["Darkness","Sweeping Beam+1"],"picked":"Coolheaded","floor":31.0},{"not_picked":["Creative AI","Meteor Strike+1"],"picked":"Machine Learning","floor":33.0},{"not_picked":["Compile Driver+1","Leap"],"picked":"Sunder+1","floor":35.0},{"not_picked":["Reprogram","Steam","Undo"],"picked":"SKIP","floor":36.0},{"not_picked":["Streamline+1","Redo","Tempest"],"picked":"SKIP","floor":38.0},{"not_picked":["Reprogram","Redo","Ball Lightning+1"],"picked":"SKIP","floor":39}],"player_experience":1437267,"relics_obtained":[{"floor":6.0,"key":"Peace Pipe"},{"floor":11.0,"key":"Molten Egg 2"},{"floor":13.0,"key":"Unceasing Top"},{"floor":24.0,"key":"Matryoshka"},{"floor":26.0,"key":"Omamori"},{"floor":26.0,"key":"Ornamental Fan"},{"floor":31.0,"key":"War Paint"}],"event_choices":[{"damage_healed":0.0,"max_hp_gain":0.0,"max_hp_loss":0.0,"gold_gain":0.0,"event_name":"Shining Light","player_choice":"Entered Light","floor":3.0,"gold_loss":0.0,"damage_taken":21.0,"cards_upgraded":["Dualcast","Defend_B"]},{"damage_healed":0.0,"max_hp_gain":0.0,"max_hp_loss":0.0,"gold_gain":0.0,"event_name":"Match and Keep!","player_choice":"1 cards matched","floor":4.0,"gold_loss":0.0,"damage_taken":0.0,"cards_obtained":["Electrodynamics"]},{"damage_healed":0.0,"max_hp_gain":5.0,"max_hp_loss":0.0,"gold_gain":0.0,"event_name":"Forgotten Altar","player_choice":"Shed Blood","floor":20.0,"gold_loss":0.0,"damage_taken":25.0},{"damage_healed":0.0,"max_hp_gain":0.0,"max_hp_loss":0.0,"gold_gain":0.0,"event_name":"The Library","player_choice":"Read","floor":29.0,"gold_loss":0.0,"damage_taken":0.0,"cards_obtained":["Defragment"]},{"damage_healed":0.0,"max_hp_gain":0.0,"max_hp_loss":0.0,"gold_gain":0.0,"event_name":"Vampires","player_choice":"Ignored","floor":30.0,"gold_loss":0.0,"damage_taken":0.0},{"cards_removed":["BootSequence"],"damage_healed":0.0,"max_hp_gain":0.0,"max_hp_loss":0.0,"gold_gain":0.0,"event_name":"Falling","player_choice":"Removed Skill","floor":37.0,"gold_loss":0.0,"damage_taken":0.0}],"is_beta":false,"boss_relics":[{"not_picked":["Velvet Choker","FrozenCore"],"picked":"Sozu"},{"not_picked":["Cursed Key","Coffee Dripper"],"picked":"Snecko Eye"}],"items_purged_floors":[21,27],"is_endless":false,"potions_floor_spawned":[1,7,11,13,16,24,25,33,36],"killed_by":"Reptomancer","ascension_level":20}}