{"host":"syozzdlzcqop4jia","time":1612476428,"event":{"mods":["BaseMod","Colored Map","Colored Powertips","Minty Spire (QoL Compilation)","Quick Restart"],"gold_per_floor":[112,212,231,248,248,276,276,302,348,359,359,359,379,54,54,151,151,164,184,202,202,202,202,3,3,3,18,38,67,28,61,61,166,166,184,197,9,9,9,9,34,48,73,73,0,12,12,24,24,24,24],"floor_reached":50,"language":"ENG","playtime":3230,"items_purged":["Defend_B"],"score":596,"play_id":"f371f2c1-e335-42d5-9a67-4b4e1eaf98cd","local_time":"20210204230708","is_ascension_mode":true,"campfire_choices":[{"data":"Dualcast","floor":7,"key":"SMITH"},{"floor":12,"key":"REST"},{"floor":15,"key":"REST"},{"floor":23,"key":"REST"},{"data":"Ball Lightning","floor":25,"key":"SMITH"},{"floor":32,"key":"REST"},{"floor":40,"key":"REST"},{"floor":44,"key":"REST"},{"data":"Ball Lightning","floor":49,"key":"SMITH"}],"circlet_count":0,"master_deck":["Defend_B+1","Defend_B","Defend_B+1","Zap","Dualcast+1","Ball Lightning","Cold Snap","Loop","Ball Lightning","Seek","Cold Snap","Conserve Battery","BootSequence","Biased Cognition","Go for the Eyes","Ball Lightning+1","Beam Cell+1","Bite","Bite","Bite","Bite","Bite","Conserve Battery","Ball Lightning+1","Core Surge","Conserve Battery","Reboot","Biased Cognition","Rip and Tear+1","Panache","Darkness","Go for the Eyes+1","Rebound+1"],"relics":["Cracked Core","War Paint","Question Card","Smiling Mask","Lantern","Shuriken","Philosopher\u0027s Stone","Toolbox","Gambling Chip","MawBank","Bag of Preparation","Sozu","Centennial Puzzle","Akabeko","Red Mask"],"acts_visited":["Exordium","TheCity","TheBeyond"],"potions_floor_usage":[33,36],"damage_taken":[{"damage":0,"enemies":"Small Slimes","floor":1,"turns":2},{"damage":0,"enemies":"Cultist","floor":3,"turns":3},{"damage":0,"enemies":"2 Louse","floor":4,"turns":2},{"damage":35,"enemies":"Lagavulin","floor":6,"turns":6},{"damage":18,"enemies":"Gremlin Nob","floor":8,"turns":4},{"damage":0,"enemies":"Large Slime","floor":10,"turns":4},{"damage":4,"enemies":"Exordium Wildlife","floor":13,"turns":3},{"damage":55,"enemies":"The Guardian","floor":16,"turns":10},{"damage":13,"enemies":"2 Thieves","floor":18,"turns":4},{"damage":15,"enemies":"3 Byrds","floor":19,"turns":3},{"damage":16,"enemies":"3 Cultists","floor":20,"turns":5},{"damage":0,"enemies":"Snake Plant","floor":27,"turns":3},{"damage":11,"enemies":"Snecko","floor":28,"turns":3},{"damage":30,"enemies":"Slavers","floor":29,"turns":4},{"damage":12,"enemies":"Book of Stabbing","floor":31,"turns":4},{"damage":81,"enemies":"Automaton","floor":33,"turns":7},{"damage":1,"enemies":"Orb Walker","floor":35,"turns":2},{"damage":29,"enemies":"3 Darklings","floor":36,"turns":3},{"damage":24,"enemies":"Giant Head","floor":41,"turns":7},{"damage":7,"enemies":"Spire Growth","floor":42,"turns":3},{"damage":0,"enemies":"Jaw Worm Horde","floor":46,"turns":3},{"damage":0,"enemies":"Transient","floor":48,"turns":5},{"damage":61,"enemies":"Donu and Deca","floor":50,"turns":4}],"seed_played":"-5374949891948375379","potions_obtained":[{"floor":1,"key":"Fire Potion"},{"floor":8,"key":"Weak Potion"},{"floor":16,"key":"Regen Potion"},{"floor":28,"key":"FairyPotion"}],"is_trial":false,"path_per_floor":["M","?","M","M","?","E","R","E","T","M","?","R","M","$","R","B",null,"M","M","M","?","?","R","$","R","T","M","M","E","$","E","R","B",null,"M","M","$","$","?","R","E","M","T","R","?","M","$","M","R","B"],"character_chosen":"DEFECT","items_purchased":["Shuriken","BootSequence","Toolbox","Conserve Battery","Panache"],"campfire_rested":6,"item_purchase_floors":[14,14,24,30,37],"current_hp_per_floor":[75,75,75,75,75,40,40,22,22,22,22,44,40,40,62,7,75,62,47,31,31,31,46,46,46,46,50,43,23,23,20,35,15,52,51,25,25,25,25,40,30,31,31,46,46,52,52,52,52,0,0],"gold":24,"neow_bonus":"RANDOM_COMMON_RELIC","is_daily":false,"chose_seed":false,"campfire_upgraded":3,"win_rate":0.0,"timestamp":1612476428,"path_taken":["M","?","?","M","?","E","R","E","T","M","?","R","M","$","R","BOSS","M","M","M","?","?","R","$","R","T","M","M","E","?","E","R","BOSS","M","M","?","$","?","R","E","?","T","R","?","M","?","M","R","BOSS"],"items_purchased_type":["Relic","Card","Relic","Card","Card"],"build_version":"2020-12-22","purchased_purges":1,"victory":false,"max_hp_per_floor":[75,75,75,75,75,75,75,75,75,75,75,75,75,75,75,75,75,75,75,75,52,52,52,52,52,52,52,52,52,52,52,52,52,52,52,52,52,52,52,52,52,52,52,52,52,52,52,52,52,52,52],"card_choices":[{"not_picked":["Genetic Algorithm","Self Repair"],"picked":"Ball Lightning","floor":1},{"not_picked":["Beam Cell","Stack"],"picked":"Cold Snap","floor":3},{"not_picked":["Beam Cell","Conserve Battery"],"picked":"Loop","floor":4},{"not_picked":["Machine Learning","Multi-Cast"],"picked":"Ball Lightning","floor":6},{"not_picked":["Go for the Eyes","Defragment","Stack"],"picked":"Seek","floor":8},{"not_picked":["Coolheaded","Reprogram","Turbo"],"picked":"Cold Snap","floor":10},{"not_picked":["Beam Cell","FTL","Streamline"],"picked":"Conserve Battery","floor":13},{"not_picked":["Rainbow","Core Surge","Creative AI"],"picked":"Biased Cognition","floor":16},{"not_picked":["Force Field","Cold Snap","Sweeping Beam"],"picked":"Go for the Eyes","floor":18},{"not_picked":["Recycle+1","Gash+1","Sweeping Beam"],"picked":"Ball Lightning","floor":19},{"not_picked":["Sweeping Beam","Self Repair","Defragment"],"picked":"Beam Cell+1","floor":20},{"not_picked":["Darkness","Coolheaded","Glacier"],"picked":"Conserve Battery","floor":27},{"not_picked":["Undo","Redo","Coolheaded"],"picked":"Ball Lightning","floor":28},{"not_picked":["Cold Snap","Barrage","Compile Driver"],"picked":"Core Surge","floor":29},{"not_picked":["Gash+1","Blizzard","Leap"],"picked":"Reboot","floor":31},{"not_picked":["Machine Learning","Fission","Hyperbeam"],"picked":"Biased Cognition","floor":33},{"not_picked":["Cold Snap","Rebound+1","Leap+1"],"picked":"Rip and Tear+1","floor":35},{"not_picked":["Steam Power","Chill","Undo+1","Compile Driver+1"],"picked":"SKIP","floor":36},{"not_picked":["Undo+1","Gash","Coolheaded+1","Reinforced Body"],"picked":"SKIP","floor":41},{"not_picked":["Coolheaded","Turbo","Stack+1"],"picked":"Darkness","floor":42},{"not_picked":["All For One","Sweeping Beam+1","Rip and Tear"],"picked":"Go for the Eyes+1","floor":46},{"not_picked":["Sweeping Beam","Fusion","Coolheaded"],"picked":"Rebound+1","floor":48}],"player_experience":550651,"relics_obtained":[{"floor":6,"key":"Question Card"},{"floor":8,"key":"Smiling Mask"},{"floor":9,"key":"Lantern"},{"floor":26,"key":"Gambling Chip"},{"floor":29,"key":"MawBank"},{"floor":31,"key":"Bag of Preparation"},{"floor":41,"key":"Centennial Puzzle"},{"floor":43,"key":"Akabeko"}],"event_choices":[{"damage_healed":0,"gold_gain":100,"player_choice":"Pray","damage_taken":0,"max_hp_gain":0,"max_hp_loss":0,"event_name":"Golden Shrine","floor":2,"gold_loss":0},{"damage_healed":0,"gold_gain":0,"player_choice":"Ignored","damage_taken":0,"max_hp_gain":0,"max_hp_loss":0,"event_name":"Golden Wing","floor":5,"gold_loss":0},{"damage_healed":0,"gold_gain":0,"player_choice":"Ignored","damage_taken":0,"max_hp_gain":0,"max_hp_loss":0,"event_name":"Liars Game","floor":11,"gold_loss":0},{"damage_healed":0,"gold_gain":0,"player_choice":"Became a vampire","damage_taken":0,"max_hp_gain":0,"max_hp_loss":23,"event_name":"Vampires","floor":21,"gold_loss":0,"cards_obtained":["Bite","Bite","Bite","Bite","Bite"]},{"damage_healed":0,"gold_gain":0,"player_choice":"Ignored","damage_taken":0,"max_hp_gain":0,"max_hp_loss":0,"event_name":"The Mausoleum","floor":22,"gold_loss":0},{"damage_healed":0,"gold_gain":0,"player_choice":"Ignored","damage_taken":0,"max_hp_gain":0,"max_hp_loss":0,"event_name":"SecretPortal","floor":39,"gold_loss":0},{"damage_healed":0,"gold_gain":0,"player_choice":"Paid","damage_taken":0,"relics_obtained":["Red Mask"],"max_hp_gain":0,"max_hp_loss":0,"event_name":"Tomb of Lord Red Mask","floor":45,"gold_loss":73}],"is_beta":false,"boss_relics":[{"not_picked":["Cursed Key","Busted Crown"],"picked":"Philosopher\u0027s Stone"},{"not_picked":["Velvet Choker","Astrolabe"],"picked":"Sozu"}],"items_purged_floors":[24],"is_endless":false,"potions_floor_spawned":[1,8,16,19,28,42,46],"killed_by":"Donu and Deca","ascension_level":1}}