{"host":"poshtwjux72eqzmy","time":1612480533,"event":{"mods":["BaseMod","Bestiary","Block Reminder","Highlight Path","Minty Spire (QoL Compilation)","Quick Restart","Relic Stats","StSLib","ojb\u0027s Info Mod"],"gold_per_floor":[115,115,127,146,156,156,183,183,235,251,251,277,293,293,293,365,365,380,390,404,0,0,0,34,34,34],"floor_reached":25,"language":"ENG","playtime":1716,"items_purged":["Strike_G"],"score":466,"play_id":"d7519c2c-59dc-48d3-8592-0e871927d5d7","local_time":"20210205011533","daily_mods":["Heirloom"],"is_ascension_mode":true,"campfire_choices":[{"data":"Bouncing Flask","floor":6.0,"key":"SMITH"},{"data":"Reflex","floor":8.0,"key":"SMITH"},{"data":"Neutralize","floor":11.0,"key":"SMITH"},{"floor":15.0,"key":"REST"},{"floor":23,"key":"REST"}],"circlet_count":0,"master_deck":["AscendersBane","Strike_G","Strike_G","Strike_G","Defend_G","Defend_G","Defend_G","Defend_G","Defend_G","Survivor","Neutralize+1","Bouncing Flask+1","Reflex+1","Dagger Throw","Unload","Blade Dance","Blade Dance","Tools of the Trade","Tactician+1","PiercingWail","Slice+1","Catalyst"],"relics":["Ring of the Snake","Unceasing Top","HornCleat","Toy Ornithopter","PreservedInsect","Fusion Hammer","Incense Burner","TungstenRod"],"acts_visited":["Exordium","TheCity"],"potions_floor_usage":[20,23,24],"damage_taken":[{"damage":0.0,"enemies":"Small Slimes","floor":1.0,"turns":4.0},{"damage":2.0,"enemies":"2 Louse","floor":3.0,"turns":5.0},{"damage":0.0,"enemies":"Cultist","floor":4.0,"turns":3.0},{"damage":4.0,"enemies":"Blue Slaver","floor":5.0,"turns":4.0},{"damage":28.0,"enemies":"Gremlin Nob","floor":7.0,"turns":4.0},{"damage":6.0,"enemies":"2 Fungi Beasts","floor":10.0,"turns":2.0},{"damage":5.0,"enemies":"3 Sentries","floor":12.0,"turns":5.0},{"damage":4.0,"enemies":"Large Slime","floor":13.0,"turns":5.0},{"damage":18.0,"enemies":"Slime Boss","floor":16.0,"turns":8.0},{"damage":15.0,"enemies":"Shell Parasite","floor":18.0,"turns":4.0},{"damage":10.0,"enemies":"Spheric Guardian","floor":19.0,"turns":5.0},{"damage":21,"enemies":"Chosen and Byrds","floor":20,"turns":5},{"damage":41,"enemies":"Slavers","floor":24,"turns":5},{"damage":26,"enemies":"3 Cultists","floor":25,"turns":4}],"seed_played":"3177578337966455315","potions_obtained":[{"floor":1.0,"key":"DuplicationPotion"},{"floor":4.0,"key":"CunningPotion"},{"floor":10.0,"key":"SkillPotion"},{"floor":12.0,"key":"SmokeBomb"},{"floor":13.0,"key":"LiquidBronze"},{"floor":19.0,"key":"CultistPotion"},{"floor":20,"key":"Fruit Juice"}],"is_trial":true,"path_per_floor":["M","?","M","M","M","R","E","R","T","M","R","E","M","?","R","B",null,"M","M","M","$","?","R","E","M"],"character_chosen":"THE_SILENT","items_purchased":["Incense Burner"],"campfire_rested":2,"item_purchase_floors":[21],"current_hp_per_floor":[59,64,62,62,58,58,30,30,30,24,24,24,20,13,34,21,59,44,34,18,18,18,50,14,0,0],"gold":34,"neow_bonus":"","is_daily":false,"chose_seed":false,"campfire_upgraded":3,"win_rate":0.0,"timestamp":1612480533,"path_taken":["M","?","M","M","M","R","E","R","T","M","R","E","M","?","R","BOSS","M","M","M","$","?","R","E","M"],"items_purchased_type":["Relic"],"build_version":"2020-12-22","purchased_purges":1,"victory":false,"max_hp_per_floor":[66,71,71,71,71,71,71,71,71,71,71,71,71,71,71,71,71,71,71,71,71,71,76,76,76,76],"relic_stats":{"counters":[14,63],"PreservedInsect":41,"obtain_stats":[{"HornCleat":7,"Prayer Wheel":0,"PreservedInsect":12,"Fusion Hammer":17,"Incense Burner":21,"Unceasing Top":0,"Toy Ornithopter":9,"TungstenRod":24,"Ring of the Snake":0},{"HornCleat":5,"Prayer Wheel":0,"PreservedInsect":7,"Fusion Hammer":9,"Incense Burner":12,"Unceasing Top":0,"Toy Ornithopter":5,"TungstenRod":13,"Ring of the Snake":0},{"HornCleat":20,"Prayer Wheel":0,"PreservedInsect":27,"Fusion Hammer":40,"Incense Burner":54,"Unceasing Top":0,"Toy Ornithopter":20,"TungstenRod":59,"Ring of the Snake":0}],"Unceasing Top":[13],"Toy Ornithopter":25,"TungstenRod":2,"Ring of the Snake":[28]},"card_choices":[{"not_picked":["Backflip","Expertise"],"picked":"Bouncing Flask","floor":1.0},{"not_picked":["Outmaneuver","Acrobatics"],"picked":"Reflex","floor":3.0},{"not_picked":["PiercingWail","Poisoned Stab"],"picked":"Dagger Throw","floor":4.0},{"not_picked":["Quick Slash","Calculated Gamble"],"picked":"Unload","floor":5.0},{"not_picked":["Flying Knee","Heel Hook"],"picked":"Blade Dance","floor":7.0},{"not_picked":["Poisoned Stab","Underhanded Strike"],"picked":"Blade Dance","floor":10.0},{"not_picked":["Acrobatics","Footwork"],"picked":"Tactician","floor":12.0},{"not_picked":["Riddle With Holes","Distraction","Quick Slash"],"picked":"SKIP","floor":13.0},{"not_picked":["A Thousand Cuts","Bullet Time"],"picked":"Tools of the Trade","floor":16.0},{"not_picked":["Underhanded Strike","Acrobatics"],"picked":"PiercingWail","floor":18.0},{"not_picked":["Endless Agony","Leg Sweep"],"picked":"Slice+1","floor":19.0},{"not_picked":["PiercingWail","Dagger Spray"],"picked":"Catalyst","floor":20},{"not_picked":["Reflex","Dodge and Roll","Dagger Spray"],"picked":"SKIP","floor":24}],"player_experience":1108083,"relics_obtained":[{"floor":7.0,"key":"HornCleat"},{"floor":9.0,"key":"Toy Ornithopter"},{"floor":12.0,"key":"PreservedInsect"},{"floor":24,"key":"TungstenRod"}],"event_choices":[{"damage_healed":0.0,"max_hp_gain":5.0,"max_hp_loss":0.0,"gold_gain":0.0,"event_name":"Big Fish","player_choice":"Donut","floor":2.0,"gold_loss":0.0,"damage_taken":0.0},{"cards_removed":["Strike_G"],"damage_healed":0.0,"max_hp_gain":0.0,"max_hp_loss":0.0,"gold_gain":0.0,"event_name":"Golden Wing","player_choice":"Card Removal","floor":14.0,"gold_loss":0.0,"damage_taken":7.0},{"damage_healed":0,"gold_gain":0,"player_choice":"Ignored","damage_taken":0,"max_hp_gain":0,"max_hp_loss":0,"event_name":"N\u0027loth","floor":22,"gold_loss":0}],"is_beta":false,"boss_relics":[{"not_picked":["Ring of the Serpent","Velvet Choker"],"picked":"Fusion Hammer"}],"items_purged_floors":[21],"is_endless":false,"potions_floor_spawned":[1,4,10,12,13,19,20],"killed_by":"3 Cultists","ascension_level":20}}