{"host":"sav7uxregyirlf69","time":1612446083,"event":{"mods":["AchievementEnabler","BaseMod","Colored Map","DeckTracker","Keyboard Shortcuts","Minty Spire (QoL Compilation)","READ ME - Guardian Mod","StSLib","SuperFastMode"],"gold_per_floor":[109,38,55,130,149,149,173,173,173,185,21,36,47,67,67,67,67],"floor_reached":16,"language":"KOR","playtime":259,"items_purged":["Strike_G"],"score":188,"play_id":"9cf4b6a0-7a51-4322-b08b-cb7057b9abbc","local_time":"20210204224123","is_ascension_mode":true,"campfire_choices":[{"data":"Cloak And Dagger","floor":6,"key":"SMITH"},{"data":"Neutralize","floor":8,"key":"SMITH"},{"data":"Finisher","floor":15,"key":"SMITH"}],"circlet_count":0,"master_deck":["AscendersBane","Strike_G","Strike_G","Strike_G","Strike_G","Defend_G","Defend_G","Defend_G","Defend_G","Defend_G","Survivor","Neutralize+1","Cloak And Dagger+1","Finisher+1"],"relics":["Ring of the Snake","Tiny Chest","Kunai","Juzu Bracelet","Singing Bowl"],"acts_visited":["Exordium"],"potions_floor_usage":[16],"damage_taken":[{"damage":2,"enemies":"Small Slimes","floor":1,"turns":4},{"damage":0,"enemies":"Cultist","floor":3,"turns":4},{"damage":1,"enemies":"2 Louse","floor":5,"turns":4},{"damage":3,"enemies":"Red Slaver","floor":10,"turns":5},{"damage":0,"enemies":"Exordium Wildlife","floor":12,"turns":4},{"damage":5,"enemies":"2 Fungi Beasts","floor":13,"turns":4},{"damage":1,"enemies":"Looter","floor":14,"turns":3},{"damage":45,"enemies":"Hexaghost","floor":16,"turns":14}],"seed_played":"-4514931625993933001","potions_obtained":[{"floor":5,"key":"PowerPotion"},{"floor":13,"key":"DuplicationPotion"}],"is_trial":false,"path_per_floor":["M","?","M","?","M","R","T","R","T","M","$","M","M","M","R","B"],"character_chosen":"THE_SILENT","items_purchased":["Finisher"],"campfire_rested":0,"item_purchase_floors":[11],"current_hp_per_floor":[57,57,57,46,45,45,45,45,45,44,44,46,43,44,44,0,0],"gold":67,"neow_bonus":"RANDOM_COMMON_RELIC","is_daily":false,"chose_seed":false,"campfire_upgraded":3,"win_rate":0.0,"timestamp":1612446083,"path_taken":["M","?","?","?","M","R","?","R","T","M","$","M","M","M","R","BOSS"],"items_purchased_type":["Card"],"build_version":"2020-12-22","purchased_purges":1,"victory":false,"max_hp_per_floor":[66,66,66,66,66,66,66,66,66,68,68,70,72,74,74,74,74],"card_choices":[{"not_picked":["Outmaneuver","Bane","Underhanded Strike"],"picked":"SKIP","floor":1},{"not_picked":["Deflect","Sucker Punch"],"picked":"Cloak And Dagger","floor":3},{"not_picked":["Deflect","Slice","PiercingWail"],"picked":"SKIP","floor":5},{"not_picked":["Slice","Expertise","Dagger Throw"],"picked":"Singing Bowl","floor":10},{"not_picked":["Crippling Poison","Bane","Flying Knee"],"picked":"Singing Bowl","floor":12},{"not_picked":["Finisher","Dagger Spray","Footwork"],"picked":"Singing Bowl","floor":13},{"not_picked":["Slice","Poisoned Stab","All Out Attack"],"picked":"Singing Bowl","floor":14}],"player_experience":1488838,"relics_obtained":[{"floor":7,"key":"Juzu Bracelet"},{"floor":9,"key":"Singing Bowl"}],"event_choices":[{"damage_healed":0,"gold_gain":0,"player_choice":"Paid Gold","damage_taken":0,"relics_obtained":["Kunai"],"max_hp_gain":0,"max_hp_loss":0,"event_name":"WeMeetAgain","floor":2,"gold_loss":71},{"damage_healed":0,"gold_gain":75,"player_choice":"Gather Gold","damage_taken":11,"max_hp_gain":0,"max_hp_loss":0,"event_name":"World of Goop","floor":4,"gold_loss":0}],"is_beta":false,"boss_relics":[],"items_purged_floors":[11],"is_endless":false,"potions_floor_spawned":[5,13,14],"killed_by":"Hexaghost","ascension_level":20}}