{"host":"aaqofma31c3gm2hj","time":1612402886,"event":{"mods":["BaseMod","GungeonMod","Minty Spire (QoL Compilation)","Replay The Spire","Spicy Shops","StSLib"],"gold_per_floor":[110,35,110,127,127,156,156,166,91,91,91,103,161,192,219,251,283,295,307,319,319],"floor_reached":20,"language":"ZHS","playtime":423,"items_purged":["Strike_G"],"score":294,"play_id":"60376f9d-9289-4004-bde9-c5a0da846dc4","local_time":"20210204094126","is_ascension_mode":true,"campfire_choices":[{"data":"Prepared","floor":7.0,"key":"SMITH"},{"data":"Neutralize","floor":12.0,"key":"SMITH"},{"data":"Hidden Blade","floor":18.0,"key":"SMITH"}],"circlet_count":0,"master_deck":["AscendersBane","Strike_G","Strike_G","Strike_G","Defend_G","Defend_G","Defend_G","Defend_G","Survivor","Neutralize+1","Prepared+1","Malaise+1","Hidden Blade+1"],"relics":["Ring of the Snake","NeowsBlessing","Blue Doll","StrikeDummy","MawBank","Pen Nib","Odd Mushroom"],"acts_visited":["Exordium"],"potions_floor_usage":[20],"damage_taken":[{"damage":0.0,"enemies":"Cultist","floor":1.0,"turns":1.0},{"damage":0.0,"enemies":"Jaw Worm","floor":4.0,"turns":1.0},{"damage":0.0,"enemies":"Lagavulin","floor":6.0,"turns":1.0},{"damage":1.0,"enemies":"2 Louse","floor":8.0,"turns":5.0},{"damage":0.0,"enemies":"Looter","floor":14.0,"turns":4.0},{"damage":0.0,"enemies":"Blue Slaver","floor":15.0,"turns":4.0},{"damage":20.0,"enemies":"The Mushroom Lair","floor":16.0,"turns":6.0},{"damage":5.0,"enemies":"Large Slime","floor":17.0,"turns":5.0},{"damage":47,"enemies":"Hexaghost","floor":20,"turns":15}],"seed_played":"705126486607031398","potions_obtained":[{"floor":8.0,"key":"Strength Potion"},{"floor":14.0,"key":"Weak Potion"},{"floor":15.0,"key":"FairyPotion"}],"is_trial":false,"path_per_floor":["M","$","?","M","?","E","R","M","?","T","T","R","T","M","M","?","M","R","R","B"],"character_chosen":"THE_SILENT","items_purchased":[],"campfire_rested":0,"item_purchase_floors":[],"current_hp_per_floor":[59,59,48,48,48,48,48,47,47,47,47,47,47,47,47,27,22,22,41,14,14],"gold":319,"neow_bonus":"THREE_ENEMY_KILL","is_daily":false,"chose_seed":false,"campfire_upgraded":3,"win_rate":0.0,"timestamp":1612402886,"path_taken":["M","?","?","?","?","E","R","M","?","T","T","R","?","M","M","?","M","R","R","BOSS"],"items_purchased_type":[],"build_version":"2020-12-22","purchased_purges":1,"victory":false,"max_hp_per_floor":[66,66,66,66,66,66,66,66,66,66,66,66,66,66,66,66,66,66,66,66,66],"card_choices":[{"not_picked":["Dagger Throw","Poisoned Stab","ReplayTheSpireMod:Scrap Shanks"],"picked":"SKIP","floor":1.0},{"not_picked":["Slice","Backstab"],"picked":"Prepared","floor":4.0},{"not_picked":["Setup","Prepared","Poisoned Stab"],"picked":"SKIP","floor":6.0},{"not_picked":["Cloak And Dagger","Finisher","Poisoned Stab"],"picked":"SKIP","floor":8.0},{"not_picked":["Dodge and Roll","Quick Slash"],"picked":"Malaise","floor":14.0},{"not_picked":["ReplayTheSpireMod:The Works","Escape Plan"],"picked":"Hidden Blade","floor":15.0},{"not_picked":["Choke","Cloak And Dagger","Poisoned Stab"],"picked":"SKIP","floor":17.0}],"player_experience":643713,"relics_obtained":[{"floor":6.0,"key":"Blue Doll"},{"floor":10.0,"key":"StrikeDummy"},{"floor":11.0,"key":"MawBank"},{"floor":13.0,"key":"Pen Nib"},{"floor":16.0,"key":"Odd Mushroom"}],"event_choices":[{"damage_healed":0.0,"max_hp_gain":0.0,"max_hp_loss":0.0,"gold_gain":75.0,"event_name":"World of Goop","player_choice":"Gather Gold","floor":3.0,"gold_loss":0.0,"damage_taken":11.0},{"cards_removed":["Strike_G"],"damage_healed":0.0,"max_hp_gain":0.0,"max_hp_loss":0.0,"gold_gain":0.0,"event_name":"Living Wall","player_choice":"Forget","floor":5.0,"gold_loss":0.0,"damage_taken":0.0},{"cards_removed":["Defend_G"],"damage_healed":0.0,"max_hp_gain":0.0,"max_hp_loss":0.0,"gold_gain":0.0,"event_name":"The Cleric","player_choice":"Card Removal","floor":9.0,"gold_loss":75.0,"damage_taken":0.0},{"damage_healed":0.0,"max_hp_gain":0.0,"max_hp_loss":0.0,"gold_gain":0.0,"event_name":"Mushrooms","player_choice":"Fought Mushrooms","floor":16.0,"gold_loss":0.0,"damage_taken":0.0}],"is_beta":false,"boss_relics":[],"items_purged_floors":[2],"is_endless":false,"potions_floor_spawned":[8,14,15,16],"killed_by":"Hexaghost","ascension_level":20}}