{"host":"qrt7o4dq2qslzw13","time":1612429140,"event":{"mods":["AchievementEnabler","BaseMod","Colored Map","Colored Powertips","Minty Spire (QoL Compilation)","Quick Restart","StSLib","SuperFastMode"],"gold_per_floor":[363,379,379,57,72,72,72,86,86,86,101,181,356,374,374,374,374],"floor_reached":16,"language":"ENG","playtime":265,"items_purged":[],"score":106,"play_id":"0b708262-4b14-4b66-b86d-821c30536ed8","local_time":"20210204035900","is_ascension_mode":true,"campfire_choices":[{"floor":6,"key":"REST"},{"floor":10,"key":"REST"},{"floor":15,"key":"REST"}],"circlet_count":0,"master_deck":["Strike_B","Strike_B","Strike_B","Strike_B","Defend_B","Defend_B","Defend_B","Defend_B","Zap","Dualcast","Pain","Conserve Battery","Reprogram+1","Darkness","Hologram","Consume","Capacitor","Beam Cell","Streamline","Defragment","Storm","Doubt","Barrage"],"relics":["Cracked Core","Orrery","Juzu Bracelet","Shuriken","Singing Bowl"],"acts_visited":["Exordium"],"potions_floor_usage":[11],"damage_taken":[{"damage":6,"enemies":"Cultist","floor":1,"turns":3},{"damage":14,"enemies":"Jaw Worm","floor":2,"turns":4},{"damage":26,"enemies":"Small Slimes","floor":5,"turns":4},{"damage":21,"enemies":"3 Louse","floor":8,"turns":4},{"damage":26,"enemies":"2 Fungi Beasts","floor":11,"turns":6},{"damage":26,"enemies":"Red Slaver","floor":14,"turns":5},{"damage":39,"enemies":"The Guardian","floor":16,"turns":4}],"seed_played":"4385687331456992680","potions_obtained":[{"floor":1,"key":"Regen Potion"},{"floor":11,"key":"FearPotion"}],"is_trial":false,"path_per_floor":["M","M","?","$","M","R","$","M","T","R","M","T","?","M","R","B"],"character_chosen":"DEFECT","items_purchased":["Orrery","Juzu Bracelet","Beam Cell"],"campfire_rested":3,"item_purchase_floors":[4,4,4],"current_hp_per_floor":[69,55,55,55,29,51,51,30,30,52,41,41,41,15,37,0,0],"gold":374,"neow_bonus":"TWO_FIFTY_GOLD","is_daily":false,"chose_seed":false,"campfire_upgraded":0,"win_rate":0.0,"timestamp":1612429140,"path_taken":["M","M","?","?","M","R","$","M","T","R","M","?","?","M","R","BOSS"],"items_purchased_type":["Relic","Relic","Card"],"build_version":"2020-12-22","purchased_purges":0,"victory":false,"max_hp_per_floor":[75,75,75,75,75,75,75,75,75,75,75,75,75,75,75,75,75],"card_choices":[{"not_picked":["Steam Power","Turbo"],"picked":"Conserve Battery","floor":1},{"not_picked":["Conserve Battery","Hologram"],"picked":"Reprogram","floor":2},{"not_picked":["Sweeping Beam","Hologram"],"picked":"Darkness","floor":4},{"not_picked":["Turbo","Leap"],"picked":"Hologram","floor":4},{"not_picked":["Amplify","Steam"],"picked":"Consume","floor":4},{"not_picked":["Chaos","Leap"],"picked":"Capacitor","floor":4},{"not_picked":["Cold Snap","Stack"],"picked":"Streamline","floor":5},{"not_picked":["Darkness","Rebound"],"picked":"Defragment","floor":8},{"not_picked":["Barrage","Ball Lightning"],"picked":"Storm","floor":11},{"not_picked":["Coolheaded","Conserve Battery"],"picked":"Barrage","floor":14}],"player_experience":619310,"relics_obtained":[{"floor":9,"key":"Shuriken"},{"floor":12,"key":"Singing Bowl"}],"event_choices":[{"damage_healed":0,"gold_gain":0,"player_choice":"Upgraded","damage_taken":0,"max_hp_gain":0,"max_hp_loss":0,"event_name":"Upgrade Shrine","floor":3,"gold_loss":0,"cards_upgraded":["Reprogram"]},{"damage_healed":0,"gold_gain":175,"player_choice":"AGREE","damage_taken":0,"max_hp_gain":0,"max_hp_loss":0,"event_name":"Liars Game","floor":13,"gold_loss":0,"cards_obtained":["Doubt"]}],"is_beta":false,"boss_relics":[],"items_purged_floors":[],"is_endless":false,"potions_floor_spawned":[1,11],"killed_by":"The Guardian","ascension_level":3}}