{"host":"27tk4xseidcli2mr","time":1612429482,"event":{"mods":["2.2 Compatiblity","AchievementEnabler","Aspiration","BaseMod","Better Third Choice","Conspire","Custom Start","Downfall","Hubris","Infinite Spire","Jorbs\u0027s Wanderer Trilogy","Minty Spire (QoL Compilation)","Replay The Spire","StSLib","SuperFastMode","[IsaacMod]????"],"gold_per_floor":[110,110,195,232,252,252,285,2,2,36,36,66,82,112,112,185,185,198,198,198,208,208,208,240,37,37,37,47,62,12,47,47,126,126,150,150,175,202,232,232,280,315,315,367,367,423,423,423,423,524,634,634,672,672,522,545,585,585,630,672,672,737,812,324,369,396,396,371,371,390,390,423,423,104,104,101,95,120,104,104,114,192,206,206,165,165],"floor_reached":85,"language":"ENG","playtime":4352,"items_purged":["Strike_G","Strike_G","Strike_G","Strike_G","SandsOfTime","hubris:Counter","Draining Mist"],"score":4610,"play_id":"25f83ad3-f3d5-4bac-a46d-6e11186c2f97","local_time":"20210204100442","is_ascension_mode":true,"campfire_choices":[{"floor":6.0,"key":"REST"},{"data":"Apotheosis","floor":15.0,"key":"SMITH"},{"data":"Ghostly","floor":23.0,"key":"SMITH"},{"data":"infinitespire:TheBestDefense","floor":40.0,"key":"SMITH"},{"data":"Storm of Steel","floor":45.0,"key":"SMITH"},{"data":"Ghostly","floor":47.0,"key":"SMITH"},{"data":"Catalyst","floor":49.0,"key":"SMITH"},{"data":"infinitespire:Neurotoxin","floor":58.0,"key":"SMITH"},{"data":"ReplayTheSpireMod:Brewmster","floor":67.0,"key":"SMITH"},{"data":"ReplayTheSpireMod:Scrap Shanks","floor":75.0,"key":"SMITH"},{"data":"Phantasmal Killer","floor":80,"key":"SMITH"},{"data":"infinitespire:FutureSight","floor":84,"key":"SMITH"}],"circlet_count":0,"master_deck":["AscendersBane","Survivor","Neutralize","Phantasmal Killer+1","Hidden Blade","Apotheosis+1","Footwork","Prepared","Corpse Explosion+1","ReplayTheSpireMod:Tripwire","Infinite Blades","Dagger Spray","Night Terror","Deadly Poison","hubris:Sniper","Catalyst+1","Die Die Die","Concentrate+1","Cloak And Dagger","Ghostly+1","Ghostly+1","Ghostly+1","conspire:DoublingDagger","infinitespire:TheBestDefense+1","Slice","Envenom","ReplayTheSpireMod:The Works","Phantasmal Killer","Swift Strike","Infinite Blades","Storm of Steel+1","Accuracy+1","infinitespire:Neurotoxin+1","Backstab","A Thousand Cuts","Venomology","infinitespire:FutureSight+1","ReplayTheSpireMod:Scrap Shanks+1","Deflect","Slice","Catalyst","Slice","Slice","ReplayTheSpireMod:Brewmster+1","Backstab","ReplayTheSpireMod:Tripwire+1","Deflect","Prepared","Concentrate+1"],"relics":["Ring of the Snake","HushsDoor","BelialBook","hubris:SphereOfDissonance","conspire:Dentures","Ornamental Fan","Meat on the Bone","MealTicket","Incense Burner","Basket Of Snakes","hubris:SlimyHat","hubris:Backtick","Unceasing Top","hubris:CrystalStatue","Membership Card","Replay:WaspNest","Thread and Needle","infinitespire:EvilPickle","aspiration:WatcherSkillbook","Pen Nib","infinitespire:Magic Flask","Pantograph","Prayer Wheel","Blue Doll","aspiration:FrozenJewel","Pandora\u0027s Box","BookOfRevelations","hubris:ToyBattleship","SharpPlug","Leech","FossilizedHelix","Replay:Ringing Soul","hubris:DisguiseKit","Ring of Chaos","Strange Spoon","conspire:Flyswatter","Toy Ornithopter","Oddly Smooth Stone","BranchBurnRelic"],"acts_visited":["Exordium","TheCity","TheBeyond","Exordium","TheCity"],"potions_floor_usage":[77,79,81,83,85,85],"damage_taken":[{"damage":7.0,"enemies":"Jaw Worm","floor":1.0,"turns":4.0},{"damage":16.0,"enemies":"conspire:MimicChest","floor":4.0,"turns":10.0},{"damage":0.0,"enemies":"2 Louse","floor":5.0,"turns":2.0},{"damage":0.0,"enemies":"Gremlin Nob","floor":7.0,"turns":3.0},{"damage":24.0,"enemies":"Lagavulin","floor":10.0,"turns":10.0},{"damage":17.0,"enemies":"3 Sentries","floor":12.0,"turns":3.0},{"damage":0.0,"enemies":"conspire:RoseBush","floor":13.0,"turns":5.0},{"damage":15.0,"enemies":"Lagavulin","floor":14.0,"turns":7.0},{"damage":0.0,"enemies":"Slime Boss","floor":16.0,"turns":7.0},{"damage":31.0,"enemies":"Spheric Guardian","floor":18.0,"turns":6.0},{"damage":22.0,"enemies":"Shell Parasite","floor":21.0,"turns":5.0},{"damage":0.0,"enemies":"Nightmare","floor":24.0,"turns":11.0},{"damage":7.0,"enemies":"Snecko","floor":28.0,"turns":7.0},{"damage":0.0,"enemies":"Shelled Parasite and Fungi","floor":29.0,"turns":5.0},{"damage":1.0,"enemies":"Book of Stabbing","floor":31.0,"turns":5.0},{"damage":2.0,"enemies":"Pondfish","floor":33.0,"turns":9.0},{"damage":0.0,"enemies":"3 Shapes","floor":35.0,"turns":3.0},{"damage":0.0,"enemies":"Mind Bloom Boss Battle","floor":37.0,"turns":4.0},{"damage":0.0,"enemies":"Orb Walker","floor":38.0,"turns":1.0},{"damage":0.0,"enemies":"Sphere and 2 Shapes","floor":39.0,"turns":4.0},{"damage":0.0,"enemies":"Nemesis","floor":41.0,"turns":5.0},{"damage":4.0,"enemies":"Jaw Worm Horde","floor":42.0,"turns":4.0},{"damage":9.0,"enemies":"Nightmare","floor":44.0,"turns":6.0},{"damage":0.0,"enemies":"Giant Head","floor":46.0,"turns":7.0},{"damage":14.0,"enemies":"Awakened One","floor":50.0,"turns":10.0},{"damage":29.0,"enemies":"infinitespire:MassOfShapes","floor":51.0,"turns":7.0},{"damage":0.0,"enemies":"Cultist","floor":53.0,"turns":4.0},{"damage":0.0,"enemies":"2 Louse","floor":57.0,"turns":2.0},{"damage":0.0,"enemies":"Gremlin Nob","floor":59.0,"turns":4.0},{"damage":3.0,"enemies":"conspire:RoseBush","floor":60.0,"turns":2.0},{"damage":0.0,"enemies":"3 Sentries","floor":62.0,"turns":1.0},{"damage":0.0,"enemies":"Gremlin Nob","floor":65.0,"turns":2.0},{"damage":0.0,"enemies":"Blue Slaver","floor":66.0,"turns":1.0},{"damage":0.0,"enemies":"Delirium","floor":68.0,"turns":9.0},{"damage":0.0,"enemies":"Chosen","floor":70.0,"turns":3.0},{"damage":0.0,"enemies":"Spheric Guardian","floor":72.0,"turns":2.0},{"damage":0.0,"enemies":"conspire:Head Lice","floor":76.0,"turns":5.0},{"damage":8,"enemies":"Shelled Parasite and Fungi","floor":77,"turns":4},{"damage":0,"enemies":"Nightmare","floor":79,"turns":7},{"damage":0,"enemies":"Snake Plant","floor":81,"turns":2},{"damage":0,"enemies":"Snecko","floor":83,"turns":4},{"damage":59,"enemies":"Delirium","floor":85,"turns":4}],"seed_played":"938907802011625758","potions_obtained":[{"floor":7.0,"key":"SkillPotion"},{"floor":10.0,"key":"Adrenaline Potion"},{"floor":12.0,"key":"LiquidMemories"},{"floor":14.0,"key":"Regen Potion"},{"floor":21.0,"key":"Dexterity Potion"},{"floor":24.0,"key":"DuplicationPotion"},{"floor":28.0,"key":"bronze:BurnAndBuffPotion"},{"floor":39.0,"key":"Poison Potion"},{"floor":42.0,"key":"PowerPotion"},{"floor":44.0,"key":"sneckomod:MuddlingPotion"},{"floor":51.0,"key":"SkillPotion"},{"floor":62.0,"key":"Block Potion"},{"floor":65.0,"key":"CultistPotion"},{"floor":68.0,"key":"Swift Potion"},{"floor":79,"key":"PowerPotion"},{"floor":83,"key":"Block Potion"}],"is_trial":false,"path_per_floor":["M","?","?","?","M","R","E","$","T","E","?","E","M","E","R","B",null,"M","?","?","M","?","R","NM","$","T","AVR","M","M","$","E","R","B",null,"M","AVR","?","M","M","R","E","M","T","NM","R","E","R","?","R","B","B",null,"M","?","$","T","M","R","E","M","T","E","?","$","E","M","R","B",null,"M","?","M","?","$","R","E","M","T","NM","R","M","T","M","R","B"],"character_chosen":"THE_SILENT","items_purchased":["Ornamental Fan","Membership Card","Swift Strike","BookOfRevelations","FossilizedHelix","Replay:Ringing Soul","Slice","ReplayTheSpireMod:Brewmster","Strange Spoon","conspire:Flyswatter"],"campfire_rested":1,"item_purchase_floors":[8,25,34,55,64,64,64,64,74,74],"current_hp_per_floor":[52,52,31,15,15,34,34,34,34,22,22,17,29,26,26,38,59,40,40,40,44,33,33,33,33,33,33,26,26,33,32,33,31,31,31,31,31,31,31,31,31,27,27,18,18,18,18,18,18,17,14,27,27,27,31,31,31,31,31,28,28,28,17,34,37,37,37,37,37,40,40,43,43,43,43,43,39,39,46,46,49,49,49,49,0,0],"gold":165,"neow_bonus":"ONE_RANDOM_RARE_CARD","is_daily":false,"chose_seed":false,"campfire_upgraded":11,"win_rate":0.0,"timestamp":1612429482,"path_taken":["M","?","?","?","M","R","E","$","T","E","?","E","?","E","R","BOSS","M","?","?","?","?","R","NM","$","T","AVR","M","M","?","E","R","BOSS","M","AVR","?","M","M","R","E","M","T","NM","R","E","R","?","R","BOSS","BOSS","M","?","?","?","?","R","E","M","T","E","?","$","E","M","R","BOSS","M","?","?","?","$","R","E","M","T","NM","R","M","?","M","R","BOSS"],"items_purchased_type":["Relic","Relic","Card","Relic","Relic","Relic","Card","Card","Relic","Relic"],"build_version":"2020-12-22","purchased_purges":7,"victory":false,"max_hp_per_floor":[66,66,66,66,66,66,66,66,66,66,66,66,66,66,66,66,66,66,66,66,66,33,33,33,33,33,33,33,33,33,33,33,33,31,31,31,31,31,31,31,31,31,31,31,31,31,31,31,31,31,31,31,31,31,31,31,31,31,31,31,31,31,31,34,37,37,37,37,37,40,40,43,43,43,43,43,46,46,46,46,49,49,49,49,49,49],"card_choices":[{"not_picked":["Eviscerate","Choke"],"picked":"Hidden Blade","floor":1.0},{"not_picked":["Concentrate","Dodge and Roll"],"picked":"Footwork","floor":3.0},{"not_picked":["PiercingWail","Setup"],"picked":"Prepared","floor":3.0},{"not_picked":["Outmaneuver","Cloak And Dagger"],"picked":"Corpse Explosion","floor":3.0},{"not_picked":["hubris:SlightOfHand","Bane"],"picked":"ReplayTheSpireMod:Tripwire","floor":4.0},{"not_picked":["Escape Plan","ReplayTheSpireMod:Speed Training"],"picked":"Infinite Blades","floor":5.0},{"not_picked":["Dodge and Roll","Sucker Punch"],"picked":"Dagger Spray","floor":7.0},{"not_picked":["Hidden Blade","Acrobatics"],"picked":"Night Terror","floor":10.0},{"not_picked":["Acrobatics","Quick Slash"],"picked":"Deadly Poison","floor":12.0},{"not_picked":["Dodge and Roll","Underhanded Strike"],"picked":"hubris:Sniper","floor":13.0},{"not_picked":["Prepared","Replay:Poison Smokescreen"],"picked":"Catalyst","floor":14.0},{"not_picked":["A Thousand Cuts","Atom Bomb"],"picked":"Die Die Die","floor":16.0},{"not_picked":["Heel Hook+1","Cloak And Dagger+1"],"picked":"Concentrate+1","floor":18.0},{"not_picked":["Dagger Throw","Poisoned Stab"],"picked":"Cloak And Dagger","floor":21.0},{"not_picked":["Dagger Spray","Flying Knee+1"],"picked":"conspire:DoublingDagger","floor":24.0},{"not_picked":["Hidden Blade","Backflip"],"picked":"Slice","floor":28.0},{"not_picked":["Footwork","Dash"],"picked":"Envenom","floor":29.0},{"not_picked":["Caltrops","Bouncing Flask"],"picked":"ReplayTheSpireMod:The Works","floor":31.0},{"not_picked":["Burst","Bullet Time"],"picked":"Phantasmal Killer","floor":33.0},{"not_picked":["Dodge and Roll+1","Blade Dance+1","Quick Slash"],"picked":"Infinite Blades","floor":35.0},{"not_picked":["A Thousand Cuts","hubris:SlightOfHand","Evaluate","Poisoned Stab"],"picked":"SKIP","floor":38.0},{"not_picked":["Calculated Gamble","Noxious Fumes","Conclude+1","Swivel"],"picked":"SKIP","floor":39.0},{"not_picked":["Skewer+1","Pray","Slice"],"picked":"Storm of Steel","floor":41.0},{"not_picked":["Halt+1","Bane+1","Dodge and Roll","Pray"],"picked":"SKIP","floor":42.0},{"not_picked":["Fasting2","Halt","ForeignInfluence","Bullet Time"],"picked":"SKIP","floor":44.0},{"not_picked":["Slice","Bouncing Flask+1","Cloak And Dagger"],"picked":"Accuracy+1","floor":46.0},{"not_picked":["Atom Bomb","Brilliance","Unload"],"picked":"infinitespire:Neurotoxin","floor":50.0},{"not_picked":["infinitespire:Punishment","ReplayTheSpireMod:Echoes of Time"],"picked":"infinitespire:FutureSight","floor":52.0},{"not_picked":["Study","Replay:ManipulateFuture","Flying Knee"],"picked":"ReplayTheSpireMod:Scrap Shanks","floor":53.0},{"not_picked":["WindmillStrike","ReplayTheSpireMod:The Works","Flying Knee"],"picked":"Deflect","floor":53.0},{"not_picked":["Underhanded Strike","Bane","FlyingSleeves","BowlingBash"],"picked":"SKIP","floor":57.0},{"not_picked":["ClearTheMind","Evaluate","Dagger Throw","Halt"],"picked":"SKIP","floor":57.0},{"not_picked":["Establishment","Replay:ManipulateFuture","Wallop","Dagger Spray"],"picked":"SKIP","floor":59.0},{"not_picked":["Cloak And Dagger","FearNoEvil","Blade Dance"],"picked":"Slice","floor":60.0},{"not_picked":["Expertise","Replay:BluntJabs","Protect","FlyingSleeves"],"picked":"SKIP","floor":60.0},{"not_picked":["LessonLearned","EmptyFist","Indignation"],"picked":"Catalyst","floor":62.0},{"not_picked":["Night Terror","Halt","Skewer"],"picked":"Backstab","floor":65.0},{"not_picked":["Quick Slash","hubris:Sniper","Blade Dance","FlurryOfBlows","True Grit"],"picked":"SKIP","floor":66.0},{"not_picked":["Blur","Flying Knee","Heel Hook","Replay:AtTheReady","Second Wind"],"picked":"SKIP","floor":66.0},{"not_picked":["Acrobatics","Replay:Cycle","All Out Attack","Pummel"],"picked":"ReplayTheSpireMod:Tripwire+1","floor":70.0},{"not_picked":["FlyingSleeves","hubris:TrickCloak+1","Replay:Hum","Protect","Fire Breathing"],"picked":"SKIP","floor":70.0},{"not_picked":["Evaluate","hubris:Counter","Bouncing Flask","hubris:ReadiedAction"],"picked":"Deflect","floor":72.0},{"not_picked":["SignatureMove","Deadly Poison","LikeWater+1","Replay:Battleflow","Infernal Blade"],"picked":"SKIP","floor":72.0},{"not_picked":["Hidden Blade","InnerPeace","Prostrate","Fluid Movement","Armaments"],"picked":"SKIP","floor":76.0},{"not_picked":["PathToVictory","PiercingWail","ReplayTheSpireMod:Exploit Weakness+1","Rage"],"picked":"Prepared","floor":77},{"not_picked":["Hidden Blade","Dagger Throw","Prepared","CutThroughFate","Thunderclap"],"picked":"SKIP","floor":77},{"not_picked":["CarveReality","ThirdEye","Underhanded Strike","Collect","ReplayTheSpireMod:Muscle Training"],"picked":"SKIP","floor":79},{"not_picked":["Backflip","Outmaneuver","Worship","Carnage"],"picked":"Concentrate+1","floor":81},{"not_picked":["ThirdEye","Prepared+1","WreathOfFlame","Ragnarok","Abandon"],"picked":"SKIP","floor":81},{"not_picked":["Protect","Sneak Up","Study+1","EmptyFist","conspire:Charge"],"picked":"SKIP","floor":83},{"not_picked":["Perseverance","FollowUp","SandsOfTime+1","CutThroughFate","ReplayTheSpireMod:Strike From Hell"],"picked":"SKIP","floor":83}],"player_experience":1320595,"relics_obtained":[{"floor":4.0,"key":"hubris:SphereOfDissonance"},{"floor":7.0,"key":"conspire:Dentures"},{"floor":9.0,"key":"Meat on the Bone"},{"floor":10.0,"key":"MealTicket"},{"floor":11.0,"key":"Incense Burner"},{"floor":12.0,"key":"Basket Of Snakes"},{"floor":14.0,"key":"hubris:SlimyHat"},{"floor":24.0,"key":"hubris:CrystalStatue"},{"floor":26.0,"key":"Replay:WaspNest"},{"floor":37.0,"key":"infinitespire:Magic Flask"},{"floor":41.0,"key":"Pantograph"},{"floor":43.0,"key":"Prayer Wheel"},{"floor":44.0,"key":"Blue Doll"},{"floor":46.0,"key":"aspiration:FrozenJewel"},{"floor":59.0,"key":"hubris:ToyBattleship"},{"floor":61.0,"key":"SharpPlug"},{"floor":62.0,"key":"Leech"},{"floor":65.0,"key":"hubris:DisguiseKit"},{"floor":76.0,"key":"Toy Ornithopter"},{"floor":78,"key":"Oddly Smooth Stone"},{"floor":79,"key":"Dead Branch"}],"event_choices":[{"damage_healed":52.0,"max_hp_gain":0.0,"max_hp_loss":66.0,"gold_gain":0.0,"event_name":"betterThird:BetterShining","player_choice":"Embrace","floor":2.0,"gold_loss":0.0,"damage_taken":0.0},{"damage_healed":0.0,"max_hp_gain":0.0,"max_hp_loss":33.0,"gold_gain":0.0,"event_name":"Ghosts","player_choice":"Became a Ghost","floor":22.0,"gold_loss":0.0,"damage_taken":0.0,"cards_obtained":["Ghostly","Ghostly","Ghostly"]},{"damage_healed":0.0,"max_hp_gain":0.0,"max_hp_loss":0.0,"gold_gain":0.0,"event_name":"MindBloom","player_choice":"Fight","floor":37.0,"gold_loss":0.0,"damage_taken":0.0},{"damage_healed":0.0,"max_hp_gain":0.0,"max_hp_loss":0.0,"gold_gain":75.0,"event_name":"betterThird:BetterGoop","player_choice":"Gold","floor":63.0,"gold_loss":0.0,"damage_taken":11.0},{"damage_healed":0.0,"max_hp_gain":0.0,"max_hp_loss":0.0,"gold_gain":0.0,"event_name":"Ghosts","player_choice":"Ignored","floor":73.0,"gold_loss":0.0,"damage_taken":0.0}],"is_beta":false,"boss_relics":[{"not_picked":["Busted Crown","HoveringKite"],"picked":"hubris:Backtick"},{"not_picked":[]},{"not_picked":["ReplayTheSpireMod:DimensionalGlitch","hubris:RunicObelisk"],"picked":"aspiration:WatcherSkillbook"},{"not_picked":[]},{"not_picked":["conspire:RunicOctahedron","Replay:Drink Me"],"picked":"Pandora\u0027s Box"},{"not_picked":[]},{"not_picked":["MagicMushroom","Busted Crown"],"picked":"Ring of Chaos"},{"not_picked":[]}],"items_purged_floors":[25,27,30,36,55,64,74],"is_endless":true,"potions_floor_spawned":[7,10,12,14,21,24,28,35,39,42,44,51,60,62,65,68,72,79,83],"killed_by":"Delirium","ascension_level":20}}