{"host":"rtw1tnr74gozsrw1","time":1612400008,"event":{"mods":["BaseMod","Colored Map","Colored Powertips","Highlight Path","Minty Spire (QoL Compilation)","StSLib","The Jungle"],"gold_per_floor":[110,73,73,90,90,90,124,138,189,75,101,20,20,31,31,133,133,147,97,77,77],"floor_reached":20,"language":"ENG","playtime":582,"items_purged":["Strike_B","All For One"],"score":238,"play_id":"438f0df4-fe5d-42ed-b9e6-73eee8426178","local_time":"20210204015328","is_ascension_mode":true,"campfire_choices":[{"data":"Chaos","floor":6,"key":"SMITH"},{"data":"Defragment","floor":13,"key":"SMITH"},{"floor":15,"key":"REST"}],"circlet_count":0,"master_deck":["Zap","Dualcast","Chaos+1","Defragment+1","Glacier","Machine Learning","Chaos","White Noise","Defragment","Tempest","Machine Learning","Blizzard","Turbo","Sweeping Beam","Fusion","Reinforced Body","Conserve Battery+1"],"relics":["Cracked Core","NeowsBlessing","Centennial Puzzle","Dream Catcher","Smiling Mask","Pandora\u0027s Box"],"acts_visited":["Exordium","TheCity"],"potions_floor_usage":[16],"damage_taken":[{"damage":0,"enemies":"Jaw Worm","floor":1,"turns":1},{"damage":0,"enemies":"Small Slimes","floor":4,"turns":1},{"damage":0,"enemies":"Lagavulin","floor":7,"turns":1},{"damage":0,"enemies":"2 Louse","floor":8,"turns":2},{"damage":15,"enemies":"3 Sentries","floor":11,"turns":6},{"damage":34,"enemies":"Gremlin Gang","floor":14,"turns":6},{"damage":32,"enemies":"The Guardian","floor":16,"turns":11},{"damage":11,"enemies":"3 Byrds","floor":18,"turns":2},{"damage":23,"enemies":"2 Thieves","floor":20,"turns":4}],"seed_played":"1141388301267317591","potions_obtained":[{"floor":1,"key":"BlessingOfTheForge"},{"floor":7,"key":"Strength Potion"},{"floor":11,"key":"ColorlessPotion"},{"floor":18,"key":"Regen Potion"}],"is_trial":false,"path_per_floor":["M","$","?","M","?","R","E","M","T","$","E","$","R","M","R","B",null,"M","$","M"],"character_chosen":"DEFECT","items_purchased":["Defragment","Chaos","Defragment"],"campfire_rested":1,"item_purchase_floors":[2,10,12],"current_hp_per_floor":[75,75,75,75,80,80,80,80,80,80,65,65,65,31,55,23,80,69,69,46,46],"gold":77,"neow_bonus":"THREE_ENEMY_KILL","is_daily":false,"chose_seed":false,"campfire_upgraded":2,"win_rate":0.0,"timestamp":1612400008,"path_taken":["M","$","?","M","?","R","E","M","T","?","E","$","R","M","R","BOSS","M","$","M"],"items_purchased_type":["Card","Card","Card"],"build_version":"2020-12-22","purchased_purges":2,"victory":false,"max_hp_per_floor":[75,75,75,75,80,80,80,80,80,80,80,80,80,80,80,80,80,80,80,80,80],"card_choices":[{"not_picked":["Stack","Leap"],"picked":"Chaos","floor":1},{"not_picked":["Coolheaded","Sweeping Beam","Static Discharge"],"picked":"SKIP","floor":4},{"not_picked":["Rebound","Gash"],"picked":"Glacier","floor":7},{"not_picked":["Streamline","Consume"],"picked":"Machine Learning","floor":8},{"not_picked":["Compile Driver","Rip and Tear"],"picked":"White Noise","floor":11},{"not_picked":["Compile Driver","BootSequence","Scrape"],"picked":"SKIP","floor":14},{"not_picked":["Steam","Melter"],"picked":"Tempest","floor":15},{"not_picked":["Core Surge","Fission"],"picked":"Machine Learning","floor":16},{"not_picked":["Go for the Eyes+1","Leap+1","Stack"],"picked":"SKIP","floor":18},{"not_picked":["Beam Cell+1","Leap+1"],"picked":"Conserve Battery+1","floor":20}],"player_experience":96753,"relics_obtained":[{"floor":7,"key":"Centennial Puzzle"},{"floor":9,"key":"Dream Catcher"},{"floor":11,"key":"Smiling Mask"}],"event_choices":[{"cards_removed":["Strike_B"],"damage_healed":0,"gold_gain":0,"player_choice":"Forget","damage_taken":0,"max_hp_gain":0,"max_hp_loss":0,"event_name":"Living Wall","floor":3,"gold_loss":0},{"damage_healed":0,"gold_gain":0,"player_choice":"Donut","damage_taken":0,"max_hp_gain":5,"max_hp_loss":0,"event_name":"Big Fish","floor":5,"gold_loss":0}],"is_beta":false,"boss_relics":[{"not_picked":["Tiny House","Black Star"],"picked":"Pandora\u0027s Box"}],"items_purged_floors":[10,19],"is_endless":false,"potions_floor_spawned":[1,7,11,14,18],"killed_by":"2 Thieves","ascension_level":3}}