{"host":"c6u7e77myxvw4d0m","time":1612465903,"event":{"mods":["AchievementEnabler","BaseMod","Bestiary","Colored Map","Colored Powertips","Minty Spire (QoL Compilation)","Rare Cards Sparkle","Relic Stats","everything is the same but u backflip on backflip"],"gold_per_floor":[213,213,232,232,255,298,312,312,312,52,67,81,2,17,17,113,113,126,174,188,113,132,132,26,57,57,57,57],"floor_reached":27,"language":"ENG","playtime":1746,"items_purged":["Injury"],"score":474,"play_id":"616d22d5-e24b-43bd-a328-a8043df374d6","local_time":"20210204211143","is_ascension_mode":true,"campfire_choices":[{"data":"Bane","floor":8.0,"key":"SMITH"},{"data":"HandOfGreed","floor":15,"key":"SMITH"},{"data":"Neutralize","floor":23,"key":"SMITH"}],"circlet_count":0,"master_deck":["AscendersBane","Strike_G","Strike_G","Strike_G","Strike_G","Defend_G","Defend_G","Defend_G","Defend_G","Defend_G","Survivor","Neutralize+1","Poisoned Stab+1","Bane+1","Bouncing Flask","Flying Knee","Predator","HandOfGreed+1","After Image+1","Bane","Backstab","Cloak And Dagger","After Image+1","Noxious Fumes+1","Flechettes","Noxious Fumes+1","Bandage Up","Corpse Explosion"],"relics":["Ring of the Snake","Golden Idol","Thread and Needle","Frozen Egg 2","Sozu","Eternal Feather","Pocketwatch"],"acts_visited":["Exordium","TheCity"],"potions_floor_usage":[14,16,25],"damage_taken":[{"damage":1.0,"enemies":"Small Slimes","floor":1.0,"turns":4.0},{"damage":3.0,"enemies":"2 Louse","floor":3.0,"turns":3.0},{"damage":0.0,"enemies":"Cultist","floor":5.0,"turns":3.0},{"damage":22.0,"enemies":"3 Sentries","floor":6.0,"turns":8.0},{"damage":0.0,"enemies":"Exordium Thugs","floor":7.0,"turns":4.0},{"damage":1.0,"enemies":"2 Fungi Beasts","floor":11.0,"turns":3.0},{"damage":0,"enemies":"Red Slaver","floor":12,"turns":3},{"damage":0,"enemies":"Large Slime","floor":14,"turns":5},{"damage":19,"enemies":"The Guardian","floor":16,"turns":12},{"damage":0,"enemies":"Shell Parasite","floor":18,"turns":4},{"damage":0,"enemies":"Chosen","floor":19,"turns":3},{"damage":1,"enemies":"Snecko","floor":20,"turns":5},{"damage":9,"enemies":"3 Cultists","floor":22,"turns":6},{"damage":45,"enemies":"Slavers","floor":25,"turns":7},{"damage":8,"enemies":"Snake Plant","floor":27,"turns":2}],"seed_played":"6556977036692916332","potions_obtained":[{"floor":5.0,"key":"EntropicBrew"},{"floor":7.0,"key":"Dexterity Potion"},{"floor":11.0,"key":"GamblersBrew"},{"floor":16,"key":"EssenceOfSteel"}],"is_trial":false,"path_per_floor":["M","?","M","?","M","E","M","R","T","$","M","M","$","M","R","B",null,"M","M","M","?","M","R","$","E","T","M"],"character_chosen":"THE_SILENT","items_purchased":["HandOfGreed","Backstab","Bandage Up"],"campfire_rested":0,"item_purchase_floors":[10,13,24],"current_hp_per_floor":[58,58,55,55,55,33,33,33,33,33,32,32,32,32,32,13,53,53,53,52,52,43,43,43,2,2,0,0],"gold":57,"neow_bonus":"HUNDRED_GOLD","is_daily":false,"chose_seed":false,"campfire_upgraded":3,"win_rate":0.0,"timestamp":1612465903,"path_taken":["M","?","M","?","?","E","M","R","T","?","M","M","$","M","R","BOSS","M","M","M","?","M","R","$","E","T","M"],"items_purchased_type":["Card","Card","Card"],"build_version":"2020-12-22","purchased_purges":1,"victory":false,"max_hp_per_floor":[66,66,66,66,66,66,66,66,66,66,66,66,66,66,66,66,66,66,66,66,66,66,66,66,66,66,66,66],"relic_stats":{"Sozu":3,"counters":[15,72],"Golden Idol":70,"Eternal Feather":0,"obtain_stats":[{"Sozu":17,"Golden Idol":2,"Thread and Needle":6,"Eternal Feather":25,"Frozen Egg 2":9,"Ring of the Snake":0,"Pocketwatch":26},{"Sozu":9,"Golden Idol":1,"Thread and Needle":4,"Eternal Feather":14,"Frozen Egg 2":5,"Ring of the Snake":0,"Pocketwatch":14},{"Sozu":45,"Golden Idol":4,"Thread and Needle":18,"Eternal Feather":70,"Frozen Egg 2":22,"Ring of the Snake":0,"Pocketwatch":70}],"Ring of the Snake":[30],"Pocketwatch":[0]},"card_choices":[{"not_picked":["Endless Agony","Underhanded Strike"],"picked":"Poisoned Stab","floor":1.0},{"not_picked":["Backstab","Flying Knee"],"picked":"Bane","floor":3.0},{"not_picked":["Sucker Punch","Backflip"],"picked":"Bouncing Flask","floor":5.0},{"not_picked":["Eviscerate","Underhanded Strike"],"picked":"Flying Knee","floor":6.0},{"not_picked":["PiercingWail","Masterful Stab"],"picked":"Predator","floor":7.0},{"not_picked":["Blade Dance","Flying Knee"],"picked":"After Image+1","floor":11.0},{"not_picked":["Acrobatics","Eviscerate"],"picked":"Bane","floor":12},{"not_picked":["Infinite Blades+1","Distraction"],"picked":"Cloak And Dagger","floor":14},{"not_picked":["Adrenaline","Die Die Die"],"picked":"After Image+1","floor":16},{"not_picked":["Prepared","Finisher"],"picked":"Noxious Fumes+1","floor":18},{"not_picked":["Riddle With Holes","Masterful Stab","Outmaneuver"],"picked":"SKIP","floor":19},{"not_picked":["Dodge and Roll","Finisher+1"],"picked":"Flechettes","floor":20},{"not_picked":["Eviscerate+1","Dagger Spray"],"picked":"Noxious Fumes+1","floor":22},{"not_picked":["Backflip+1","Infinite Blades+1"],"picked":"Corpse Explosion","floor":25}],"player_experience":669511,"relics_obtained":[{"floor":6.0,"key":"Thread and Needle"},{"floor":9.0,"key":"Frozen Egg 2"},{"floor":25,"key":"Eternal Feather"},{"floor":26,"key":"Pocketwatch"}],"event_choices":[{"damage_healed":0.0,"max_hp_gain":0.0,"max_hp_loss":0.0,"gold_gain":0.0,"event_name":"Golden Idol","player_choice":"Take Wound","floor":2.0,"gold_loss":0.0,"damage_taken":0.0,"relics_obtained":["Golden Idol"],"cards_obtained":["Injury"]},{"damage_healed":0.0,"max_hp_gain":0.0,"max_hp_loss":0.0,"gold_gain":0.0,"event_name":"Upgrade Shrine","player_choice":"Upgraded","floor":4.0,"gold_loss":0.0,"damage_taken":0.0,"cards_upgraded":["Poisoned Stab"]},{"cards_removed":["Strike_G"],"damage_healed":0,"gold_gain":0,"player_choice":"Gave Gold","damage_taken":0,"max_hp_gain":0,"max_hp_loss":0,"event_name":"Beggar","floor":21,"gold_loss":75}],"is_beta":false,"boss_relics":[{"not_picked":["Calling Bell","Philosopher\u0027s Stone"],"picked":"Sozu"}],"items_purged_floors":[10],"is_endless":false,"potions_floor_spawned":[5,7,11,16,19,22,25],"killed_by":"Snake Plant","ascension_level":20}}