{"host":"6fkscwgr344hcmao","time":1612452587,"event":{"mods":["2.2 Compatiblity","AchievementEnabler","BaseMod","Colored Map","Highlight Path","Minty Spire (QoL Compilation)","Random Character Button","Rare Cards Sparkle"],"gold_per_floor":[110,110,110,110,131,131,154,154,154,190,213,213,213],"floor_reached":12,"language":"POL","playtime":416,"items_purged":[],"score":78,"play_id":"86d084cd-337b-453e-8a59-8ec9c4ed4090","local_time":"20210204162946","is_ascension_mode":false,"campfire_choices":[{"data":"Cloak And Dagger","floor":6,"key":"SMITH"},{"data":"Escape Plan","floor":8,"key":"SMITH"}],"circlet_count":0,"master_deck":["Strike_G","Strike_G","Strike_G","Strike_G","Defend_G","Defend_G","Defend_G","Defend_G","Defend_G","Survivor","Neutralize","Cloak And Dagger","Cloak And Dagger+1","Escape Plan+1","Prepared"],"relics":["Coffee Dripper","Golden Idol","CaptainsWheel","Singing Bowl","Peace Pipe"],"acts_visited":["Exordium"],"potions_floor_usage":[],"damage_taken":[{"damage":0,"enemies":"Cultist","floor":1,"turns":4},{"damage":0,"enemies":"Small Slimes","floor":5,"turns":4},{"damage":0,"enemies":"2 Louse","floor":7,"turns":2},{"damage":41,"enemies":"Gremlin Nob","floor":10,"turns":6},{"damage":2,"enemies":"Large Slime","floor":11,"turns":9},{"damage":7,"enemies":"Lagavulin","floor":12,"turns":6}],"seed_played":"3245536903936602942","potions_obtained":[{"floor":5,"key":"LiquidMemories"},{"floor":10,"key":"DistilledChaos"}],"is_trial":false,"path_per_floor":["M","?","?","?","M","R","M","R","T","E","M","E"],"character_chosen":"THE_SILENT","items_purchased":[],"campfire_rested":0,"item_purchase_floors":[],"current_hp_per_floor":[70,63,63,45,45,45,45,45,45,6,4,0,0],"gold":213,"neow_bonus":"BOSS_RELIC","is_daily":false,"chose_seed":false,"campfire_upgraded":2,"win_rate":0.0,"timestamp":1612452586,"path_taken":["M","?","?","?","M","R","M","R","T","E","M","E"],"items_purchased_type":[],"build_version":"2020-12-22","purchased_purges":0,"victory":false,"max_hp_per_floor":[70,70,65,65,65,65,65,65,65,67,67,67,67],"card_choices":[{"not_picked":["Acrobatics","Dagger Spray"],"picked":"Cloak And Dagger","floor":1},{"not_picked":["Deflect","Flechettes"],"picked":"Cloak And Dagger","floor":5},{"not_picked":["Terror","Quick Slash"],"picked":"Escape Plan","floor":7},{"not_picked":["Terror","Sucker Punch","Reflex"],"picked":"Singing Bowl","floor":10},{"not_picked":["Setup","Blade Dance"],"picked":"Prepared","floor":11}],"player_experience":226535,"relics_obtained":[{"floor":9,"key":"Singing Bowl"},{"floor":10,"key":"Peace Pipe"}],"event_choices":[{"cards_removed":["Strike_G"],"damage_healed":0,"gold_gain":0,"player_choice":"Card Removal","damage_taken":7,"max_hp_gain":0,"max_hp_loss":0,"event_name":"Golden Wing","floor":2,"gold_loss":0},{"damage_healed":0,"gold_gain":0,"player_choice":"Lose Max HP","damage_taken":0,"relics_obtained":["Golden Idol"],"max_hp_gain":0,"max_hp_loss":5,"event_name":"Golden Idol","floor":3,"gold_loss":0},{"damage_healed":0,"gold_gain":0,"player_choice":"Success","damage_taken":18,"relics_obtained":["CaptainsWheel"],"max_hp_gain":0,"max_hp_loss":0,"event_name":"Scrap Ooze","floor":4,"gold_loss":0}],"is_beta":false,"boss_relics":[],"items_purged_floors":[],"is_endless":false,"potions_floor_spawned":[5,10],"killed_by":"Lagavulin","ascension_level":0}}