{"host":"vhw5fdvi8l2afono","time":1612442014,"event":{"mods":["100% Spire Juice","Act Like it!","BaseMod","Gensokyo","Minty Spire (QoL Compilation)","Reimu£®≤©¿ˆ¡È√Œ£©","Shop Mod","StSLib","Waifu the Spire","[IsaacMod]“‘»ˆº‚À˛","°æ“≈ŒÔø®≈∆°øREMEMod"],"gold_per_floor":[160,177,177,190,203,203,238,238,263,297,313,335,335,364,364,462,462,481,512,281,291,304,339,358,223,223,223,223,98,109,140,140,240,240,260,276,326,336,21,48,48,64,64,83,94,94,94,112,112,112],"floor_reached":51,"language":"ZHS","playtime":2809,"items_purged":["Strike_Lin:ReiMu","Strike_Lin:ReiMu","Strike_Lin:ReiMu"],"score":1024,"play_id":"e3da520f-52f8-408d-a40b-ce9dd54ef08f","local_time":"20210204203334","is_ascension_mode":true,"campfire_choices":[{"data":"TightArray:ReiMu","floor":6,"key":"SMITH"},{"data":"PhosphorusFlame:ReiMu","floor":8,"key":"SMITH"},{"data":"Gensokyo:Dawn","floor":13,"key":"SMITH"},{"data":"KyokaiOfKami:ReiMu","floor":15,"key":"SMITH"},{"data":"ShadowOfCrow2:ReiMu","floor":28,"key":"SMITH"},{"data":"SubcavityInstant:ReiMu","floor":32,"key":"SMITH"},{"data":"FoulBorder2:ReiMu","floor":41,"key":"SMITH"},{"data":"YinYangSign:ReiMu","floor":47,"key":"SMITH"},{"data":"KamiRite:ReiMu","floor":49,"key":"SMITH"}],"circlet_count":0,"master_deck":["Defend_Lin:ReiMu+1","Defend_Lin:ReiMu","Defend_Lin:ReiMu","NB:ReiMu","Stagnation:ReiMu","Gensokyo:Dawn+1","TightArray:ReiMu+1","KyokaiOfKami:ReiMu+1","RainPray2:ReiMu","PhosphorusFlame:ReiMu+1","SpiritualOutbreak2:ReiMu","SubcavityInstant:ReiMu+1","AirManeuver:ReiMu","RainPray2:ReiMu","ShadowOfCrow2:ReiMu+1","KamiRite:ReiMu+1","FoulBorder2:ReiMu+1","YinYangSign:ReiMu+1","RainPray2:ReiMu","SubcavityInstant:ReiMu+1"],"relics":["REME_ComplimentaryCards","HushsDoor","Leech","Tiny House","Omamori","Toy Ornithopter","Bow_fan:ReiMu","Odd Mushroom","Meat on the Bone","DonationBox:ReiMu","Red Mask","ClockworkSouvenir","Torii","Tea:ReiMu","BookofShadows","Empty Cage","YumHeart","FadedRune:ReiMu","Blue Candle","CeramicFish"],"acts_visited":["Exordium","TheCity","TheBeyond"],"potions_floor_usage":[5,5,7,12,22,23,31,38,44,48],"damage_taken":[{"damage":0,"enemies":"2 Louse","floor":1,"turns":2},{"damage":2,"enemies":"Cultist","floor":2,"turns":4},{"damage":1,"enemies":"Small Slimes","floor":4,"turns":3},{"damage":2,"enemies":"Exordium Wildlife","floor":5,"turns":3},{"damage":20,"enemies":"Gremlin Nob","floor":7,"turns":4},{"damage":7,"enemies":"Lagavulin","floor":10,"turns":6},{"damage":6,"enemies":"Looter","floor":11,"turns":3},{"damage":1,"enemies":"The Mushroom Lair","floor":12,"turns":2},{"damage":17,"enemies":"Gremlin Nob","floor":14,"turns":3},{"damage":18,"enemies":"The Guardian","floor":16,"turns":8},{"damage":17,"enemies":"2 Thieves","floor":18,"turns":3},{"damage":18,"enemies":"Masked Bandits","floor":19,"turns":4},{"damage":0,"enemies":"Chosen","floor":21,"turns":4},{"damage":20,"enemies":"Centurion and Healer","floor":22,"turns":6},{"damage":13,"enemies":"Slavers","floor":23,"turns":4},{"damage":1,"enemies":"Snake Plant","floor":24,"turns":4},{"damage":0,"enemies":"Chosen and Byrds","floor":30,"turns":4},{"damage":8,"enemies":"Gremlin Leader","floor":31,"turns":6},{"damage":12,"enemies":"Automaton","floor":33,"turns":9},{"damage":15,"enemies":"3 Darklings","floor":35,"turns":4},{"damage":1,"enemies":"3 Shapes","floor":36,"turns":5},{"damage":0,"enemies":"Mind Bloom Boss Battle","floor":37,"turns":10},{"damage":31,"enemies":"Sphere and 2 Shapes","floor":38,"turns":6},{"damage":21,"enemies":"Nemesis","floor":40,"turns":7},{"damage":17,"enemies":"Jaw Worm Horde","floor":42,"turns":4},{"damage":1,"enemies":"Writhing Mass","floor":44,"turns":5},{"damage":6,"enemies":"Spire Growth","floor":45,"turns":5},{"damage":21,"enemies":"Transient","floor":48,"turns":5},{"damage":47,"enemies":"Time Eater","floor":50,"turns":12}],"seed_played":"-7307593566582474660","potions_obtained":[{"floor":0,"key":"Weak Potion"},{"floor":1,"key":"LiquidBronze"},{"floor":2,"key":"Explosive Potion"},{"floor":10,"key":"FairyPotion"},{"floor":11,"key":"Explosive Potion"},{"floor":14,"key":"GrandPatriotsElixir:ReiMu"},{"floor":16,"key":"DistilledChaos"},{"floor":23,"key":"Weak Potion"},{"floor":30,"key":"Weak Potion"},{"floor":36,"key":"LiquidBronze"},{"floor":45,"key":"Weak Potion"}],"is_trial":false,"path_per_floor":["M","M","?","M","M","R","E","R","T","E","M","?","R","E","R","B",null,"M","?","$","M","M","E","M","$","T","?","R","$","M","E","R","B",null,"M","M","?","M","$","E","R","M","T","M","M","?","R","M","R","B",null],"character_chosen":"REIMU","items_purchased":["ClockworkSouvenir","ShadowOfCrow2:ReiMu","YinYangSign:ReiMu","FadedRune:ReiMu"],"campfire_rested":0,"item_purchase_floors":[20,25,39,39],"current_hp_per_floor":[65,66,66,68,68,68,52,52,52,50,46,52,52,37,37,37,62,48,45,45,48,38,46,48,48,48,48,48,48,51,53,53,47,64,53,56,62,42,42,39,60,46,46,54,52,52,52,41,41,37],"gold":112,"neow_bonus":"BOSS_RELIC","is_daily":false,"chose_seed":false,"campfire_upgraded":9,"win_rate":0.0,"timestamp":1612442014,"path_taken":["M","M","?","M","M","R","E","R","T","E","M","?","R","E","R","BOSS","M","?","$","M","M","E","M","$","T","?","R","$","M","E","R","BOSS","M","M","?","M","$","E","R","M","T","M","M","?","R","M","R","BOSS"],"items_purchased_type":["Relic","Card","Card","Relic"],"build_version":"2020-12-22","purchased_purges":3,"victory":true,"max_hp_per_floor":[70,70,70,70,70,70,70,70,70,70,70,70,70,70,70,70,70,70,70,70,70,70,70,70,70,70,70,70,70,70,70,70,70,70,70,70,70,70,70,70,70,70,70,70,70,70,70,70,70,70],"card_choices":[{"not_picked":["AlertArray:ReiMu","Amulet:ReiMu"],"picked":"TightArray:ReiMu","floor":0},{"not_picked":["ManaGlint:ReiMu","Amulet:ReiMu"],"picked":"KyokaiOfKami:ReiMu","floor":1},{"not_picked":["YinYangSange:ReiMu","Enchanting:ReiMu"],"picked":"RainPray2:ReiMu","floor":2},{"not_picked":["Meditation:ReiMu","SubcavityInstant:ReiMu","EmergencyTakeOff:ReiMu"],"picked":"SKIP","floor":4},{"not_picked":["Intuition:ReiMu","SafetyPray:ReiMu","UniversalSpiritual:ReiMu"],"picked":"SKIP","floor":5},{"not_picked":["SafetyPray:ReiMu","RunawayExorcism:ReiMu"],"picked":"PhosphorusFlame:ReiMu","floor":7},{"not_picked":["DoubleButterfly:ReiMu","InherentArray:ReiMu"],"picked":"SpiritualOutbreak2:ReiMu","floor":10},{"not_picked":["CareerPray:ReiMu","OrbThrow:ReiMu"],"picked":"SubcavityInstant:ReiMu","floor":11},{"not_picked":["Meditation:ReiMu","MikOfLucky:ReiMu"],"picked":"AirManeuver:ReiMu","floor":14},{"not_picked":["Conquer:ReiMu+1","KamiSacrifice:ReiMu","Amulet:ReiMu"],"picked":"SKIP","floor":18},{"not_picked":["Meditation:ReiMu","AirStrike:ReiMu","KyokaiOfKami:ReiMu"],"picked":"SKIP","floor":21},{"not_picked":["SubAcupoint:ReiMu","LovePray:ReiMu+1"],"picked":"RainPray2:ReiMu","floor":22},{"not_picked":["OctopathSalyBorderN:ReiMu","EmergencyTakeOff:ReiMu","SpreadBorder2:ReiMu"],"picked":"SKIP","floor":23},{"not_picked":["Amulet:ReiMu","SpreadBorder2:ReiMu","ForcedLanding:ReiMu+1"],"picked":"SKIP","floor":24},{"not_picked":["SealNeedle:ReiMu","AirStrike:ReiMu","NineCharacters:ReiMu"],"picked":"SKIP","floor":30},{"not_picked":["AirManeuver:ReiMu+1","FantasyBorder:ReiMu","WonderfulDomain:ReiMu"],"picked":"SKIP","floor":31},{"not_picked":["Shading:ReiMu","SubcavityFantasy:ReiMu"],"picked":"KamiRite:ReiMu","floor":33},{"not_picked":["EmergencyTakeOff:ReiMu","Enchanting:ReiMu"],"picked":"FoulBorder2:ReiMu","floor":35},{"not_picked":["CollectionFlower2:ReiMu","Crusade:ReiMu","Amulet:ReiMu"],"picked":"SKIP","floor":36},{"not_picked":["Amulet:ReiMu+1","AirManeuver:ReiMu","AlertArray:ReiMu"],"picked":"SKIP","floor":38},{"not_picked":["ForcedLanding:ReiMu+1","BlastKick2:ReiMu"],"picked":"RainPray2:ReiMu","floor":40},{"not_picked":["Dreaming2:ReiMu+1","Enchanting:ReiMu","Amulet:ReiMu"],"picked":"SKIP","floor":42},{"not_picked":["Dreaming2:ReiMu+1","SpreadBorder2:ReiMu+1"],"picked":"SubcavityInstant:ReiMu+1","floor":44},{"not_picked":["CareerPray:ReiMu+1","SpiritualOutbreak2:ReiMu+1","AlertArray:ReiMu"],"picked":"SKIP","floor":45},{"not_picked":["AlertArray:ReiMu","Conquer:ReiMu","TakeOff:ReiMu+1"],"picked":"SKIP","floor":48}],"player_experience":251651,"relics_obtained":[{"floor":7,"key":"Omamori"},{"floor":9,"key":"Toy Ornithopter"},{"floor":10,"key":"Bow_fan:ReiMu"},{"floor":12,"key":"Odd Mushroom"},{"floor":14,"key":"Meat on the Bone"},{"floor":19,"key":"Red Mask"},{"floor":23,"key":"Torii"},{"floor":26,"key":"Tea:ReiMu"},{"floor":31,"key":"BookofShadows"},{"floor":37,"key":"YumHeart"},{"floor":40,"key":"Blue Candle"},{"floor":43,"key":"CeramicFish"}],"event_choices":[{"damage_healed":0,"gold_gain":0,"player_choice":"Fought Mushrooms","damage_taken":0,"max_hp_gain":0,"max_hp_loss":0,"event_name":"Mushrooms","floor":12,"gold_loss":0},{"damage_healed":0,"gold_gain":0,"player_choice":"Fought Bandits","damage_taken":0,"max_hp_gain":0,"max_hp_loss":0,"event_name":"Masked Bandits","floor":19,"gold_loss":0},{"damage_healed":0,"gold_gain":0,"player_choice":"Ignored","damage_taken":0,"max_hp_gain":0,"max_hp_loss":0,"event_name":"Vampires","floor":27,"gold_loss":0},{"damage_healed":0,"gold_gain":0,"player_choice":"Fight","damage_taken":0,"max_hp_gain":0,"max_hp_loss":0,"event_name":"MindBloom","floor":37,"gold_loss":0},{"damage_healed":0,"gold_gain":0,"player_choice":"Memory 1","damage_taken":0,"max_hp_gain":0,"max_hp_loss":0,"event_name":"SensoryStone","floor":46,"gold_loss":0}],"is_beta":false,"boss_relics":[{"not_picked":["Cursed Key","REME_DemonsWealth"],"picked":"DonationBox:ReiMu"},{"not_picked":[]},{"not_picked":["Coffee Dripper","Sozu"],"picked":"Empty Cage"},{"not_picked":[]}],"items_purged_floors":[20,25,29],"is_endless":false,"potions_floor_spawned":[1,2,4,10,11,14,16,18,23,30,36,37,38,45],"ascension_level":9}}