{"host":"Ovy","time":1612478465,"event":{"mods":["BaseMod","Minty Spire (QoL Compilation)","Relic Stats"],"gold_per_floor":[15,15,15,28,28,28,45,80,151,185,195,214,242,252,252,329,329,339,339,359,20,38,73,73,73,73,73,108,108,78,106,106,180,180,191,191,206,217,150,184,184,217,217,250,296,296,313,235,235,235,235,235],"floor_reached":51,"language":"ENG","playtime":2859,"items_purged":["Strike_G","Flechettes"],"score":1772,"play_id":"ba46023a-82c4-4817-8d2f-fc63bbd883bc","local_time":"20210204174105","is_ascension_mode":true,"campfire_choices":[{"data":"Accuracy","floor":6,"key":"SMITH"},{"data":"Blade Dance","floor":15,"key":"SMITH"},{"data":"1","floor":24,"key":"LIFT"},{"data":"2","floor":27,"key":"LIFT"},{"data":"3","floor":29,"key":"LIFT"},{"floor":32,"key":"RECALL"},{"floor":41,"key":"REST"},{"floor":49,"key":"REST"}],"circlet_count":0,"master_deck":["AscendersBane","Defend_G","Defend_G","Defend_G","Defend_G","Defend_G","Survivor","Neutralize","Die Die Die","Accuracy+1","Blade Dance+1","Infinite Blades","Terror","Adrenaline","Backflip","Tools of the Trade+1","Phantasmal Killer","Accuracy+1","Footwork+1","Blade Dance","Tools of the Trade+1","After Image+1","Acrobatics","Blade Dance","Dodge and Roll","Footwork+1","After Image+1","After Image+1","Deflect"],"relics":["Ring of the Snake","Snake Skull","Kunai","Frozen Egg 2","Letter Opener","Fusion Hammer","Membership Card","Vajra","Girya","Darkstone Periapt","MealTicket","WristBlade","Anchor","Gambling Chip","Smiling Mask","Centennial Puzzle","Dream Catcher"],"acts_visited":["Exordium","TheCity","TheBeyond"],"potions_floor_usage":[13,18,20,28,33,42,50,51],"damage_taken":[{"damage":0,"enemies":"2 Louse","floor":1,"turns":3},{"damage":0,"enemies":"Small Slimes","floor":4,"turns":2},{"damage":0,"enemies":"Jaw Worm","floor":7,"turns":5},{"damage":0,"enemies":"Gremlin Nob","floor":8,"turns":3},{"damage":5,"enemies":"3 Sentries","floor":10,"turns":5},{"damage":1,"enemies":"2 Fungi Beasts","floor":11,"turns":3},{"damage":0,"enemies":"Large Slime","floor":12,"turns":5},{"damage":0,"enemies":"Lagavulin","floor":13,"turns":3},{"damage":0,"enemies":"Exordium Thugs","floor":14,"turns":3},{"damage":30,"enemies":"The Guardian","floor":16,"turns":8},{"damage":0,"enemies":"Spheric Guardian","floor":18,"turns":3},{"damage":0,"enemies":"Chosen","floor":20,"turns":3},{"damage":0,"enemies":"3 Cultists","floor":22,"turns":3},{"damage":1,"enemies":"Gremlin Leader","floor":23,"turns":4},{"damage":0,"enemies":"Book of Stabbing","floor":28,"turns":2},{"damage":3,"enemies":"Gremlin Leader","floor":31,"turns":3},{"damage":7,"enemies":"Collector","floor":33,"turns":4},{"damage":1,"enemies":"3 Shapes","floor":35,"turns":3},{"damage":0,"enemies":"Orb Walker","floor":37,"turns":2},{"damage":0,"enemies":"Transient","floor":38,"turns":4},{"damage":8,"enemies":"Nemesis","floor":40,"turns":3},{"damage":0,"enemies":"Reptomancer","floor":42,"turns":3},{"damage":0,"enemies":"Giant Head","floor":44,"turns":3},{"damage":2,"enemies":"Writhing Mass","floor":47,"turns":5},{"damage":33,"enemies":"Time Eater","floor":50,"turns":6},{"damage":50,"enemies":"Awakened One","floor":51,"turns":5}],"seed_played":"2582812638556431838","potions_obtained":[{"floor":1,"key":"Fire Potion"},{"floor":4,"key":"LiquidBronze"},{"floor":11,"key":"Poison Potion"},{"floor":16,"key":"SneckoOil"},{"floor":20,"key":"BlessingOfTheForge"},{"floor":23,"key":"Block Potion"},{"floor":30,"key":"AttackPotion"},{"floor":33,"key":"LiquidMemories"},{"floor":44,"key":"Fire Potion"}],"is_trial":false,"path_per_floor":["M","?","?","M","?","R","M","E","T","E","M","M","E","M","R","B",null,"M","?","M","$","M","E","R","?","T","R","E","R","?","E","R","B",null,"M","?","M","M","$","E","R","E","T","E","T","?","M","$","R","B","B"],"character_chosen":"THE_SILENT","items_purchased":["Membership Card","Footwork+1","Blade Dance","Vajra","Dodge and Roll","Footwork+1","Weak Potion"],"campfire_rested":2,"item_purchase_floors":[21,21,21,21,39,39,48],"current_hp_per_floor":[59,59,64,64,57,57,57,57,57,52,51,51,51,51,51,21,59,59,39,39,39,39,38,38,38,38,38,38,38,38,35,35,28,64,63,63,63,63,76,68,76,76,76,76,76,76,74,76,76,43,0,0],"gold":235,"neow_bonus":"TRANSFORM_TWO_CARDS","is_daily":false,"chose_seed":false,"campfire_upgraded":2,"win_rate":0.0,"timestamp":1612478465,"path_taken":["M","?","?","M","?","R","M","E","T","E","M","M","E","M","R","BOSS","M","?","M","$","M","E","R","?","T","R","E","R","?","E","R","BOSS","M","?","?","M","$","E","R","E","T","E","?","?","?","$","R","BOSS","BOSS"],"items_purchased_type":["Relic","Card","Card","Relic","Card","Card","Potion"],"build_version":"2020-12-18","purchased_purges":2,"victory":false,"max_hp_per_floor":[66,66,71,71,71,71,71,71,71,71,71,71,71,71,71,71,71,71,76,76,76,76,76,76,76,76,76,76,76,76,76,76,76,76,76,76,76,76,76,76,76,76,76,76,76,76,76,76,76,76,76,76],"relic_stats":{"Darkstone Periapt":0,"Centennial Puzzle":[9],"Dream Catcher":1,"counters":[26,96],"Gambling Chip":[7],"MealTicket":15,"Snake Skull":[1],"Kunai":[56],"Letter Opener":[137],"Smiling Mask":0,"obtain_stats":[{"Darkstone Periapt":28,"Girya":23,"Vajra":21,"Snake Skull":8,"Letter Opener":13,"Frozen Egg 2":10,"Smiling Mask":43,"Anchor":40,"Centennial Puzzle":44,"Dream Catcher":45,"WristBlade":34,"Gambling Chip":42,"MealTicket":31,"Fusion Hammer":17,"Kunai":9,"Membership Card":21,"Ring of the Snake":0},{"Darkstone Periapt":15,"Girya":14,"Vajra":12,"Snake Skull":4,"Letter Opener":8,"Frozen Egg 2":5,"Smiling Mask":22,"Anchor":21,"Centennial Puzzle":23,"Dream Catcher":23,"WristBlade":17,"Gambling Chip":22,"MealTicket":16,"Fusion Hammer":10,"Kunai":4,"Membership Card":12,"Ring of the Snake":0},{"Darkstone Periapt":55,"Girya":53,"Vajra":46,"Snake Skull":13,"Letter Opener":29,"Frozen Egg 2":18,"Smiling Mask":77,"Anchor":74,"Centennial Puzzle":80,"Dream Catcher":80,"WristBlade":62,"Gambling Chip":77,"MealTicket":58,"Fusion Hammer":40,"Kunai":13,"Membership Card":46,"Ring of the Snake":0}],"Ring of the Snake":[52]},"card_choices":[{"not_picked":["Tactician","PiercingWail"],"picked":"Riddle With Holes","floor":1},{"not_picked":["Deadly Poison","Dodge and Roll"],"picked":"Infinite Blades","floor":4},{"not_picked":["Finisher","Prepared"],"picked":"Terror","floor":7},{"not_picked":["Calculated Gamble","Backflip"],"picked":"Adrenaline","floor":8},{"not_picked":["Prepared","PiercingWail","Tactician"],"picked":"SKIP","floor":10},{"not_picked":["Acrobatics","Outmaneuver"],"picked":"Backflip","floor":11},{"not_picked":["Dodge and Roll","Expertise","Distraction"],"picked":"SKIP","floor":12},{"not_picked":["Prepared","PiercingWail"],"picked":"Flechettes","floor":13},{"not_picked":["Slice","Poisoned Stab"],"picked":"Tools of the Trade+1","floor":14},{"not_picked":["Grand Finale","Unload"],"picked":"Phantasmal Killer","floor":16},{"not_picked":["Underhanded Strike","Crippling Poison","Sucker Punch"],"picked":"SKIP","floor":18},{"not_picked":["Quick Slash","Deflect"],"picked":"Accuracy+1","floor":20},{"not_picked":["Catalyst","Dagger Throw","Prepared"],"picked":"SKIP","floor":22},{"not_picked":["Reflex","Slice+1"],"picked":"Tools of the Trade+1","floor":23},{"not_picked":["Dagger Throw","Deadly Poison+1","Catalyst"],"picked":"SKIP","floor":28},{"not_picked":["Bane","Concentrate","Slice"],"picked":"SKIP","floor":31},{"not_picked":["Envenom+1","Storm of Steel"],"picked":"After Image+1","floor":33},{"not_picked":["Predator+1","Prepared"],"picked":"Acrobatics","floor":35},{"not_picked":["Prepared","Sucker Punch+1"],"picked":"Blade Dance","floor":37},{"not_picked":["Terror+1","Dagger Spray+1","Setup"],"picked":"SKIP","floor":38},{"not_picked":["Quick Slash","Accuracy+1","Bane"],"picked":"SKIP","floor":40},{"not_picked":["Slice","Sucker Punch","Unload"],"picked":"SKIP","floor":42},{"not_picked":["Skewer","Blade Dance"],"picked":"After Image+1","floor":44},{"not_picked":["Expertise+1","Outmaneuver","Riddle With Holes+1"],"picked":"SKIP","floor":47},{"not_picked":["Sucker Punch","Flying Knee"],"picked":"Deflect","floor":49}],"player_experience":1273417,"relics_obtained":[{"floor":8,"key":"Snake Skull"},{"floor":9,"key":"Kunai"},{"floor":10,"key":"Frozen Egg 2"},{"floor":13,"key":"Letter Opener"},{"floor":23,"key":"Girya"},{"floor":28,"key":"Darkstone Periapt"},{"floor":31,"key":"MealTicket"},{"floor":40,"key":"Anchor"},{"floor":42,"key":"Gambling Chip"},{"floor":43,"key":"Smiling Mask"},{"floor":44,"key":"Centennial Puzzle"},{"floor":45,"key":"Dream Catcher"}],"event_choices":[{"damage_healed":0,"gold_gain":0,"cards_transformed":["Strike_G"],"player_choice":"Change","damage_taken":0,"max_hp_gain":0,"max_hp_loss":0,"event_name":"Living Wall","floor":2,"gold_loss":0,"cards_obtained":["Blade Dance"]},{"damage_healed":0,"gold_gain":0,"player_choice":"Donut","damage_taken":0,"max_hp_gain":5,"max_hp_loss":0,"event_name":"Big Fish","floor":3,"gold_loss":0},{"cards_removed":["Strike_G"],"damage_healed":0,"gold_gain":0,"player_choice":"Card Removal","damage_taken":7,"max_hp_gain":0,"max_hp_loss":0,"event_name":"Golden Wing","floor":5,"gold_loss":0},{"damage_healed":0,"gold_gain":0,"player_choice":"Shed Blood","damage_taken":25,"max_hp_gain":5,"max_hp_loss":0,"event_name":"Forgotten Altar","floor":19,"gold_loss":0},{"damage_healed":0,"gold_gain":0,"player_choice":"Ignored","damage_taken":0,"max_hp_gain":0,"max_hp_loss":0,"event_name":"Vampires","floor":25,"gold_loss":0},{"damage_healed":0,"gold_gain":0,"player_choice":"Bought 2 Potions","damage_taken":0,"max_hp_gain":0,"max_hp_loss":0,"event_name":"The Woman in Blue","floor":30,"gold_loss":0},{"cards_removed":["Riddle With Holes"],"damage_healed":0,"gold_gain":0,"player_choice":"Purged","damage_taken":0,"max_hp_gain":0,"max_hp_loss":0,"event_name":"Purifier","floor":36,"gold_loss":0},{"damage_healed":0,"gold_gain":0,"player_choice":"Copied","damage_taken":0,"max_hp_gain":0,"max_hp_loss":0,"event_name":"Duplicator","floor":46,"gold_loss":0,"cards_obtained":["After Image"]}],"is_beta":true,"boss_relics":[{"not_picked":["Astrolabe","HoveringKite"],"picked":"Fusion Hammer"},{"not_picked":["Runic Dome","Snecko Eye"],"picked":"WristBlade"}],"items_purged_floors":[21,48],"is_endless":false,"potions_floor_spawned":[1,4,11,12,16,20,23,33,40,44],"killed_by":"Awakened One","ascension_level":20}}