{"host":"fj5i6t4nkss7815d","time":1612399360,"event":{"mods":["AchievementEnabler","BaseMod","Minty Spire (QoL Compilation)","Quick Restart","Relic Stats"],"gold_per_floor":[119,99,116,266,541,541,568,150,150,176,196,210,67,98,98,170,170,181,181,200,14,33,33,44,44,44,44,70,70,80,156,156,230,230,242,255,41,41,41,41,65,90,90,90,90,90],"floor_reached":45,"language":"ENG","playtime":1929,"items_purged":["Regret","Doubt","Grand Finale+1"],"score":922,"play_id":"c4c9e472-b72d-4031-9201-46bfabbddb7d","local_time":"20210203164240","is_ascension_mode":true,"campfire_choices":[{"data":"Bane","floor":6.0,"key":"SMITH"},{"data":"Noxious Fumes","floor":15.0,"key":"SMITH"},{"floor":23.0,"key":"REST"},{"data":"Envenom","floor":25.0,"key":"SMITH"},{"floor":27.0,"key":"REST"},{"floor":32.0,"key":"REST"},{"floor":40.0,"key":"REST"}],"circlet_count":0,"master_deck":["AscendersBane","Strike_G","Strike_G","Defend_G","Defend_G","Defend_G","Defend_G","Survivor","Neutralize","Blade Dance","Bane+1","Caltrops","Infinite Blades","Slice","Cloak And Dagger","Noxious Fumes+1","Infinite Blades","Poisoned Stab","Envenom+1","Dagger Spray","Corpse Explosion","Slice","Blade Dance","A Thousand Cuts","Backstab","Dagger Spray+1","Blade Dance","PiercingWail","Storm of Steel","Flying Knee+1","Distraction+1","Deflect+1","Accuracy","Slice+1"],"relics":["Ring of the Snake","NeowsBlessing","StoneCalendar","Ornamental Fan","Meat on the Bone","Anchor","Snake Skull","WristBlade","TwistedFunnel","Dream Catcher","Bronze Scales","NlothsMask","Astrolabe","Vajra","Pocketwatch","TungstenRod"],"acts_visited":["Exordium","TheCity","TheBeyond"],"potions_floor_usage":[45],"damage_taken":[{"damage":0.0,"enemies":"2 Louse","floor":1.0,"turns":1.0},{"damage":0.0,"enemies":"Cultist","floor":3.0,"turns":1.0},{"damage":0.0,"enemies":"Lagavulin","floor":7.0,"turns":1.0},{"damage":32.0,"enemies":"3 Sentries","floor":10.0,"turns":7.0},{"damage":2.0,"enemies":"Jaw Worm","floor":11.0,"turns":4.0},{"damage":1.0,"enemies":"Looter","floor":12.0,"turns":3.0},{"damage":5.0,"enemies":"Lagavulin","floor":14.0,"turns":6.0},{"damage":6.0,"enemies":"Slime Boss","floor":16.0,"turns":7.0},{"damage":1.0,"enemies":"2 Thieves","floor":18.0,"turns":4.0},{"damage":4.0,"enemies":"3 Byrds","floor":20.0,"turns":3.0},{"damage":35.0,"enemies":"Snake Plant","floor":22.0,"turns":4.0},{"damage":16.0,"enemies":"Snecko","floor":24.0,"turns":4.0},{"damage":9.0,"enemies":"Slavers","floor":28.0,"turns":2.0},{"damage":2.0,"enemies":"Chosen and Byrds","floor":30.0,"turns":3.0},{"damage":52.0,"enemies":"Automaton","floor":33.0,"turns":7.0},{"damage":7.0,"enemies":"Orb Walker","floor":35.0,"turns":2.0},{"damage":30.0,"enemies":"3 Darklings","floor":36.0,"turns":4.0},{"damage":8.0,"enemies":"Mind Bloom Boss Battle","floor":42.0,"turns":5.0},{"damage":44,"enemies":"Reptomancer","floor":45,"turns":2}],"seed_played":"-4220416288391003710","potions_obtained":[{"floor":1.0,"key":"DistilledChaos"},{"floor":2.0,"key":"GhostInAJar"},{"floor":7.0,"key":"Explosive Potion"},{"floor":11.0,"key":"SpeedPotion"},{"floor":18.0,"key":"Poison Potion"},{"floor":28.0,"key":"Strength Potion"},{"floor":42.0,"key":"SkillPotion"}],"is_trial":false,"path_per_floor":["M","?","M","?","?","R","E","$","T","E","M","M","$","E","R","B",null,"M","?","M","$","M","R","M","R","T","R","E","?","M","T","R","B",null,"M","M","$","?","$","R","T","?","T","?","E"],"character_chosen":"THE_SILENT","items_purchased":["Ornamental Fan","Infinite Blades","Infinite Blades","TwistedFunnel","Slice","Accuracy"],"campfire_rested":4,"item_purchase_floors":[8,8,13,21,21,37],"current_hp_per_floor":[59,59,59,59,59,59,59,59,59,39,37,36,36,43,43,37,59,58,58,54,54,31,50,34,34,34,53,44,44,42,42,61,21,55,48,30,30,30,30,49,49,41,41,41,0,0],"gold":90,"neow_bonus":"THREE_ENEMY_KILL","is_daily":false,"chose_seed":false,"campfire_upgraded":3,"win_rate":0.0,"timestamp":1612399360,"path_taken":["M","?","?","?","?","R","E","$","T","E","?","M","$","E","R","BOSS","M","?","M","$","?","R","M","R","T","R","E","?","?","?","R","BOSS","M","M","$","?","$","R","?","?","T","?","E"],"items_purchased_type":["Relic","Card","Card","Relic","Card","Card"],"build_version":"2020-12-22","purchased_purges":3,"victory":false,"max_hp_per_floor":[66,66,66,66,66,66,66,66,66,66,66,66,66,66,66,66,66,66,66,66,66,66,66,66,66,66,66,66,66,66,66,66,66,66,66,66,66,66,66,66,66,66,66,66,66,66],"relic_stats":{"Dream Catcher":3,"counters":[19,70],"Ornamental Fan":[196],"Bronze Scales":[83],"Astrolabe":["Flying Knee","Grand Finale","Distraction"],"StoneCalendar":[0],"Snake Skull":[106],"obtain_stats":[{"TwistedFunnel":21,"NeowsBlessing":0,"Astrolabe":34,"Vajra":41,"StoneCalendar":7,"Snake Skull":14,"Anchor":10,"Dream Catcher":26,"WristBlade":17,"Ornamental Fan":8,"Bronze Scales":28,"TungstenRod":43,"Ring of the Snake":0,"Meat on the Bone":9,"NlothsMask":29,"Pocketwatch":42},{"TwistedFunnel":10,"NeowsBlessing":0,"Astrolabe":15,"Vajra":17,"StoneCalendar":3,"Snake Skull":7,"Anchor":4,"Dream Catcher":12,"WristBlade":8,"Ornamental Fan":3,"Bronze Scales":13,"TungstenRod":18,"Ring of the Snake":0,"Meat on the Bone":3,"NlothsMask":13,"Pocketwatch":18},{"TwistedFunnel":37,"NeowsBlessing":0,"Astrolabe":57,"Vajra":63,"StoneCalendar":3,"Snake Skull":23,"Anchor":10,"Dream Catcher":45,"WristBlade":30,"Ornamental Fan":3,"Bronze Scales":47,"TungstenRod":68,"Ring of the Snake":0,"Meat on the Bone":3,"NlothsMask":47,"Pocketwatch":68}],"TungstenRod":3,"Ring of the Snake":[38],"Meat on the Bone":60,"Pocketwatch":[0]},"card_choices":[{"not_picked":["Blur","Concentrate"],"picked":"Blade Dance","floor":1.0},{"not_picked":["Sucker Punch","Expertise"],"picked":"Bane","floor":3.0},{"not_picked":["Tactician","Dodge and Roll"],"picked":"Caltrops","floor":7.0},{"not_picked":["Crippling Poison","Deflect"],"picked":"Slice","floor":10.0},{"not_picked":["Slice","Deflect"],"picked":"Cloak And Dagger","floor":11.0},{"not_picked":["Dagger Throw","Dagger Spray"],"picked":"Noxious Fumes","floor":12.0},{"not_picked":["Dodge and Roll","Well Laid Plans"],"picked":"Poisoned Stab","floor":14.0},{"not_picked":["Night Terror","Bullet Time"],"picked":"Envenom","floor":16.0},{"not_picked":["Dash","Deflect"],"picked":"Dagger Spray","floor":18.0},{"not_picked":["Dagger Spray","Sucker Punch"],"picked":"Slice","floor":20.0},{"not_picked":["Bane","Backflip"],"picked":"Blade Dance","floor":22.0},{"not_picked":["Flying Knee","Acrobatics"],"picked":"A Thousand Cuts","floor":24.0},{"not_picked":["Prepared","Poisoned Stab"],"picked":"Backstab","floor":27.0},{"not_picked":["Quick Slash","Blur"],"picked":"Dagger Spray+1","floor":28.0},{"not_picked":["Unload","Noxious Fumes+1"],"picked":"Blade Dance","floor":30.0},{"not_picked":["Deadly Poison","Dagger Throw"],"picked":"PiercingWail","floor":32.0},{"not_picked":["Corpse Explosion","Doppelganger"],"picked":"Storm of Steel","floor":33.0},{"not_picked":["Cloak And Dagger","Tactician","Blade Dance"],"picked":"SKIP","floor":35.0},{"not_picked":["Dodge and Roll+1","Deadly Poison"],"picked":"Deflect+1","floor":36.0},{"not_picked":["Poisoned Stab","Outmaneuver"],"picked":"Slice+1","floor":40.0}],"player_experience":1011146,"relics_obtained":[{"floor":7.0,"key":"StoneCalendar"},{"floor":9.0,"key":"Meat on the Bone"},{"floor":10.0,"key":"Anchor"},{"floor":14.0,"key":"Snake Skull"},{"floor":26.0,"key":"Dream Catcher"},{"floor":28.0,"key":"Bronze Scales"},{"floor":41.0,"key":"Vajra"},{"floor":42.0,"key":"Pocketwatch"},{"floor":43.0,"key":"TungstenRod"}],"event_choices":[{"damage_healed":0.0,"max_hp_gain":0.0,"max_hp_loss":0.0,"gold_gain":0.0,"event_name":"The Woman in Blue","player_choice":"Bought 1 Potion","floor":2.0,"gold_loss":0.0,"damage_taken":0.0},{"damage_healed":0.0,"max_hp_gain":0.0,"max_hp_loss":0.0,"gold_gain":150.0,"event_name":"Liars Game","player_choice":"AGREE","floor":4.0,"gold_loss":0.0,"damage_taken":0.0,"cards_obtained":["Doubt"]},{"damage_healed":0.0,"max_hp_gain":0.0,"max_hp_loss":0.0,"gold_gain":275.0,"event_name":"Golden Shrine","player_choice":"Desecrate","floor":5.0,"gold_loss":0.0,"damage_taken":0.0,"cards_obtained":["Regret"]},{"damage_healed":0.0,"max_hp_gain":0.0,"max_hp_loss":0.0,"gold_gain":0.0,"cards_transformed":["Strike_G"],"event_name":"Transmorgrifier","player_choice":"Transformed","floor":19.0,"gold_loss":0.0,"damage_taken":0.0,"cards_obtained":["Corpse Explosion"]},{"damage_healed":0.0,"max_hp_gain":0.0,"max_hp_loss":0.0,"gold_gain":0.0,"event_name":"FaceTrader","player_choice":"Trade","floor":29.0,"gold_loss":0.0,"damage_taken":0.0,"relics_obtained":["NlothsMask"]},{"cards_removed":["Slice"],"damage_healed":0.0,"max_hp_gain":0.0,"max_hp_loss":0.0,"gold_gain":0.0,"event_name":"Falling","player_choice":"Removed Attack","floor":38.0,"gold_loss":0.0,"damage_taken":0.0},{"damage_healed":0.0,"max_hp_gain":0.0,"max_hp_loss":0.0,"gold_gain":0.0,"event_name":"MindBloom","player_choice":"Fight","floor":42.0,"gold_loss":0.0,"damage_taken":0.0},{"damage_healed":0.0,"max_hp_gain":0.0,"max_hp_loss":0.0,"gold_gain":0.0,"event_name":"SensoryStone","player_choice":"Memory 1","floor":44.0,"gold_loss":0.0,"damage_taken":0.0}],"is_beta":false,"boss_relics":[{"not_picked":["Pandora\u0027s Box","HoveringKite"],"picked":"WristBlade"},{"not_picked":["SacredBark","Snecko Eye"],"picked":"Astrolabe"}],"items_purged_floors":[8,13,37],"is_endless":false,"potions_floor_spawned":[1,7,11,18,28,42],"killed_by":"Reptomancer","ascension_level":18}}