{"host":"3a1ypf1irl30q4k8","time":1612446843,"event":{"mods":["AchievementEnabler","BaseMod","Bestiary","Colored Map","Minty Spire (QoL Compilation)","Relic Stats","ojb\u0027s Info Mod"],"gold_per_floor":[169,183,197,197,217,217,243,253,331,346,346,346,346,365,365,365,365],"floor_reached":16,"language":"ENG","playtime":508,"items_purged":[],"score":130,"play_id":"82167f1d-82ac-44eb-8dbc-243eb4679267","local_time":"20210204135403","is_ascension_mode":true,"campfire_choices":[{"data":"Whirlwind","floor":6,"key":"SMITH"},{"floor":13,"key":"REST"},{"data":"Carnage","floor":15,"key":"SMITH"}],"circlet_count":0,"master_deck":["Strike_R","Strike_R","Strike_R","Strike_R","Defend_R","Defend_R","Defend_R+1","Defend_R","Bash","Carnage+1","Headbutt","Cleave","Whirlwind+1","Shrug It Off","Flex+1","Thunderclap","Sword Boomerang"],"relics":["Tiny House","Toxic Egg 2","Meat on the Bone","Self Forming Clay"],"acts_visited":["Exordium"],"potions_floor_usage":[7,16],"damage_taken":[{"damage":2,"enemies":"Jaw Worm","floor":1,"turns":4},{"damage":0,"enemies":"Small Slimes","floor":2,"turns":3},{"damage":3,"enemies":"2 Louse","floor":3,"turns":3},{"damage":0,"enemies":"2 Fungi Beasts","floor":5,"turns":2},{"damage":42,"enemies":"Lagavulin","floor":7,"turns":7},{"damage":13,"enemies":"Blue Slaver","floor":8,"turns":2},{"damage":3,"enemies":"Looter","floor":10,"turns":2},{"damage":28,"enemies":"Large Slime","floor":14,"turns":5},{"damage":36,"enemies":"The Guardian","floor":16,"turns":7}],"seed_played":"1107193008192277181","potions_obtained":[{"floor":0,"key":"ColorlessPotion"},{"floor":1,"key":"ColorlessPotion"},{"floor":3,"key":"LiquidBronze"},{"floor":5,"key":"HeartOfIron"},{"floor":14,"key":"FearPotion"}],"is_trial":false,"path_per_floor":["M","M","M","?","M","R","E","M","T","M","?","T","R","M","R","B"],"character_chosen":"IRONCLAD","items_purchased":[],"campfire_rested":1,"item_purchase_floors":[],"current_hp_per_floor":[83,83,80,73,73,73,31,18,18,27,27,27,52,36,36,0,0],"gold":365,"neow_bonus":"BOSS_RELIC","is_daily":false,"chose_seed":false,"campfire_upgraded":2,"win_rate":0.0,"timestamp":1612446843,"path_taken":["M","M","M","?","M","R","E","M","T","M","?","?","R","M","R","BOSS"],"items_purchased_type":[],"build_version":"2020-12-22","purchased_purges":0,"victory":false,"max_hp_per_floor":[85,85,85,85,85,85,85,85,85,85,85,85,85,85,85,85,85],"relic_stats":{"counters":[9,35],"Self Forming Clay":[27],"obtain_stats":[{"Tiny House":0,"Self Forming Clay":12,"Toxic Egg 2":7,"Burning Blood":0,"Meat on the Bone":9},{"Tiny House":0,"Self Forming Clay":7,"Toxic Egg 2":5,"Burning Blood":0,"Meat on the Bone":6},{"Tiny House":0,"Self Forming Clay":23,"Toxic Egg 2":19,"Burning Blood":0,"Meat on the Bone":21}],"Meat on the Bone":24},"card_choices":[{"not_picked":["Entrench","Ghostly Armor"],"picked":"Carnage","floor":0},{"not_picked":["Dropkick","Evolve"],"picked":"Headbutt","floor":1},{"not_picked":["Clash","Twin Strike"],"picked":"Cleave","floor":2},{"not_picked":["Feel No Pain","Sever Soul"],"picked":"Whirlwind","floor":3},{"not_picked":["Havoc","Ghostly Armor"],"picked":"Shrug It Off","floor":5},{"not_picked":["Twin Strike","Clothesline"],"picked":"Flex+1","floor":7},{"not_picked":["Entrench+1","Armaments+1"],"picked":"Thunderclap","floor":8},{"not_picked":["Sentinel+1","Combust"],"picked":"Sword Boomerang","floor":10},{"not_picked":["Thunderclap","Bludgeon","Anger"],"picked":"SKIP","floor":14}],"player_experience":1315681,"relics_obtained":[{"floor":7,"key":"Toxic Egg 2"},{"floor":9,"key":"Meat on the Bone"},{"floor":12,"key":"Self Forming Clay"}],"event_choices":[{"cards_removed":["Strike_R"],"damage_healed":0,"gold_gain":0,"player_choice":"Card Removal","damage_taken":7,"max_hp_gain":0,"max_hp_loss":0,"event_name":"Golden Wing","floor":4,"gold_loss":0},{"damage_healed":0,"gold_gain":0,"player_choice":"Ignored","damage_taken":0,"max_hp_gain":0,"max_hp_loss":0,"event_name":"Shining Light","floor":11,"gold_loss":0}],"is_beta":false,"boss_relics":[],"items_purged_floors":[],"is_endless":false,"potions_floor_spawned":[1,3,5,14],"killed_by":"The Guardian","ascension_level":5}}