{"host":"jz4ul6vrcxqkcr33","time":1612410852,"event":{"mods":["BaseMod","Minty Spire (QoL Compilation)","StSLib"],"gold_per_floor":[111,111,111,134,158,158,194,194,194,215,215,248,248,282,282,413,413,426,426,22,122,142,178,178,178,202,237,255,273,273,43,43,171,171,185,248,266,290,290,290,290,144,144,157,490,505,523,533,533,533,533,533,33,59,59,59],"floor_reached":55,"language":"ENG","playtime":2395,"items_purged":["Injury"],"score":885,"play_id":"92a226b7-a649-4369-9a99-b095849ed766","local_time":"20210203225412","is_ascension_mode":true,"campfire_choices":[{"data":"Perfected Strike","floor":6.0,"key":"SMITH"},{"floor":11.0,"key":"REST"},{"data":"Offering","floor":13.0,"key":"SMITH"},{"floor":15.0,"key":"REST"},{"floor":25.0,"key":"REST"},{"floor":30.0,"key":"REST"},{"data":"Rupture","floor":32.0,"key":"SMITH"},{"floor":41,"key":"RECALL"},{"floor":49,"key":"REST"},{"floor":52,"key":"REST"}],"circlet_count":0,"master_deck":["Strike_R","Strike_R","Strike_R","Strike_R","Defend_R","Defend_R","Defend_R","Defend_R","Bash","Offering+1","Cleave","Perfected Strike+1","Shrug It Off","Burning Pact","Brutality","Pummel","Warcry","Feed","Flex+1","Perfected Strike","Wild Strike","Intimidate+1","Rupture+1","Impervious","Whirlwind","Combust","Blood for Blood","Disarm","True Grit","Uppercut","Limit Break","Infernal Blade+1","Power Through","Feed","Blood for Blood+1","Bloodletting","Perfected Strike","Infernal Blade+1","Flame Barrier","Rupture","Blind","Reaper"],"relics":["Burning Blood","Darkstone Periapt","Paper Frog","Shuriken","FossilizedHelix","StrikeDummy","Runic Cube","Kunai","Orrery","Bottled Tornado","Bag of Preparation","Strawberry","Orichalcum","Fusion Hammer","Calipers","Oddly Smooth Stone","Vajra","Toy Ornithopter","Ornamental Fan"],"acts_visited":["TheCity","TheBeyond","TheEnding"],"potions_floor_usage":[35,46,55,55,55],"damage_taken":[{"damage":9.0,"enemies":"Jaw Worm","floor":1.0,"turns":4.0},{"damage":7.0,"enemies":"Cultist","floor":4.0,"turns":3.0},{"damage":0.0,"enemies":"Small Slimes","floor":5.0,"turns":2.0},{"damage":28.0,"enemies":"Gremlin Nob","floor":7.0,"turns":4.0},{"damage":14.0,"enemies":"Exordium Thugs","floor":10.0,"turns":4.0},{"damage":35.0,"enemies":"3 Sentries","floor":12.0,"turns":7.0},{"damage":33.0,"enemies":"Gremlin Nob","floor":14.0,"turns":5.0},{"damage":38.0,"enemies":"Hexaghost","floor":16.0,"turns":7.0},{"damage":20.0,"enemies":"2 Thieves","floor":18.0,"turns":4.0},{"damage":8.0,"enemies":"Chosen","floor":22.0,"turns":3.0},{"damage":37.0,"enemies":"Book of Stabbing","floor":23.0,"turns":4.0},{"damage":21.0,"enemies":"Gremlin Leader","floor":27.0,"turns":5.0},{"damage":18.0,"enemies":"Sentry and Sphere","floor":28.0,"turns":3.0},{"damage":12.0,"enemies":"Centurion and Healer","floor":29.0,"turns":6.0},{"damage":50.0,"enemies":"Collector","floor":33.0,"turns":7.0},{"damage":31,"enemies":"3 Darklings","floor":35,"turns":5},{"damage":3,"enemies":"Mind Bloom Boss Battle","floor":36,"turns":4},{"damage":0,"enemies":"Orb Walker","floor":37,"turns":3},{"damage":6,"enemies":"Transient","floor":38,"turns":5},{"damage":22,"enemies":"3 Darklings","floor":44,"turns":6},{"damage":4,"enemies":"Jaw Worm Horde","floor":46,"turns":3},{"damage":6,"enemies":"Maw","floor":47,"turns":4},{"damage":30,"enemies":"Sphere and 2 Shapes","floor":48,"turns":4},{"damage":74,"enemies":"Time Eater","floor":50,"turns":8},{"damage":81,"enemies":"Shield and Spear","floor":54,"turns":6},{"damage":73,"enemies":"The Heart","floor":55,"turns":2}],"seed_played":"6809843990945079814","potions_obtained":[{"floor":1.0,"key":"ColorlessPotion"},{"floor":14.0,"key":"FearPotion"},{"floor":22.0,"key":"FearPotion"},{"floor":29.0,"key":"DuplicationPotion"},{"floor":35,"key":"DistilledChaos"},{"floor":36,"key":"SpeedPotion"},{"floor":46,"key":"Explosive Potion"},{"floor":54,"key":"Ancient Potion"}],"is_trial":false,"path_per_floor":["M","?","?","M","M","R","E","T","T","M","R","E","R","E","R","B",null,"M","?","$","?","M","E","?","R","T","E","M","M","R","$","R","B",null,"M","?","M","M","?","?","R","$","T","M","?","M","M","M","R","B",null,"R","$","E","B"],"character_chosen":"IRONCLAD","items_purchased":["Kunai","Orrery","Orichalcum","Oddly Smooth Stone","Vajra","Toy Ornithopter","Flame Barrier","Rupture","Blind"],"campfire_rested":6,"item_purchase_floors":[20,20,31,42,53,53,53,53,53],"current_hp_per_floor":[77,77,82,81,85,85,63,63,63,55,80,51,51,24,49,17,85,74,74,74,74,72,41,41,67,67,59,50,44,73,73,73,32,101,76,79,85,85,85,85,85,85,85,69,69,71,71,50,81,13,104,104,104,29,0,0],"gold":59,"neow_bonus":"ONE_RANDOM_RARE_CARD","is_daily":false,"chose_seed":false,"campfire_upgraded":3,"win_rate":0.0,"timestamp":1612410852,"path_taken":["M","?","?","M","M","R","E","?","T","M","R","E","R","E","R","BOSS","M","?","?","?","?","E","?","R","T","E","M","?","R","$","R","BOSS","M","?","M","M","?","?","R","$","T","M","?","?","M","M","R","BOSS","R","$","E","BOSS"],"items_purchased_type":["Relic","Relic","Relic","Relic","Relic","Relic","Card","Card","Card"],"build_version":"2020-12-13","purchased_purges":1,"victory":false,"max_hp_per_floor":[80,80,85,85,85,85,85,85,85,85,85,85,85,85,85,85,85,88,88,88,88,88,88,88,88,88,95,98,98,98,98,98,101,101,101,101,101,101,101,101,101,101,101,101,101,101,101,104,104,104,104,104,104,104,104,104],"card_choices":[{"not_picked":["Shockwave","Anger"],"picked":"Cleave","floor":1.0},{"not_picked":["Carnage","Iron Wave"],"picked":"Perfected Strike","floor":4.0},{"not_picked":["Clash","Heavy Blade"],"picked":"Shrug It Off","floor":5.0},{"not_picked":["True Grit","Iron Wave"],"picked":"Burning Pact","floor":7.0},{"not_picked":["Second Wind","Wild Strike"],"picked":"Brutality","floor":10.0},{"not_picked":["Thunderclap","Clash"],"picked":"Pummel","floor":12.0},{"not_picked":["Body Slam","Brutality"],"picked":"Warcry","floor":14.0},{"not_picked":["Berserk","Offering"],"picked":"Feed","floor":16.0},{"not_picked":["True Grit","Pommel Strike"],"picked":"Flex+1","floor":18.0},{"not_picked":["Thunderclap+1","Dark Embrace"],"picked":"Wild Strike","floor":20.0},{"not_picked":["Disarm","Thunderclap"],"picked":"Intimidate+1","floor":20.0},{"not_picked":["Cleave","Armaments"],"picked":"Rupture","floor":20.0},{"not_picked":["Shrug It Off","Sword Boomerang"],"picked":"Impervious","floor":20.0},{"not_picked":["Anger","Sentinel"],"picked":"Whirlwind","floor":20.0},{"not_picked":["Thunderclap+1","Shockwave"],"picked":"Combust","floor":22.0},{"not_picked":["Thunderclap","Cleave"],"picked":"Blood for Blood","floor":23.0},{"not_picked":["Sword Boomerang+1","Warcry"],"picked":"Disarm","floor":27.0},{"not_picked":["Carnage","Clothesline"],"picked":"True Grit","floor":28.0},{"not_picked":["Armaments","Reckless Charge"],"picked":"Uppercut","floor":29.0},{"not_picked":["Barricade","Offering"],"picked":"Limit Break","floor":33.0},{"not_picked":["Twin Strike+1","Wild Strike"],"picked":"Infernal Blade+1","floor":35},{"not_picked":["Reckless Charge","Heavy Blade"],"picked":"Power Through","floor":36},{"not_picked":["Second Wind","Twin Strike+1"],"picked":"Feed","floor":37},{"not_picked":["Infernal Blade","Whirlwind"],"picked":"Blood for Blood+1","floor":38},{"not_picked":["Body Slam","Searing Blow","Sever Soul"],"picked":"SKIP","floor":44},{"not_picked":["Entrench+1","Havoc+1"],"picked":"Bloodletting","floor":46},{"not_picked":["Sword Boomerang+1","True Grit"],"picked":"Perfected Strike","floor":47},{"not_picked":["Sever Soul+1","Clash"],"picked":"Infernal Blade+1","floor":48},{"not_picked":["Armaments","Rupture"],"picked":"Reaper","floor":54}],"player_experience":200086,"relics_obtained":[{"floor":7.0,"key":"Darkstone Periapt"},{"floor":8.0,"key":"Paper Frog"},{"floor":9.0,"key":"Shuriken"},{"floor":12.0,"key":"FossilizedHelix"},{"floor":14.0,"key":"StrikeDummy"},{"floor":23.0,"key":"Bottled Tornado"},{"floor":26.0,"key":"Bag of Preparation"},{"floor":27.0,"key":"Strawberry"},{"floor":36,"key":"Calipers"},{"floor":54,"key":"Ornamental Fan"}],"event_choices":[{"damage_healed":0.0,"max_hp_gain":0.0,"max_hp_loss":0.0,"gold_gain":0.0,"event_name":"Golden Idol","player_choice":"Take Wound","floor":2.0,"gold_loss":0.0,"damage_taken":0.0,"relics_obtained":["Golden Idol"],"cards_obtained":["Injury"]},{"damage_healed":0.0,"max_hp_gain":5.0,"max_hp_loss":0.0,"gold_gain":0.0,"event_name":"Big Fish","player_choice":"Donut","floor":3.0,"gold_loss":0.0,"damage_taken":0.0},{"damage_healed":0.0,"max_hp_gain":0.0,"max_hp_loss":0.0,"gold_gain":0.0,"event_name":"The Library","player_choice":"Read","floor":19.0,"gold_loss":0.0,"damage_taken":0.0,"cards_obtained":["Perfected Strike"]},{"damage_healed":0.0,"max_hp_gain":0.0,"max_hp_loss":0.0,"gold_gain":100.0,"event_name":"Golden Shrine","player_choice":"Pray","floor":21.0,"gold_loss":0.0,"damage_taken":0.0},{"damage_healed":0.0,"max_hp_gain":0.0,"max_hp_loss":0.0,"gold_gain":0.0,"event_name":"The Woman in Blue","player_choice":"Bought 0 Potions","floor":24.0,"gold_loss":0.0,"damage_taken":0.0},{"damage_healed":0,"gold_gain":0,"player_choice":"Fight","damage_taken":0,"max_hp_gain":0,"max_hp_loss":0,"event_name":"MindBloom","floor":36,"gold_loss":0},{"damage_healed":0,"gold_gain":0,"player_choice":"Ignored","damage_taken":0,"max_hp_gain":0,"max_hp_loss":0,"event_name":"Tomb of Lord Red Mask","floor":39,"gold_loss":0},{"cards_removed":["Strike_R"],"damage_healed":0,"gold_gain":0,"player_choice":"Removed Attack","damage_taken":0,"max_hp_gain":0,"max_hp_loss":0,"event_name":"Falling","floor":40,"gold_loss":0},{"damage_healed":0,"gold_gain":333,"player_choice":"Gave Idol","damage_taken":0,"max_hp_gain":0,"max_hp_loss":0,"event_name":"The Moai Head","floor":45,"relics_lost":["Golden Idol"],"gold_loss":0}],"is_beta":false,"boss_relics":[{"not_picked":["Coffee Dripper","Astrolabe"],"picked":"Runic Cube"},{"not_picked":["Runic Dome","Snecko Eye"],"picked":"Fusion Hammer"}],"items_purged_floors":[31],"is_endless":false,"potions_floor_spawned":[1,14,22,29,35,36,46,54],"killed_by":"The Heart","ascension_level":4}}