{"host":"dggqshehf2ar9kzd","time":1612470255,"event":{"mods":["BaseMod","Highlight Path","Minty Spire (QoL Compilation)"],"gold_per_floor":[115,115,133,151,171,171,171,205,217,229,272,209,237,255,255,255,255],"floor_reached":16,"language":"ENG","playtime":910,"items_purged":["Defend_P"],"score":160,"play_id":"c00e6760-91cb-4e2c-8c62-3e7318c84e6c","local_time":"20210204152415","is_ascension_mode":true,"campfire_choices":[{"data":"SignatureMove","floor":6,"key":"SMITH"},{"data":"ThirdEye","floor":10,"key":"SMITH"},{"floor":15,"key":"REST"}],"circlet_count":0,"master_deck":["Strike_P","Strike_P","Strike_P","Defend_P","Defend_P","Defend_P","Eruption","Vigilance","JustLucky","Prostrate","SignatureMove+1","ThirdEye+1","TalkToTheHand","TalkToTheHand"],"relics":["PureWater","MawBank","Orichalcum","Question Card","Pocketwatch"],"acts_visited":["Exordium"],"potions_floor_usage":[8,13],"damage_taken":[{"damage":1,"enemies":"2 Louse","floor":1,"turns":4},{"damage":0,"enemies":"Small Slimes","floor":3,"turns":3},{"damage":0,"enemies":"Cultist","floor":4,"turns":4},{"damage":17,"enemies":"Exordium Thugs","floor":5,"turns":7},{"damage":2,"enemies":"3 Sentries","floor":8,"turns":6},{"damage":0,"enemies":"Lagavulin","floor":11,"turns":3},{"damage":35,"enemies":"Gremlin Nob","floor":13,"turns":4},{"damage":10,"enemies":"2 Fungi Beasts","floor":14,"turns":3},{"damage":0,"enemies":"Slime Boss","floor":16,"turns":3}],"seed_played":"-4389378715103476688","potions_obtained":[{"floor":1,"key":"Weak Potion"},{"floor":4,"key":"LiquidBronze"},{"floor":5,"key":"DistilledChaos"},{"floor":13,"key":"DuplicationPotion"}],"is_trial":false,"path_per_floor":["M","?","M","M","M","R","?","E","T","R","E","$","E","M","R","B"],"character_chosen":"WATCHER","items_purchased":[],"campfire_rested":1,"item_purchase_floors":[],"current_hp_per_floor":[71,76,76,76,59,59,59,57,57,57,57,57,22,12,35,35,35],"gold":255,"neow_bonus":"REMOVE_CARD","is_daily":false,"chose_seed":false,"campfire_upgraded":2,"win_rate":0.0,"timestamp":1612470255,"path_taken":["M","?","M","M","M","R","?","E","T","R","E","$","E","M","R","BOSS"],"items_purchased_type":[],"build_version":"2020-12-22","purchased_purges":1,"victory":false,"max_hp_per_floor":[72,77,77,77,77,77,77,77,77,77,77,77,77,77,77,77,77],"card_choices":[{"not_picked":["LikeWater","ForeignInfluence"],"picked":"JustLucky","floor":1},{"not_picked":["Perseverance","Pray"],"picked":"Prostrate","floor":3},{"not_picked":["ClearTheMind","Halt"],"picked":"SignatureMove","floor":4},{"not_picked":["InnerPeace","FlyingSleeves","Vengeance"],"picked":"SKIP","floor":5},{"not_picked":["EmptyMind","ForeignInfluence"],"picked":"ThirdEye","floor":8},{"not_picked":["Wallop","ClearTheMind"],"picked":"TalkToTheHand","floor":11},{"not_picked":["Study","Worship","CutThroughFate","EmptyFist"],"picked":"SKIP","floor":13},{"not_picked":["CrushJoints","Crescendo","Halt"],"picked":"TalkToTheHand","floor":14}],"player_experience":326370,"relics_obtained":[{"floor":8,"key":"MawBank"},{"floor":9,"key":"Orichalcum"},{"floor":11,"key":"Question Card"},{"floor":13,"key":"Pocketwatch"}],"event_choices":[{"damage_healed":0,"gold_gain":0,"player_choice":"Donut","damage_taken":0,"max_hp_gain":5,"max_hp_loss":0,"event_name":"Big Fish","floor":2,"gold_loss":0},{"damage_healed":0,"gold_gain":0,"player_choice":"Fled","damage_taken":0,"max_hp_gain":0,"max_hp_loss":0,"event_name":"Scrap Ooze","floor":7,"gold_loss":0}],"is_beta":false,"boss_relics":[],"items_purged_floors":[12],"is_endless":false,"potions_floor_spawned":[1,4,5,13],"killed_by":"Slime Boss","ascension_level":2}}