{"host":"aapp7ew3jk5k1bvd","time":1612443745,"event":{"mods":["AchievementEnabler","BaseMod","Colored Map","Minty Spire (QoL Compilation)","Permanent Neow","StSLib","SuperFastMode"],"gold_per_floor":[109,190,202,214,62,96,28,45,70,70,70,70],"floor_reached":11,"language":"KOR","playtime":423,"items_purged":[],"score":113,"play_id":"77837aac-1ce8-4d92-87a0-475e52406c91","local_time":"20210204220225","is_ascension_mode":true,"campfire_choices":[{"floor":10,"key":"REST"}],"circlet_count":0,"master_deck":["AscendersBane","Strike_R","Strike_R","Strike_R","Strike_R","Strike_R","Defend_R","Defend_R","Defend_R","Defend_R","Bash","Metallicize","Flex","Power Through+1","Power Through+1"],"relics":["Burning Blood","Shuriken","Medical Kit","Toxic Egg 2","Potion Belt"],"acts_visited":["Exordium"],"potions_floor_usage":[6,8],"damage_taken":[{"damage":2,"enemies":"Cultist","floor":1,"turns":4},{"damage":2,"enemies":"Jaw Worm","floor":3,"turns":7},{"damage":13,"enemies":"Small Slimes","floor":4,"turns":5},{"damage":51,"enemies":"3 Sentries","floor":6,"turns":16},{"damage":1,"enemies":"2 Fungi Beasts","floor":8,"turns":6},{"damage":49,"enemies":"Lagavulin","floor":11,"turns":13}],"seed_played":"2502377249795468902","potions_obtained":[{"floor":4,"key":"SkillPotion"},{"floor":6,"key":"Swift Potion"}],"is_trial":false,"path_per_floor":["M","T","M","M","$","E","$","M","T","R","E"],"character_chosen":"IRONCLAD","items_purchased":["Medical Kit","Power Through+1"],"campfire_rested":1,"item_purchase_floors":[5,7],"current_hp_per_floor":[76,76,80,73,73,28,28,33,33,57,8,8],"gold":70,"neow_bonus":"THREE_CARDS","is_daily":false,"chose_seed":false,"campfire_upgraded":0,"win_rate":0.0,"timestamp":1612443745,"path_taken":["M","?","?","M","$","E","$","M","T","R","E"],"items_purchased_type":["Relic","Card"],"build_version":"2020-12-22","purchased_purges":0,"victory":false,"max_hp_per_floor":[80,80,80,80,80,80,80,80,80,80,80,80],"card_choices":[{"not_picked":["Sentinel","Twin Strike"],"picked":"Metallicize","floor":0},{"not_picked":["Havoc","Seeing Red","Uppercut"],"picked":"SKIP","floor":1},{"not_picked":["Second Wind","Pommel Strike","Infernal Blade"],"picked":"SKIP","floor":3},{"not_picked":["Seeing Red","Wild Strike"],"picked":"Flex","floor":4},{"not_picked":["Feed","Brutality"],"picked":"Power Through+1","floor":6},{"not_picked":["Sword Boomerang","Thunderclap","Heavy Blade"],"picked":"SKIP","floor":8}],"player_experience":1314200,"relics_obtained":[{"floor":2,"key":"Shuriken"},{"floor":6,"key":"Toxic Egg 2"},{"floor":9,"key":"Potion Belt"}],"event_choices":[],"is_beta":false,"boss_relics":[],"items_purged_floors":[],"is_endless":false,"potions_floor_spawned":[4,6],"killed_by":"Lagavulin","ascension_level":11}}