{"host":"4kmvpqjeiacgn1pr","time":1612405907,"event":{"mods":["A Penny For Your Troubles","AchievementEnabler","AlwaysNeverKeys","Aspiration","BaseMod","Bestiary","Better Altar","Better Match","Better Note","Better Sensory Stone","Better Skull","Better Third Choice","Better Vampires","BetterRewards","Colored Map","Colored Powertips","Conspire","Curses Come First","Downfall","Halation","Highlight Path","Infinite Spire","Minty Spire (QoL Compilation)","Permanent Neow","Quick Restart","Rare Cards Sparkle","Relic Sorter","Relic Stats","Replay The Spire","Reworked Bosses","Shop Mod","Smile Girya","Spicy Shops","Spikes Relics","StSLib","Waifu the Spire"],"gold_per_floor":[117,117,324,335,335,363,374,406,406,433,446,479,24,40,40,135,235,253,253,253,44,59,88,88,117,117,0,0,35,35,55,55,160,160,178,178,178,178,178,228,239,271,284,308,308,308,308,321,333,333,333],"floor_reached":50,"language":"ENG","playtime":4751,"items_purged":["Doubt","Sickly"],"score":978,"play_id":"e28f29f4-b8a9-4a86-ba65-c23464a56a2f","local_time":"20210203213147","is_ascension_mode":true,"campfire_choices":[{"floor":15,"key":"RECALL"},{"data":"Discovery","floor":24,"key":"SMITH"},{"data":"ReplayTheSpireMod:Chaos Vortex","floor":30,"key":"SMITH"},{"data":"Perfected Strike","floor":32,"key":"SMITH"}],"circlet_count":0,"master_deck":["Strike_R","Strike_R","Strike_R","Strike_R","Strike_R","Defend_R","Defend_R","Bash","Run Through","conspire:ExplosiveBarrier","ReplayTheSpireMod:Chaos Vortex+1","Immolate","Perfected Strike+1","Juggernaut","Inflame","conspire:ExplosiveBarrier","Replay:Sssssssssshield","Replay:Dark Deal","ReplayTheSpireMod:Private Reserves","Discovery+1","Limit Break","Warcry+1","RitualDagger","Clash","ReplayTheSpireMod:Strike From Hell","Armaments+1","conspire:Purge","Barricade","Bludgeon","conspire:Banana","conspire:Banana","Enlightenment","Perfected Strike+1","Wild Strike+1","Thunderclap+1","True Grit","Distraction","aspiration:Lunge","Pace"],"relics":["Burning Blood","aspiration:Nostalgia","m_BurningSludge","halation:PinkSoulGem","Another Sword","SpikesRelics:DaevaFist","Ancient Tea Set","Pear","aspiration:SeaSaltIceCream","aspiration:Nostalgia","PureWater","BargainBundle","Pantograph","ReplayTheSpireMod:ShopPack","Replay:Wanted Poster","Ring of Hypnosis","ReplayTheSpireMod:Ring of Exchange","Membership Card","Iron Hammer","StoneCalendar","Orichalcum","Tiny Chest","Calling Bell","Red Skull","conspire:Dentures","conspire:GiftBox","Juzu Bracelet","halation:NonexistentMirror","halation:PenCase","Replay:Mystery Machine","Gremlin Food","Anchor","halation:StarCompass"],"acts_visited":["Exordium","TheCity","TheBeyond"],"potions_floor_usage":[6,35,42,48,50,50],"damage_taken":[{"damage":2,"enemies":"2 Louse","floor":1,"turns":2},{"damage":0,"enemies":"Small Slimes","floor":4,"turns":3},{"damage":14,"enemies":"Lagavulin","floor":6,"turns":8},{"damage":0,"enemies":"Jaw Worm","floor":7,"turns":2},{"damage":0,"enemies":"3 Sentries","floor":8,"turns":4},{"damage":16,"enemies":"Lagavulin","floor":10,"turns":9},{"damage":6,"enemies":"Looter","floor":11,"turns":3},{"damage":12,"enemies":"Gremlin Nob","floor":12,"turns":4},{"damage":8,"enemies":"Blue Slaver","floor":14,"turns":3},{"damage":18,"enemies":"The Guardian","floor":16,"turns":8},{"damage":0,"enemies":"Chosen","floor":18,"turns":4},{"damage":10,"enemies":"Shell Parasite","floor":22,"turns":3},{"damage":0,"enemies":"Gremlin Leader","floor":23,"turns":6},{"damage":16,"enemies":"conspire:Head Lice","floor":25,"turns":4},{"damage":16,"enemies":"conspire:SneckoGhost","floor":29,"turns":3},{"damage":5,"enemies":"Cultist and Chosen","floor":31,"turns":1},{"damage":0,"enemies":"bossMod:newChamp","floor":33,"turns":7},{"damage":30,"enemies":"3 Darklings","floor":35,"turns":7},{"damage":0,"enemies":"Mind Bloom Boss Battle","floor":40,"turns":6},{"damage":5,"enemies":"Orb Walker","floor":41,"turns":3},{"damage":46,"enemies":"Nightmare","floor":42,"turns":5},{"damage":5,"enemies":"Sphere and 2 Shapes","floor":43,"turns":4},{"damage":42,"enemies":"4 Shapes","floor":48,"turns":3},{"damage":0,"enemies":"Jaw Worm Horde","floor":49,"turns":2},{"damage":61,"enemies":"Spire Growth","floor":50,"turns":3}],"seed_played":"224479675385386705","potions_obtained":[{"floor":4,"key":"LiquidMemories"},{"floor":7,"key":"LiquidBronze"},{"floor":10,"key":"Guardian:BlockOnCardUsePotion"},{"floor":12,"key":"Venom Potion"},{"floor":16,"key":"Energy Potion"},{"floor":18,"key":"BloodPotion"},{"floor":35,"key":"Dexterity Potion"},{"floor":42,"key":"AttackPotion"}],"is_trial":false,"path_per_floor":["M","?","?","M","?","E","M","E","T","E","M","E","$","M","R_BF","B",null,"M","?","?","$","M","E","R","E","T","$","AVR","E","R","M","R","B",null,"M","AVR","?","PTL","PTL","?","M","NM","M","T","T","?","?","M","M","M"],"character_chosen":"IRONCLAD","items_purchased":["BargainBundle","Inflame","conspire:ExplosiveBarrier","Pantograph","ReplayTheSpireMod:ShopPack","Replay:Sssssssssshield","Membership Card","Iron Hammer","conspire:Purge"],"campfire_rested":0,"item_purchase_floors":[13,13,13,13,13,13,21,21,27],"current_hp_per_floor":[76,76,76,80,61,53,59,65,65,65,65,59,59,57,57,70,85,90,84,84,84,80,86,86,76,76,76,76,76,76,77,77,90,90,66,66,66,66,66,92,92,72,73,73,73,73,73,39,45,0,0],"gold":333,"neow_bonus":"NOSTALGIA","is_daily":false,"chose_seed":false,"campfire_upgraded":3,"win_rate":0.0,"timestamp":1612405907,"path_taken":["M","?","?","M","?","E","M","E","T","E","M","E","?","M","R_BF","BOSS","M","?","?","$","M","E","R","E","T","?","AVR","E","R","M","R","BOSS","M","AVR","?","PTL","PTL","?","M","NM","M","?","T","?","?","M","M","M"],"items_purchased_type":["Relic","Card","Card","Relic","Relic","Card","Relic","Relic","Card"],"build_version":"2020-12-22","purchased_purges":2,"victory":false,"max_hp_per_floor":[80,80,80,80,80,80,80,80,80,90,90,90,90,90,90,90,90,90,90,90,90,90,90,90,90,90,90,90,90,90,90,90,90,90,90,90,90,90,90,92,92,94,94,94,94,94,94,96,96,97,97],"relic_stats":{"counters":[25,107],"Pantograph":62,"StoneCalendar":[48],"Tiny Chest":1,"Juzu Bracelet":1,"Orichalcum":[66],"obtain_stats":[{"ReplayTheSpireMod:Ring of Exchange":20,"StoneCalendar":23,"Juzu Bracelet":29,"Replay:Mystery Machine":42,"Ancient Tea Set":9,"halation:StarCompass":46,"Burning Blood":0,"Replay:Wanted Poster":17,"Pantograph":13,"Tiny Chest":26,"Iron Hammer":21,"Red Skull":28,"conspire:Dentures":28,"Gremlin Food":44,"BargainBundle":13,"Pear":10,"Ring of Hypnosis":20,"aspiration:Nostalgia":0,"aspiration:SeaSaltIceCream":12,"Orichalcum":25,"Calling Bell":28,"halation:NonexistentMirror":34,"conspire:GiftBox":28,"Anchor":45,"halation:PenCase":40,"Another Sword":6,"SpikesRelics:DaevaFist":8,"Membership Card":21,"PureWater":12,"halation:PinkSoulGem":2,"m_BurningSludge":0,"ReplayTheSpireMod:ShopPack":13},{"ReplayTheSpireMod:Ring of Exchange":11,"StoneCalendar":13,"Juzu Bracelet":15,"Replay:Mystery Machine":21,"Ancient Tea Set":5,"halation:StarCompass":22,"Burning Blood":0,"Replay:Wanted Poster":10,"Pantograph":8,"Tiny Chest":14,"Iron Hammer":11,"Red Skull":14,"conspire:Dentures":14,"Gremlin Food":22,"BargainBundle":8,"Pear":6,"Ring of Hypnosis":11,"aspiration:Nostalgia":0,"aspiration:SeaSaltIceCream":8,"Orichalcum":14,"Calling Bell":14,"halation:NonexistentMirror":17,"conspire:GiftBox":14,"Anchor":22,"halation:PenCase":19,"Another Sword":3,"SpikesRelics:DaevaFist":5,"Membership Card":11,"PureWater":8,"halation:PinkSoulGem":1,"m_BurningSludge":0,"ReplayTheSpireMod:ShopPack":8},{"ReplayTheSpireMod:Ring of Exchange":50,"StoneCalendar":59,"Juzu Bracelet":66,"Replay:Mystery Machine":95,"Ancient Tea Set":19,"halation:StarCompass":99,"Burning Blood":0,"Replay:Wanted Poster":46,"Pantograph":35,"Tiny Chest":63,"Iron Hammer":50,"Red Skull":63,"conspire:Dentures":63,"Gremlin Food":99,"BargainBundle":35,"Pear":28,"Ring of Hypnosis":50,"aspiration:Nostalgia":0,"aspiration:SeaSaltIceCream":35,"Orichalcum":63,"Calling Bell":63,"halation:NonexistentMirror":74,"conspire:GiftBox":63,"Anchor":99,"halation:PenCase":87,"Another Sword":13,"SpikesRelics:DaevaFist":19,"Membership Card":50,"PureWater":35,"halation:PinkSoulGem":2,"m_BurningSludge":0,"ReplayTheSpireMod:ShopPack":35}],"Burning Blood":128},"card_choices":[{"not_picked":["Twin Strike","Defy Death"],"picked":"Run Through","floor":1},{"not_picked":["Clash","Abandon"],"picked":"conspire:ExplosiveBarrier","floor":3},{"not_picked":["Cleave","Wild Strike"],"picked":"Body Slam","floor":4},{"not_picked":["infinitespire:FinalStrike","ReplayTheSpireMod:??????????????????????"],"picked":"ReplayTheSpireMod:Chaos Vortex","floor":5},{"not_picked":["Twin Strike","Replay:Undeath\u0027s Touch"],"picked":"Immolate","floor":6},{"not_picked":["Headbutt","Flex"],"picked":"Shrug It Off","floor":7},{"not_picked":["Twin Strike","Entrench","BarbarianYell"],"picked":"SKIP","floor":8},{"not_picked":["Bloodletting","Headbutt"],"picked":"Dropkick","floor":10},{"not_picked":["Pommel Strike","True Grit"],"picked":"Perfected Strike","floor":11},{"not_picked":["Metallicize","Replay:Many Hands"],"picked":"Juggernaut","floor":12},{"not_picked":["ReplayTheSpireMod:Necrogeddon","ReplayUltimateDefense"],"picked":"Replay:Dark Deal","floor":13},{"not_picked":["Panacea","Degenerate"],"picked":"ReplayTheSpireMod:Private Reserves","floor":13},{"not_picked":["Mind Blast","Assess"],"picked":"Discovery","floor":13},{"not_picked":["Armaments","Twin Strike","infinitespire:OneForAll"],"picked":"SKIP","floor":14},{"not_picked":["Demon Form","Brutality"],"picked":"Limit Break","floor":16},{"not_picked":["Pommel Strike","ReplayTheSpireMod:Limb From Limb"],"picked":"Warcry+1","floor":18},{"not_picked":["Rampage","Reckless Charge"],"picked":"Clash","floor":22},{"not_picked":["Invigoration","Shrug It Off"],"picked":"ReplayTheSpireMod:Strike From Hell","floor":23},{"not_picked":["True Grit","Perfected Strike"],"picked":"Armaments+1","floor":25},{"not_picked":["Limit Break","Replay:Many Hands"],"picked":"Barricade","floor":28},{"not_picked":["Headbutt+1","Replay:Undeath\u0027s Touch+1"],"picked":"Bludgeon","floor":29},{"not_picked":["BarbarianYell","Flame Barrier","Blood for Blood"],"picked":"SKIP","floor":31},{"not_picked":["Demonic Infusion","Replay:Many Hands"],"picked":"Bludgeon","floor":33},{"not_picked":["Searing Blow","ReplayTheSpireMod:Strike From Hell"],"picked":"Spot Weakness+1","floor":35},{"not_picked":["Replay:BasicMightCard","Jack Of All Trades"],"picked":"conspire:Banana","floor":37},{"not_picked":["Replay:Bootleg Shield Generator","Good Instincts"],"picked":"Enlightenment","floor":37},{"not_picked":["Anger+1","Clash"],"picked":"Perfected Strike+1","floor":40},{"not_picked":["Pommel Strike+1","ReplayTheSpireMod:Stacked"],"picked":"Wild Strike+1","floor":41},{"not_picked":["conspire:HitWhereItHurts","Heavy Blade"],"picked":"Thunderclap+1","floor":42},{"not_picked":["Dropkick","Havoc+1"],"picked":"True Grit","floor":43},{"not_picked":["Flex+1","Warcry","ReplayTheSpireMod:Strike From Hell+1"],"picked":"SKIP","floor":48},{"not_picked":["ReplayTheSpireMod:Strike From Hell+1","Sword Boomerang+1","Warcry+1"],"picked":"SKIP","floor":49}],"player_experience":441532,"relics_obtained":[{"floor":6,"key":"Another Sword"},{"floor":8,"key":"SpikesRelics:DaevaFist"},{"floor":9,"key":"Ancient Tea Set"},{"floor":10,"key":"Pear"},{"floor":12,"key":"aspiration:SeaSaltIceCream"},{"floor":20,"key":"Ring of Hypnosis"},{"floor":20,"key":"ReplayTheSpireMod:Ring of Exchange"},{"floor":23,"key":"StoneCalendar"},{"floor":25,"key":"Orichalcum"},{"floor":26,"key":"Tiny Chest"},{"floor":28,"key":"Red Skull"},{"floor":28,"key":"conspire:Dentures"},{"floor":28,"key":"conspire:GiftBox"},{"floor":29,"key":"Juzu Bracelet"},{"floor":40,"key":"halation:PenCase"},{"floor":42,"key":"Replay:Mystery Machine"},{"floor":44,"key":"Gremlin Food"},{"floor":45,"key":"Anchor"}],"event_choices":[{"damage_healed":0,"gold_gain":0,"player_choice":"Dagger","damage_taken":6,"max_hp_gain":0,"max_hp_loss":0,"event_name":"betterThird:BetterNest","floor":19,"gold_loss":0,"cards_obtained":["RitualDagger"]},{"damage_healed":0,"gold_gain":3,"player_choice":"1","damage_taken":0,"max_hp_gain":0,"max_hp_loss":0,"event_name":"betterStone:BetterStone","floor":37,"gold_loss":0},{"damage_healed":0,"gold_gain":0,"player_choice":"Fight","damage_taken":0,"max_hp_gain":0,"max_hp_loss":0,"event_name":"MindBloom","floor":40,"gold_loss":0}],"is_beta":false,"boss_relics":[{"not_picked":["conspire:RoyalGoblet","halation:PlatinumPhoenix"],"picked":"Replay:Wanted Poster"},{"not_picked":["PrismaticShard","Sozu"],"picked":"halation:NonexistentMirror"}],"items_purged_floors":[13,36],"is_endless":true,"potions_floor_spawned":[4,7,10,12,16,18,23,33,35,41,42],"killed_by":"Spire Growth","ascension_level":6}}