{"host":"anpwk55bj6rntrcq","time":1612403549,"event":{"mods":["Act Like it!","BaseMod","BetterRewards","GifTheSpireLib","Hermit","Hubris","Kratos Character Expansion","Minty Spire (QoL Compilation)","Replay The Spire","Robot Space Explorer","SCP261 Mod","StSLib","The Blackbeard","The Death Knight","The Exalted","The Necromancer","The Servant 0.9.4"],"gold_per_floor":[113,113,113,113,129,129,160,160,160,160,173,199,199,209,209,305,305,317,335,349,105,75,75,75,103,126,142,142,142,160,175,175,270,270,284,301,311,15,28,28,0,10,10,10,10,10],"floor_reached":45,"language":"ENG","playtime":2287,"items_purged":[],"score":467,"play_id":"adbca8c9-0738-4c84-a2b2-b8749e32ed33","local_time":"20210203205229","is_ascension_mode":true,"campfire_choices":[{"data":"Noxious Fumes","floor":6,"key":"SMITH"},{"floor":8,"key":"REST"},{"data":"Replay:Bag of Tricks","floor":10,"key":"SMITH"},{"data":"Poisoned Stab","floor":13,"key":"SMITH"},{"data":"Poisoned Stab","floor":15,"key":"SMITH"},{"floor":23,"key":"REST"},{"data":"Neutralize","floor":29,"key":"SMITH"},{"floor":32,"key":"REST"},{"floor":40,"key":"REST"}],"circlet_count":0,"master_deck":["Strike_G","Strike_G","Strike_G","Strike_G","Strike_G","Defend_G","Defend_G","Defend_G","Defend_G","Defend_G","Survivor","Neutralize+1","Poisoned Stab+1","Replay:Bag of Tricks+1","Noxious Fumes+1","Well Laid Plans+1","Poisoned Stab+1","Poison Darts+1","Crippling Poison","Deadly Poison","Leg Sweep+1","Dash+1","Backflip+1","Poisoned Stab+1","Noxious Fumes","Backstab+1","Parasite","Deadly Poison"],"relics":["Ring of the Snake","Ginger","Bromod:ArcaneTrickery","Pantograph","Molten Egg 2","Bromod:ArcaneConsequence","Bag of Preparation","WingedGreaves","Sozu","Guide Book","Red Mask","Bronze Scales"],"acts_visited":["Exordium","TheCity","TheBeyond"],"potions_floor_usage":[7,12,19,25,31,33,33,33,37],"damage_taken":[{"damage":2,"enemies":"Small Slimes","floor":1,"turns":6},{"damage":4,"enemies":"Jaw Worm","floor":5,"turns":4},{"damage":12,"enemies":"3 Sentries","floor":7,"turns":6},{"damage":0,"enemies":"Cultist","floor":11,"turns":4},{"damage":13,"enemies":"Gremlin Nob","floor":12,"turns":4},{"damage":3,"enemies":"Gremlin Gang","floor":14,"turns":4},{"damage":33,"enemies":"Fading Forest","floor":16,"turns":11},{"damage":2,"enemies":"Shell Parasite","floor":18,"turns":5},{"damage":1,"enemies":"Chosen","floor":19,"turns":5},{"damage":16,"enemies":"Snake Plant","floor":20,"turns":4},{"damage":5,"enemies":"Replay:Snechameleon","floor":25,"turns":6},{"damage":5,"enemies":"Chosen and Byrds","floor":27,"turns":6},{"damage":4,"enemies":"Centurion and Healer","floor":30,"turns":5},{"damage":21,"enemies":"Shelled Parasite and Fungi","floor":31,"turns":5},{"damage":61,"enemies":"Champ","floor":33,"turns":12},{"damage":0,"enemies":"3 Shapes","floor":35,"turns":5},{"damage":8,"enemies":"Orb Walker","floor":36,"turns":4},{"damage":15,"enemies":"Maw","floor":37,"turns":6},{"damage":8,"enemies":"Writhing Mass","floor":39,"turns":5},{"damage":6,"enemies":"3 Darklings","floor":42,"turns":4},{"damage":75,"enemies":"Giant Head","floor":45,"turns":8}],"seed_played":"-4659949685330440158","potions_obtained":[{"floor":0,"key":"SCP261:GirlTearsPotion"},{"floor":0,"key":"Poison Potion"},{"floor":0,"key":"SCP261:ClockworkPotion"},{"floor":5,"key":"Reflective Coating"},{"floor":11,"key":"AttackPotion"},{"floor":14,"key":"Weak Potion"},{"floor":18,"key":"SpeedPotion"},{"floor":22,"key":"FearPotion"},{"floor":27,"key":"SCP261:BarrettColaPotion"},{"floor":30,"key":"Dexterity Potion"},{"floor":31,"key":"Death Potion"},{"floor":33,"key":"Strength Potion"}],"is_trial":false,"path_per_floor":["M","$","?","?","M","R","E","R","T","R","M","E","R","M","R","B",null,"M","M","M","$","?","R","$","E","T","M","?","R","M","M","R","B",null,"M","M","M","$","M","R","?","M","T","$","E"],"character_chosen":"THE_SILENT","items_purchased":["Molten Egg 2","Noxious Fumes","Guide Book","Backstab+1"],"campfire_rested":4,"item_purchase_floors":[21,38,38,38],"current_hp_per_floor":[68,68,68,68,64,64,52,70,70,70,70,57,57,54,54,47,70,68,67,51,51,51,70,70,65,65,60,60,60,56,35,56,9,70,70,62,47,47,39,60,60,54,54,54,0,0],"gold":10,"neow_bonus":"THREE_SMALL_POTIONS","is_daily":false,"chose_seed":false,"campfire_upgraded":5,"win_rate":0.0,"timestamp":1612403549,"path_taken":["M","$","?","?","?","R","E","R","T","R","M","E","R","M","R","BOSS","M","M","?","$","?","R","$","E","T","M","?","R","?","M","R","BOSS","M","M","M","$","?","R","?","M","T","$","E"],"items_purchased_type":["Relic","Card","Relic","Card"],"build_version":"2020-12-22","purchased_purges":0,"victory":false,"max_hp_per_floor":[70,70,70,70,70,70,70,70,70,70,70,70,70,70,70,70,70,70,70,70,70,70,70,70,70,70,70,70,70,70,70,70,70,70,70,70,70,70,70,70,70,70,70,70,70,70],"card_choices":[{"not_picked":["Slice","Dash"],"picked":"Poisoned Stab","floor":1},{"not_picked":["ReplayTheSpireMod:Shiv Toss","All Out Attack"],"picked":"Noxious Fumes","floor":5},{"not_picked":["hubris:SlightOfHand","Hidden Blade","Dagger Throw"],"picked":"SKIP","floor":7},{"not_picked":["Tools of the Trade","Prepared","Backflip"],"picked":"SKIP","floor":11},{"not_picked":["Hidden Blade","PiercingWail"],"picked":"Well Laid Plans","floor":12},{"not_picked":["Blade Dance","Deadly Poison"],"picked":"Poisoned Stab","floor":14},{"not_picked":["Malaise","After Image"],"picked":"Poison Darts","floor":16},{"not_picked":["Dodge and Roll","Dagger Throw"],"picked":"Crippling Poison","floor":18},{"not_picked":["hubris:SlightOfHand","Accuracy","Prepared"],"picked":"SKIP","floor":19},{"not_picked":["Hidden Blade","Underhanded Strike"],"picked":"Deadly Poison","floor":20},{"not_picked":["Bane+1","Calculated Gamble"],"picked":"Leg Sweep+1","floor":25},{"not_picked":["Reflex+1","PiercingWail"],"picked":"Dash+1","floor":27},{"not_picked":["Storm of Steel","Caltrops","Deflect"],"picked":"SKIP","floor":30},{"not_picked":["ReplayTheSpireMod:Shiv Toss+1","Acrobatics"],"picked":"Backflip+1","floor":31},{"not_picked":["Backflip+1","Prepared"],"picked":"Poisoned Stab+1","floor":35},{"not_picked":["Underhanded Strike+1","Dash+1","Sucker Punch+1"],"picked":"SKIP","floor":36},{"not_picked":["ReplayTheSpireMod:Shiv Toss+1","Deflect","Hidden Blade"],"picked":"SKIP","floor":37},{"not_picked":["Dagger Spray+1","hubris:SlightOfHand","Slice+1"],"picked":"SKIP","floor":39},{"not_picked":["Blade Dance+1","Predator+1"],"picked":"Deadly Poison","floor":42}],"player_experience":381951,"relics_obtained":[{"floor":7,"key":"Ginger"},{"floor":9,"key":"Bromod:ArcaneTrickery"},{"floor":12,"key":"Pantograph"},{"floor":25,"key":"Bromod:ArcaneConsequence"},{"floor":26,"key":"Bag of Preparation"},{"floor":43,"key":"Bronze Scales"}],"event_choices":[{"damage_healed":0,"gold_gain":0,"player_choice":"Leave","damage_taken":0,"max_hp_gain":0,"max_hp_loss":0,"event_name":"The Cleric","floor":3,"gold_loss":0},{"damage_healed":0,"gold_gain":0,"player_choice":"1 cards matched","damage_taken":0,"max_hp_gain":0,"max_hp_loss":0,"event_name":"Match and Keep!","floor":4,"gold_loss":0,"cards_obtained":["Replay:Bag of Tricks"]},{"damage_healed":0,"gold_gain":0,"player_choice":"1 cards matched","damage_taken":0,"max_hp_gain":0,"max_hp_loss":0,"event_name":"Match and Keep!","floor":4,"gold_loss":0,"cards_obtained":["Replay:Bag of Tricks"]},{"damage_healed":0,"gold_gain":0,"player_choice":"Paid","damage_taken":0,"relics_obtained":["Red Mask"],"max_hp_gain":0,"max_hp_loss":0,"event_name":"Tomb of Lord Red Mask","floor":41,"gold_loss":28}],"is_beta":false,"boss_relics":[{"not_picked":["Fusion Hammer","hubris:TerracottaHorce","hubris:RunicObelisk"]},{"not_picked":["ReplayTheSpireMod:DimensionalGlitch","Snecko Eye"],"picked":"Sozu"}],"items_purged_floors":[],"is_endless":false,"potions_floor_spawned":[5,11,14,16,18,27,30,31,33,36,42],"killed_by":"Giant Head","ascension_level":1}}