{"host":"by8i6f8xc0ywpsd5","time":1612452911,"event":{"mods":["BaseMod","Colored Map","Minty Spire (QoL Compilation)","Relic Stats"],"gold_per_floor":[59,59,92,148,208,208,250,336,336,336,397,506,101,138,138,234,234,270,270,270,309,0,31,31,116,141,192,204,253,326,406,418,430,430],"floor_reached":33,"language":"ENG","playtime":3520,"items_purged":["Strike_R"],"score":647,"play_id":"a140fe50-64ec-4e40-8372-3a00d74bf9a4","local_time":"20210204173511","is_ascension_mode":true,"campfire_choices":[{"data":"HandOfGreed","floor":6,"key":"SMITH"},{"data":"Bash","floor":10,"key":"SMITH"},{"data":"Disarm","floor":15,"key":"SMITH"},{"floor":24,"key":"REST"},{"data":"Offering","floor":28,"key":"SMITH"},{"floor":32,"key":"REST"}],"circlet_count":0,"master_deck":["AscendersBane","Strike_R+1","Strike_R+1","Strike_R+1","Strike_R+1","Defend_R+1","Defend_R+1","Defend_R+1","Defend_R+1","Bash+1","HandOfGreed+1","Shrug It Off","Headbutt","Burning Pact","Anger","Sentinel","Evolve","Hemokinesis+1","Corruption","Blood for Blood+1","Disarm+1","Feel No Pain","Iron Wave+1","Offering+1","Cleave+1","Burning Pact","Brutality","Pommel Strike+1","Feel No Pain","Dark Embrace","Dark Embrace+1","Uppercut+1","Shrug It Off","Offering"],"relics":["Burning Blood","Molten Egg 2","Omamori","Orrery","Black Star","Enchiridion","Membership Card","Anchor","Akabeko","Pocketwatch","Happy Flower","Orichalcum","MawBank","Bottled Lightning"],"acts_visited":["Exordium","TheCity"],"potions_floor_usage":[7,11,12,18,23,25,33,33],"damage_taken":[{"damage":3,"enemies":"Small Slimes","floor":1,"turns":5},{"damage":0,"enemies":"Cultist","floor":3,"turns":3},{"damage":0,"enemies":"2 Louse","floor":4,"turns":4},{"damage":7,"enemies":"Exordium Wildlife","floor":5,"turns":5},{"damage":0,"enemies":"Exordium Thugs","floor":7,"turns":3},{"damage":0,"enemies":"3 Louse","floor":8,"turns":4},{"damage":16,"enemies":"Large Slime","floor":11,"turns":8},{"damage":11,"enemies":"3 Sentries","floor":12,"turns":7},{"damage":6,"enemies":"2 Fungi Beasts","floor":14,"turns":2},{"damage":23,"enemies":"Hexaghost","floor":16,"turns":7},{"damage":5,"enemies":"Chosen","floor":18,"turns":6},{"damage":9,"enemies":"Spheric Guardian","floor":21,"turns":3},{"damage":37,"enemies":"Gremlin Leader","floor":23,"turns":7},{"damage":13,"enemies":"Slavers","floor":25,"turns":6},{"damage":14,"enemies":"Book of Stabbing","floor":27,"turns":5},{"damage":6,"enemies":"Snake Plant","floor":29,"turns":3},{"damage":13,"enemies":"Centurion and Healer","floor":30,"turns":6},{"damage":11,"enemies":"Shelled Parasite and Fungi","floor":31,"turns":3},{"damage":60,"enemies":"Automaton","floor":33,"turns":6}],"seed_played":"831829647621337739","potions_obtained":[{"floor":2,"key":"Block Potion"},{"floor":2,"key":"Explosive Potion"},{"floor":7,"key":"Fruit Juice"},{"floor":11,"key":"Dexterity Potion"},{"floor":14,"key":"DistilledChaos"},{"floor":23,"key":"SpeedPotion"},{"floor":27,"key":"Swift Potion"},{"floor":31,"key":"BloodPotion"}],"is_trial":false,"path_per_floor":["M","?","M","M","M","R","M","M","T","R","M","E","$","M","R","B",null,"M","?","?","M","$","E","R","E","T","E","R","M","M","M","R","B"],"character_chosen":"IRONCLAD","items_purchased":["Blood for Blood+1","Disarm","Orrery","Membership Card","Dark Embrace","Anchor","Fire Potion"],"campfire_rested":2,"item_purchase_floors":[13,13,13,22,22,22,22],"current_hp_per_floor":[71,71,75,75,74,74,75,75,75,75,70,65,65,65,65,48,72,73,52,52,49,49,18,42,35,35,27,27,27,20,15,39,0,0],"gold":430,"neow_bonus":"RANDOM_COLORLESS_2","is_daily":false,"chose_seed":false,"campfire_upgraded":4,"win_rate":0.0,"timestamp":1612452911,"path_taken":["M","?","M","M","M","R","?","M","T","R","M","E","$","M","R","BOSS","M","?","?","M","?","E","R","E","T","E","R","?","M","M","R","BOSS"],"items_purchased_type":["Card","Card","Relic","Relic","Card","Relic","Potion"],"build_version":"2020-12-22","purchased_purges":1,"victory":false,"max_hp_per_floor":[75,75,75,75,75,75,75,75,75,75,80,80,80,80,80,80,80,80,80,80,80,80,80,80,80,80,80,80,80,80,80,80,80,80],"relic_stats":{"Happy Flower":[7],"counters":[19,93],"Black Star":3,"Orichalcum":[24],"MawBank":72,"obtain_stats":[{"Happy Flower":25,"Enchiridion":19,"Omamori":12,"Orichalcum":25,"MawBank":27,"Burning Blood":0,"Akabeko":23,"Anchor":22,"Orrery":13,"Molten Egg 2":9,"Black Star":17,"Membership Card":22,"Bottled Lightning":27,"Pocketwatch":23},{"Happy Flower":14,"Enchiridion":11,"Omamori":8,"Orichalcum":14,"MawBank":15,"Burning Blood":0,"Akabeko":13,"Anchor":12,"Orrery":8,"Molten Egg 2":6,"Black Star":10,"Membership Card":12,"Bottled Lightning":15,"Pocketwatch":13},{"Happy Flower":70,"Enchiridion":54,"Omamori":39,"Orichalcum":70,"MawBank":75,"Burning Blood":0,"Akabeko":64,"Anchor":57,"Orrery":39,"Molten Egg 2":24,"Black Star":48,"Membership Card":57,"Bottled Lightning":75,"Pocketwatch":64}],"Burning Blood":89,"Pocketwatch":[27]},"card_choices":[{"not_picked":["Magnetism","Metamorphosis"],"picked":"HandOfGreed","floor":0},{"not_picked":["Power Through","Anger"],"picked":"Shrug It Off","floor":1},{"not_picked":["Body Slam","Seeing Red"],"picked":"Headbutt","floor":3},{"not_picked":["Power Through","Havoc"],"picked":"Burning Pact","floor":4},{"not_picked":["Armaments","True Grit"],"picked":"Anger","floor":5},{"not_picked":["Perfected Strike","Flame Barrier"],"picked":"Sentinel","floor":7},{"not_picked":["Headbutt","Armaments"],"picked":"Evolve","floor":8},{"not_picked":["True Grit","Havoc"],"picked":"Hemokinesis+1","floor":11},{"not_picked":["Rage","Flex"],"picked":"Corruption","floor":12},{"not_picked":["Rampage+1","Thunderclap+1"],"picked":"Feel No Pain","floor":13},{"not_picked":["Sword Boomerang+1","Sever Soul+1"],"picked":"Iron Wave+1","floor":13},{"not_picked":["Dual Wield","Bloodletting"],"picked":"Offering","floor":13},{"not_picked":["Warcry","True Grit"],"picked":"Cleave+1","floor":13},{"not_picked":["Clash+1","Twin Strike+1"],"picked":"Burning Pact","floor":14},{"not_picked":["Berserk","Bludgeon+1"],"picked":"Brutality","floor":16},{"not_picked":["Heavy Blade+1","Wild Strike+1"],"picked":"Pommel Strike+1","floor":18},{"not_picked":["Iron Wave+1","Fire Breathing"],"picked":"Feel No Pain","floor":21},{"not_picked":["Perfected Strike+1","Fire Breathing"],"picked":"Dark Embrace+1","floor":23},{"not_picked":["Spot Weakness","Sword Boomerang+1"],"picked":"Uppercut+1","floor":25},{"not_picked":["Headbutt+1","Rupture","Thunderclap+1"],"picked":"SKIP","floor":27},{"not_picked":["Armaments","Sword Boomerang+1","Shrug It Off"],"picked":"SKIP","floor":29},{"not_picked":["Armaments","Sword Boomerang+1"],"picked":"Shrug It Off","floor":29},{"not_picked":["Clash+1","Sword Boomerang+1","Bloodletting"],"picked":"SKIP","floor":30},{"not_picked":["Armaments","Flex"],"picked":"Offering","floor":31}],"player_experience":1747472,"relics_obtained":[{"floor":9,"key":"Molten Egg 2"},{"floor":12,"key":"Omamori"},{"floor":19,"key":"Enchiridion"},{"floor":23,"key":"Akabeko"},{"floor":23,"key":"Pocketwatch"},{"floor":25,"key":"Happy Flower"},{"floor":25,"key":"Orichalcum"},{"floor":27,"key":"MawBank"},{"floor":27,"key":"Bottled Lightning"}],"event_choices":[{"damage_healed":0,"gold_gain":0,"player_choice":"Got Potions","damage_taken":0,"max_hp_gain":0,"max_hp_loss":0,"event_name":"Lab","floor":2,"gold_loss":0},{"damage_healed":0,"gold_gain":0,"player_choice":"Obtained Book","damage_taken":21,"max_hp_gain":0,"max_hp_loss":0,"event_name":"Cursed Tome","floor":19,"gold_loss":0},{"damage_healed":0,"gold_gain":0,"player_choice":"Simplicity","damage_taken":0,"max_hp_gain":0,"max_hp_loss":0,"event_name":"Back to Basics","floor":20,"gold_loss":0,"cards_upgraded":["Strike_R","Strike_R","Strike_R","Strike_R","Defend_R","Defend_R","Defend_R","Defend_R"]}],"is_beta":false,"boss_relics":[{"not_picked":["Coffee Dripper","Mark of Pain"],"picked":"Black Star"}],"items_purged_floors":[13],"is_endless":false,"potions_floor_spawned":[5,7,11,14,23,27,31],"killed_by":"Automaton","ascension_level":20}}