{"host":"6q94iy5iz6612v89","time":1612410021,"event":{"mods":["2.2 Compatiblity","AchievementEnabler","BaseMod","Colored Map","DeckTracker","Keyboard Shortcuts","Minty Spire (QoL Compilation)","Permanent Neow","StSLib","SuperFastMode"],"gold_per_floor":[361,361,376,391,149,149,179,179,179,199,217,279,279,291,291,364,364,319,336,336,336,236,236,236],"floor_reached":23,"language":"KOR","playtime":473,"items_purged":["Strike_B","Strike_B"],"score":382,"play_id":"2ff036bd-90b7-4f6d-9b8d-8f0b0bc8f22b","local_time":"20210204124021","is_ascension_mode":true,"campfire_choices":[{"data":"Zap","floor":6.0,"key":"SMITH"},{"floor":8.0,"key":"REST"},{"data":"Conserve Battery","floor":15.0,"key":"SMITH"}],"circlet_count":0,"master_deck":["AscendersBane","Strike_B+1","Defend_B","Defend_B","Defend_B","Defend_B","Zap+1","Dualcast","Compile Driver+1","Self Repair","Capacitor","Genetic Algorithm","Coolheaded","Conserve Battery+1","Echo Form"],"relics":["Cracked Core","Vajra","Thread and Needle","Calipers","Shuriken","Coffee Dripper"],"acts_visited":["Exordium","TheCity"],"potions_floor_usage":[18,18],"damage_taken":[{"damage":4.0,"enemies":"Jaw Worm","floor":1.0,"turns":4.0},{"damage":0.0,"enemies":"Small Slimes","floor":3.0,"turns":3.0},{"damage":3.0,"enemies":"2 Louse","floor":4.0,"turns":3.0},{"damage":35.0,"enemies":"Lagavulin","floor":7.0,"turns":5.0},{"damage":9.0,"enemies":"Blue Slaver","floor":10.0,"turns":4.0},{"damage":0.0,"enemies":"2 Fungi Beasts","floor":11.0,"turns":4.0},{"damage":21.0,"enemies":"Gremlin Nob","floor":12.0,"turns":4.0},{"damage":0.0,"enemies":"Looter","floor":14.0,"turns":3.0},{"damage":20.0,"enemies":"The Guardian","floor":16.0,"turns":10.0},{"damage":16,"enemies":"2 Thieves","floor":18,"turns":5},{"damage":24,"enemies":"Chosen","floor":19,"turns":6},{"damage":0,"enemies":"Slavers","floor":23,"turns":1}],"seed_played":"-1028016387794795194","potions_obtained":[{"floor":4.0,"key":"Explosive Potion"},{"floor":10.0,"key":"PotionOfCapacity"},{"floor":11.0,"key":"Swift Potion"},{"floor":14.0,"key":"PowerPotion"},{"floor":16.0,"key":"Weak Potion"},{"floor":18,"key":"BlessingOfTheForge"}],"is_trial":false,"path_per_floor":["M","?","M","M","$","R","E","R","T","M","M","?","?","M","R","B",null,"M","M","?","?","$","E"],"character_chosen":"DEFECT","items_purchased":["Vajra"],"campfire_rested":1,"item_purchase_floors":[5],"current_hp_per_floor":[60,41,41,38,38,38,10,29,29,27,34,20,20,27,27,14,52,43,26,26,26,26,26,26],"gold":236,"neow_bonus":"TWO_FIFTY_GOLD","is_daily":false,"chose_seed":false,"campfire_upgraded":2,"win_rate":0.0,"timestamp":1612410021,"path_taken":["M","?","M","M","$","R","E","R","T","M","M","?","?","M","R","BOSS","M","M","?","?","$","E"],"items_purchased_type":["Relic"],"build_version":"2020-12-22","purchased_purges":2,"victory":false,"max_hp_per_floor":[64,64,64,64,64,64,64,64,64,64,64,64,64,64,64,64,64,64,64,64,64,64,64,64],"card_choices":[{"not_picked":["Redo","Turbo"],"picked":"Compile Driver","floor":1.0},{"not_picked":["Chaos","Steam Power","Go for the Eyes"],"picked":"SKIP","floor":3.0},{"not_picked":["Fusion","Beam Cell"],"picked":"Self Repair","floor":4.0},{"not_picked":["Turbo","BootSequence"],"picked":"Capacitor","floor":7.0},{"not_picked":["BootSequence","Fusion"],"picked":"Genetic Algorithm","floor":10.0},{"not_picked":["Streamline","Skim"],"picked":"Coolheaded","floor":11.0},{"not_picked":["Turbo","Scrape"],"picked":"Conserve Battery","floor":12.0},{"not_picked":["Storm","Beam Cell","Recycle"],"picked":"SKIP","floor":14.0},{"not_picked":["Reboot","Thunder Strike"],"picked":"Echo Form","floor":16.0},{"not_picked":["Conserve Battery","Doom and Gloom","Static Discharge"],"picked":"SKIP","floor":18},{"not_picked":["Reprogram","Darkness","Stack"],"picked":"SKIP","floor":19}],"player_experience":1461055,"relics_obtained":[{"floor":7.0,"key":"Thread and Needle"},{"floor":9.0,"key":"Calipers"},{"floor":12.0,"key":"Shuriken"}],"event_choices":[{"damage_healed":0.0,"max_hp_gain":0.0,"max_hp_loss":0.0,"gold_gain":0.0,"event_name":"Shining Light","player_choice":"Entered Light","floor":2.0,"gold_loss":0.0,"damage_taken":19.0,"cards_upgraded":["Compile Driver","Strike_B"]},{"damage_healed":0.0,"max_hp_gain":0.0,"max_hp_loss":0.0,"gold_gain":30.0,"event_name":"Dead Adventurer","player_choice":"Searched \u00273\u0027 times","floor":12.0,"gold_loss":0.0,"damage_taken":0.0},{"cards_removed":["Strike_B"],"damage_healed":0.0,"max_hp_gain":0.0,"max_hp_loss":0.0,"gold_gain":0.0,"event_name":"Living Wall","player_choice":"Forget","floor":13.0,"gold_loss":0.0,"damage_taken":0.0},{"damage_healed":0,"gold_gain":0,"player_choice":"Ignored","damage_taken":0,"max_hp_gain":0,"max_hp_loss":0,"event_name":"The Mausoleum","floor":20,"gold_loss":0},{"damage_healed":0,"gold_gain":0,"player_choice":"Ignored","damage_taken":0,"max_hp_gain":0,"max_hp_loss":0,"event_name":"Vampires","floor":21,"gold_loss":0}],"is_beta":false,"boss_relics":[{"not_picked":["Ectoplasm","Runic Pyramid"],"picked":"Coffee Dripper"}],"items_purged_floors":[5,22],"is_endless":false,"potions_floor_spawned":[4,10,11,14,16,18],"killed_by":"Slavers","ascension_level":20}}