{"host":"ogbiwxon24ufqu6w","time":1612402473,"event":{"mods":["AchievementEnabler","Aspiration","BaseMod","Beaked The Cultist","Colored Map","Colored Powertips","Conspire","Googly Eyes","Highlight Path","Infinite Spire","Mimic Mod","Minty Spire (QoL Compilation)","Quick Restart","Relic Sorter","Replay The Spire","Shop Mod","StSLib","The IronCluck"],"gold_per_floor":[110,31,31,46,60,60,89,107,179,179,189,189,222,232,232,232,232],"floor_reached":16,"language":"ENG","playtime":543,"items_purged":[],"score":218,"play_id":"9cca2a9a-d2f2-43a8-97f7-7dcb5c24318c","local_time":"20210203203433","is_ascension_mode":true,"campfire_choices":[{"data":"infinitespire:OneForAll","floor":6,"key":"SMITH"},{"floor":12,"key":"REST"},{"floor":15,"key":"REST"}],"circlet_count":0,"master_deck":["AscendersBane","Strike_R","Strike_R","Strike_R","Strike_R","Strike_R","Defend_R","Defend_R","Defend_R","Bash","Wild Strike","infinitespire:OneForAll+1","Rage","ReplayTheSpireMod:Strike From Hell","Rage","Anger","Self Repair+1","Replay:Undeath\u0027s Touch","Twin Strike","Searing Blow"],"relics":["NeowsBlessing","beaked:ShinyBauble","Question Card","Iron Core","infinitespire:Bottled Soul"],"acts_visited":["Exordium"],"potions_floor_usage":[8],"damage_taken":[{"damage":0,"enemies":"2 Louse","floor":1,"turns":1},{"damage":0,"enemies":"Cultist","floor":4,"turns":1},{"damage":0,"enemies":"Small Slimes","floor":5,"turns":1},{"damage":61,"enemies":"Lagavulin","floor":7,"turns":7},{"damage":12,"enemies":"Exordium Wildlife","floor":8,"turns":3},{"damage":19,"enemies":"3 Louse","floor":11,"turns":4},{"damage":8,"enemies":"Gremlin Nob","floor":13,"turns":3},{"damage":14,"enemies":"Looter","floor":14,"turns":3},{"damage":46,"enemies":"The Guardian","floor":16,"turns":8}],"seed_played":"8261100454840132420","potions_obtained":[{"floor":7,"key":"Regen Potion"},{"floor":11,"key":"SpeedPotion"},{"floor":13,"key":"Elixir"}],"is_trial":false,"path_per_floor":["M","$","?","M","M","R","E","M","T","?","M","R","E","M","R","B"],"character_chosen":"IRONCLAD","items_purchased":["infinitespire:OneForAll"],"campfire_rested":2,"item_purchase_floors":[2],"current_hp_per_floor":[74,74,74,75,75,75,20,23,23,23,14,36,28,24,46,0,0],"gold":232,"neow_bonus":"THREE_ENEMY_KILL","is_daily":false,"chose_seed":false,"campfire_upgraded":1,"win_rate":0.0,"timestamp":1612402473,"path_taken":["M","$","?","M","?","R","E","M","T","?","M","R","E","M","R","BOSS"],"items_purchased_type":["Card"],"build_version":"2020-12-22","purchased_purges":0,"victory":false,"max_hp_per_floor":[75,75,75,75,75,75,75,75,75,75,75,75,75,75,75,75,75],"card_choices":[{"not_picked":["Combust","Infernal Blade"],"picked":"Wild Strike","floor":1},{"not_picked":["Bloodletting","Evolve"],"picked":"Rage","floor":4},{"not_picked":["Combust","ReplayReversal"],"picked":"ReplayTheSpireMod:Strike From Hell","floor":5},{"not_picked":["Whirlwind","Headbutt"],"picked":"Rage","floor":7},{"not_picked":["Pommel Strike","Clash"],"picked":"Anger","floor":8},{"not_picked":["Massacre","Second Wind","Clothesline"],"picked":"Replay:Undeath\u0027s Touch","floor":11},{"not_picked":["Warcry","Shrug It Off","Sentinel"],"picked":"Twin Strike","floor":13},{"not_picked":["Hologram","Iron Wave","Pummel"],"picked":"Searing Blow","floor":14}],"player_experience":1281404,"relics_obtained":[{"floor":7,"key":"beaked:ShinyBauble"},{"floor":9,"key":"Question Card"},{"floor":13,"key":"infinitespire:Bottled Soul"}],"event_choices":[{"cards_removed":["Defend_R"],"damage_healed":0,"gold_gain":0,"player_choice":"Offered Basic","damage_taken":0,"max_hp_gain":0,"max_hp_loss":0,"event_name":"Bonfire Elementals","floor":3,"gold_loss":0}],"is_beta":false,"boss_relics":[],"items_purged_floors":[],"is_endless":false,"potions_floor_spawned":[7,11,13],"killed_by":"The Guardian","ascension_level":19}}