{"host":"p1xsuo25udtrkbq2","time":1612467688,"event":{"mods":["BaseMod","Colored Map","Googly Eyes","Highlight Path","Minty Spire (QoL Compilation)","Quick Restart","Rare Cards Sparkle","Relic Stats","Slay the Relics Exporter","StSLib","everything is the same but u backflip on backflip"],"gold_per_floor":[119,119,131,150,169,169,195,195,195,224,35,65,82,98,98,174,174,184,184,199,209,228,228,255,272,299,344,356,401,413,340,352,364,364],"floor_reached":33,"language":"ENG","playtime":2162,"items_purged":["Strike_R"],"score":572,"play_id":"95bf6d27-6ff2-43ef-891d-849d100c69ee","local_time":"20210204144128","is_ascension_mode":true,"campfire_choices":[{"data":"Carnage","floor":6.0,"key":"SMITH"},{"data":"Inflame","floor":8.0,"key":"SMITH"},{"data":"Fire Breathing","floor":15.0,"key":"SMITH"},{"floor":23.0,"key":"REST"},{"floor":28,"key":"REST"},{"floor":30,"key":"REST"},{"data":"Anger","floor":32,"key":"SMITH"}],"circlet_count":0,"master_deck":["AscendersBane","Strike_R","Strike_R","Strike_R","Defend_R","Defend_R","Defend_R","Defend_R","Bash","Shrug It Off","Fire Breathing+1","Inflame+1","Carnage+1","Iron Wave","Twin Strike","Impervious","Evolve","Thunderclap","Corruption","CurseOfTheBell","Flame Barrier+1","Dark Embrace+1","Disarm","Juggernaut+1","Feel No Pain+1","Feed","Anger+1"],"relics":["Burning Blood","NeowsBlessing","Nunchaku","Unceasing Top","Pear","Smiling Mask","Ornamental Fan","Calling Bell","Pen Nib","Frozen Egg 2","StoneCalendar","Lizard Tail","MawBank","Boot","PreservedInsect","MealTicket"],"acts_visited":["Exordium","TheCity"],"potions_floor_usage":[29,33],"damage_taken":[{"damage":0.0,"enemies":"Small Slimes","floor":1.0,"turns":1.0},{"damage":0.0,"enemies":"2 Louse","floor":3.0,"turns":1.0},{"damage":0.0,"enemies":"Cultist","floor":4.0,"turns":1.0},{"damage":15.0,"enemies":"Lots of Slimes","floor":5.0,"turns":6.0},{"damage":20.0,"enemies":"3 Sentries","floor":7.0,"turns":5.0},{"damage":17.0,"enemies":"Lagavulin","floor":10.0,"turns":7.0},{"damage":24.0,"enemies":"Gremlin Nob","floor":12.0,"turns":4.0},{"damage":0.0,"enemies":"2 Fungi Beasts","floor":13.0,"turns":4.0},{"damage":5.0,"enemies":"3 Louse","floor":14.0,"turns":4.0},{"damage":31.0,"enemies":"Slime Boss","floor":16.0,"turns":8.0},{"damage":24.0,"enemies":"Spheric Guardian","floor":18.0,"turns":6.0},{"damage":18.0,"enemies":"3 Byrds","floor":20.0,"turns":7.0},{"damage":24.0,"enemies":"Snake Plant","floor":21.0,"turns":6.0},{"damage":18.0,"enemies":"3 Cultists","floor":22.0,"turns":5.0},{"damage":24.0,"enemies":"Slavers","floor":24.0,"turns":5.0},{"damage":20.0,"enemies":"Centurion and Healer","floor":25.0,"turns":7.0},{"damage":83,"enemies":"Gremlin Leader","floor":27,"turns":7},{"damage":46,"enemies":"Slavers","floor":29,"turns":5},{"damage":42,"enemies":"Champ","floor":33,"turns":6}],"seed_played":"6142072930433618967","potions_obtained":[{"floor":1.0,"key":"AttackPotion"},{"floor":3.0,"key":"Fruit Juice"},{"floor":5.0,"key":"Swift Potion"},{"floor":7.0,"key":"Regen Potion"},{"floor":13.0,"key":"EssenceOfSteel"},{"floor":20.0,"key":"EssenceOfSteel"},{"floor":25.0,"key":"FairyPotion"},{"floor":27,"key":"Energy Potion"},{"floor":29,"key":"Strength Potion"}],"is_trial":false,"path_per_floor":["M","?","M","M","M","R","E","R","T","E","$","E","M","M","R","B",null,"M","?","M","M","M","R","E","M","T","E","R","E","R","?","R","B"],"character_chosen":"IRONCLAD","items_purchased":["Impervious"],"campfire_rested":3,"item_purchase_floors":[11],"current_hp_per_floor":[74,63,69,75,66,66,52,52,62,51,51,33,44,45,45,35,76,58,58,46,28,16,43,25,11,11,19,46,9,36,36,36,0,0],"gold":364,"neow_bonus":"THREE_ENEMY_KILL","is_daily":false,"chose_seed":false,"campfire_upgraded":4,"win_rate":0.0,"timestamp":1612467688,"path_taken":["M","?","M","M","M","R","E","R","T","E","$","E","M","M","R","BOSS","M","?","?","M","?","R","E","M","T","E","R","E","R","?","R","BOSS"],"items_purchased_type":["Card"],"build_version":"2020-12-22","purchased_purges":1,"victory":false,"max_hp_per_floor":[75,75,75,75,75,75,75,75,85,85,85,85,90,90,90,90,90,90,90,90,90,90,90,90,90,90,90,90,93,93,93,93,93,93],"relic_stats":{"counters":[19,95],"StoneCalendar":[140],"Pen Nib":[6],"PreservedInsect":0,"Smiling Mask":25,"MawBank":84,"Boot":[3],"Burning Blood":108,"Nunchaku":[11],"Lizard Tail":45,"Ornamental Fan":[24],"MealTicket":0,"obtain_stats":[{"Pear":9,"NeowsBlessing":0,"StoneCalendar":17,"Pen Nib":17,"PreservedInsect":29,"Frozen Egg 2":17,"Smiling Mask":10,"MawBank":26,"Boot":27,"Burning Blood":0,"Calling Bell":17,"Nunchaku":2,"Lizard Tail":24,"Ornamental Fan":12,"MealTicket":31,"Unceasing Top":7},{"Pear":5,"NeowsBlessing":0,"StoneCalendar":10,"Pen Nib":10,"PreservedInsect":18,"Frozen Egg 2":10,"Smiling Mask":6,"MawBank":16,"Boot":17,"Burning Blood":0,"Calling Bell":10,"Nunchaku":1,"Lizard Tail":15,"Ornamental Fan":7,"MealTicket":18,"Unceasing Top":5},{"Pear":14,"NeowsBlessing":0,"StoneCalendar":41,"Pen Nib":41,"PreservedInsect":89,"Frozen Egg 2":41,"Smiling Mask":21,"MawBank":77,"Boot":84,"Burning Blood":0,"Calling Bell":41,"Nunchaku":1,"Lizard Tail":70,"Ornamental Fan":25,"MealTicket":89,"Unceasing Top":14}],"Unceasing Top":[0]},"card_choices":[{"not_picked":["Headbutt","Rupture"],"picked":"Shrug It Off","floor":1.0},{"not_picked":["True Grit","Anger"],"picked":"Fire Breathing","floor":3.0},{"not_picked":["Perfected Strike","Cleave"],"picked":"Inflame","floor":4.0},{"not_picked":["Havoc","Armaments"],"picked":"Carnage","floor":5.0},{"not_picked":["Dark Embrace","Seeing Red"],"picked":"Iron Wave","floor":7.0},{"not_picked":["True Grit","Havoc"],"picked":"Twin Strike","floor":10.0},{"not_picked":["Combust","Infernal Blade"],"picked":"Evolve","floor":12.0},{"not_picked":["Metallicize","Clothesline","Perfected Strike"],"picked":"SKIP","floor":13.0},{"not_picked":["Carnage","Wild Strike"],"picked":"Thunderclap","floor":14.0},{"not_picked":["Limit Break","Bludgeon"],"picked":"Corruption","floor":16.0},{"not_picked":["Whirlwind","Pommel Strike","Thunderclap+1"],"picked":"SKIP","floor":18.0},{"not_picked":["True Grit","Ghostly Armor"],"picked":"Flame Barrier+1","floor":20.0},{"not_picked":["Havoc","Wild Strike"],"picked":"Dark Embrace+1","floor":21.0},{"not_picked":["Thunderclap","Armaments"],"picked":"Disarm","floor":22.0},{"not_picked":["Shrug It Off","Second Wind"],"picked":"Juggernaut+1","floor":24.0},{"not_picked":["Perfected Strike","Disarm"],"picked":"Feel No Pain+1","floor":25.0},{"not_picked":["Armaments+1","Sentinel"],"picked":"Feed","floor":27},{"not_picked":["Limit Break","Fire Breathing+1"],"picked":"Anger","floor":29}],"player_experience":988569,"relics_obtained":[{"floor":7.0,"key":"Unceasing Top"},{"floor":9.0,"key":"Pear"},{"floor":10.0,"key":"Smiling Mask"},{"floor":12.0,"key":"Ornamental Fan"},{"floor":17.0,"key":"Pen Nib"},{"floor":17.0,"key":"Frozen Egg 2"},{"floor":17.0,"key":"StoneCalendar"},{"floor":24.0,"key":"Lizard Tail"},{"floor":26.0,"key":"MawBank"},{"floor":27,"key":"Boot"},{"floor":29,"key":"PreservedInsect"}],"event_choices":[{"damage_healed":0.0,"max_hp_gain":0.0,"max_hp_loss":0.0,"gold_gain":0.0,"event_name":"Scrap Ooze","player_choice":"Success","floor":2.0,"gold_loss":0.0,"damage_taken":11.0,"relics_obtained":["Nunchaku"]},{"cards_removed":["Strike_R"],"damage_healed":0.0,"max_hp_gain":0.0,"max_hp_loss":0.0,"gold_gain":0.0,"event_name":"Purifier","player_choice":"Purged","floor":19.0,"gold_loss":0.0,"damage_taken":0.0},{"damage_healed":0,"gold_gain":0,"player_choice":"Obtained Relic","damage_taken":0,"relics_obtained":["MealTicket"],"max_hp_gain":0,"max_hp_loss":0,"event_name":"Addict","floor":31,"gold_loss":85}],"is_beta":false,"boss_relics":[{"not_picked":["Black Blood","Astrolabe"],"picked":"Calling Bell"}],"items_purged_floors":[11],"is_endless":false,"potions_floor_spawned":[1,3,5,7,13,20,25,27,29],"killed_by":"Champ","ascension_level":15}}