{"host":"sz8c8ni79nvzjmmg","time":1612473921,"event":{"mods":["AchievementEnabler","BaseMod","DeckTracker","Keyboard Shortcuts","Minty Spire (QoL Compilation)","SuperFastMode"],"gold_per_floor":[17,17,28,41,53,53,83,101,126,138,152,152,167,178,178,252,252,225,243,243,243,260,260,11,11,11,43,43,43],"floor_reached":28,"language":"KOR","playtime":1144,"items_purged":["Strike_R"],"score":538,"play_id":"dd9b1476-f46b-4610-a3a5-4ea54269ad8c","local_time":"20210205062521","is_ascension_mode":true,"campfire_choices":[{"data":"Barricade","floor":6.0,"key":"SMITH"},{"data":"Evolve","floor":12.0,"key":"SMITH"},{"data":"Pommel Strike","floor":15.0,"key":"SMITH"},{"data":"Body Slam","floor":23,"key":"SMITH"},{"data":"Offering","floor":25,"key":"SMITH"}],"circlet_count":0,"master_deck":["AscendersBane","Defend_R","Defend_R","Defend_R","Defend_R","Bash","Fiend Fire","Infernal Blade","Barricade+1","Power Through","Evolve+1","Second Wind","Pommel Strike+1","Impervious","Ghostly Armor+1","Power Through","Corruption","Body Slam+1","Offering+1"],"relics":["Burning Blood","Kunai","Art of War","Busted Crown","Ancient Tea Set"],"acts_visited":["Exordium","TheCity"],"potions_floor_usage":[16,22],"damage_taken":[{"damage":7.0,"enemies":"Small Slimes","floor":1.0,"turns":5.0},{"damage":0.0,"enemies":"Cultist","floor":3.0,"turns":3.0},{"damage":6.0,"enemies":"Jaw Worm","floor":4.0,"turns":3.0},{"damage":14.0,"enemies":"Blue Slaver","floor":5.0,"turns":4.0},{"damage":17.0,"enemies":"Lagavulin","floor":7.0,"turns":8.0},{"damage":19.0,"enemies":"Exordium Thugs","floor":8.0,"turns":5.0},{"damage":0.0,"enemies":"Looter","floor":10.0,"turns":2.0},{"damage":8.0,"enemies":"Blue Slaver","floor":11.0,"turns":5.0},{"damage":7.0,"enemies":"Large Slime","floor":13.0,"turns":8.0},{"damage":6.0,"enemies":"2 Fungi Beasts","floor":14.0,"turns":6.0},{"damage":21,"enemies":"The Guardian","floor":16,"turns":18},{"damage":22,"enemies":"2 Thieves","floor":18,"turns":4},{"damage":27,"enemies":"Shell Parasite","floor":19,"turns":10},{"damage":2,"enemies":"Chosen and Byrds","floor":22,"turns":6},{"damage":6,"enemies":"Book of Stabbing","floor":27,"turns":5},{"damage":39,"enemies":"Masked Bandits","floor":28,"turns":4}],"seed_played":"2338978485597460426","potions_obtained":[{"floor":3.0,"key":"SkillPotion"},{"floor":4.0,"key":"ElixirPotion"},{"floor":7.0,"key":"Energy Potion"},{"floor":13.0,"key":"LiquidMemories"},{"floor":18,"key":"LiquidMemories"}],"is_trial":false,"path_per_floor":["M","?","M","M","M","R","E","M","T","M","M","R","M","M","R","B",null,"M","M","?","?","M","R","$","R","T","E","?"],"character_chosen":"IRONCLAD","items_purchased":["Offering"],"campfire_rested":0,"item_purchase_floors":[24],"current_hp_per_floor":[67,67,73,73,65,65,54,41,41,47,45,45,44,44,44,29,64,48,27,27,27,31,31,31,31,31,31,0,0],"gold":43,"neow_bonus":"TRANSFORM_TWO_CARDS","is_daily":false,"chose_seed":false,"campfire_upgraded":5,"win_rate":0.0,"timestamp":1612473921,"path_taken":["M","?","M","M","M","R","E","M","T","?","M","R","M","M","R","BOSS","M","M","?","?","M","R","$","R","T","E","?"],"items_purchased_type":["Card"],"build_version":"2020-12-22","purchased_purges":1,"victory":false,"max_hp_per_floor":[75,75,75,75,75,75,75,75,75,75,75,75,75,75,75,75,75,75,75,75,75,75,75,75,75,75,75,75,75],"card_choices":[{"not_picked":["True Grit","Second Wind"],"picked":"Infernal Blade","floor":1.0},{"not_picked":["Bloodletting","Reckless Charge","Clash"],"picked":"SKIP","floor":3.0},{"not_picked":["Havoc","Perfected Strike"],"picked":"Barricade","floor":4.0},{"not_picked":["Armaments","Reckless Charge"],"picked":"Power Through","floor":5.0},{"not_picked":["Cleave","Iron Wave","Clash"],"picked":"SKIP","floor":7.0},{"not_picked":["Reckless Charge","Headbutt","Armaments"],"picked":"SKIP","floor":8.0},{"not_picked":["Hemokinesis","Cleave"],"picked":"Evolve","floor":10.0},{"not_picked":["Combust","Inflame"],"picked":"Second Wind","floor":11.0},{"not_picked":["Iron Wave","True Grit","Thunderclap"],"picked":"SKIP","floor":13.0},{"not_picked":["Intimidate","Havoc"],"picked":"Pommel Strike","floor":14.0},{"not_picked":["Berserk","Bludgeon"],"picked":"Impervious","floor":16},{"not_picked":[],"picked":"Ghostly Armor+1","floor":18},{"not_picked":["Heavy Blade"],"picked":"SKIP","floor":19},{"not_picked":["Perfected Strike"],"picked":"SKIP","floor":22},{"not_picked":["Berserk"],"picked":"SKIP","floor":27}],"player_experience":1249667,"relics_obtained":[{"floor":7.0,"key":"Kunai"},{"floor":9.0,"key":"Art of War"},{"floor":27,"key":"Ancient Tea Set"}],"event_choices":[{"cards_removed":["Perfected Strike"],"damage_healed":0.0,"max_hp_gain":0.0,"max_hp_loss":0.0,"gold_gain":0.0,"event_name":"Purifier","player_choice":"Purged","floor":2.0,"gold_loss":0.0,"damage_taken":0.0},{"damage_healed":0,"gold_gain":0,"cards_transformed":["Strike_R","Strike_R"],"player_choice":"Became Test Subject","damage_taken":0,"max_hp_gain":0,"max_hp_loss":0,"event_name":"Drug Dealer","floor":20,"gold_loss":0,"cards_obtained":["Power Through","Corruption"]},{"damage_healed":0,"gold_gain":0,"player_choice":"Read","damage_taken":0,"max_hp_gain":0,"max_hp_loss":0,"event_name":"The Library","floor":21,"gold_loss":0,"cards_obtained":["Body Slam"]},{"damage_healed":0,"gold_gain":0,"player_choice":"Fought Bandits","damage_taken":0,"max_hp_gain":0,"max_hp_loss":0,"event_name":"Masked Bandits","floor":28,"gold_loss":0}],"is_beta":false,"boss_relics":[{"not_picked":["Black Blood","Ectoplasm"],"picked":"Busted Crown"}],"items_purged_floors":[24],"is_endless":false,"potions_floor_spawned":[3,4,7,13,18],"killed_by":"Masked Bandits","ascension_level":20}}