{"host":"6fkscwgr344hcmao","time":1612480317,"event":{"mods":["2.2 Compatiblity","AchievementEnabler","BaseMod","Colored Map","Highlight Path","Minty Spire (QoL Compilation)","Random Character Button","Rare Cards Sparkle"],"gold_per_floor":[113,63,63,78,97,126,141,141,215,232,249,249,262,277,277,373,373,389,389,389,58,58,58,74,74,100,117,117,117,131,82,82,186,186,186,196,49,60,0,0,0,0,36,48,76,88,400,424,436,448,448],"floor_reached":50,"language":"POL","playtime":1821,"items_purged":["Whirlwind"],"score":469,"play_id":"9c808daf-8af4-481b-bebb-b67befbdcd62","local_time":"20210205001157","is_ascension_mode":false,"campfire_choices":[{"data":"Rampage","floor":8,"key":"SMITH"},{"floor":12,"key":"DIG"},{"floor":15,"key":"DIG"},{"floor":23,"key":"DIG"},{"floor":25,"key":"RECALL"},{"floor":32,"key":"DIG"},{"data":"Offering","floor":40,"key":"SMITH"},{"floor":44,"key":"REST"},{"floor":47,"key":"DIG"},{"floor":49,"key":"REST"}],"circlet_count":0,"master_deck":["Bash","Rampage+1","Headbutt","Violence","Offering+1","Impervious","Warcry","Rage","Dropkick","Parasite"],"relics":["Burning Blood","Shovel","HornCleat","Juzu Bracelet","Runic Pyramid","ClockworkSouvenir","Regal Pillow","Lantern","Pandora\u0027s Box","Red Mask","MawBank","Strawberry","Old Coin"],"acts_visited":["TheCity","TheBeyond"],"potions_floor_usage":[6,7,27,35,35,38],"damage_taken":[{"damage":1.0,"enemies":"Jaw Worm","floor":1.0,"turns":3.0},{"damage":9,"enemies":"2 Louse","floor":4,"turns":3},{"damage":0,"enemies":"Cultist","floor":5,"turns":3},{"damage":11,"enemies":"Gremlin Nob","floor":6,"turns":3},{"damage":13,"enemies":"Large Slime","floor":7,"turns":5},{"damage":7,"enemies":"Blue Slaver","floor":10,"turns":3},{"damage":0,"enemies":"3 Louse","floor":11,"turns":4},{"damage":3,"enemies":"Gremlin Gang","floor":13,"turns":4},{"damage":5,"enemies":"Looter","floor":14,"turns":3},{"damage":57,"enemies":"Hexaghost","floor":16,"turns":8},{"damage":7,"enemies":"Shell Parasite","floor":18,"turns":3},{"damage":5,"enemies":"Chosen","floor":24,"turns":3},{"damage":11,"enemies":"Centurion and Healer","floor":27,"turns":3},{"damage":6,"enemies":"Snake Plant","floor":30,"turns":3},{"damage":35,"enemies":"Champ","floor":33,"turns":7},{"damage":26,"enemies":"3 Darklings","floor":35,"turns":6},{"damage":6,"enemies":"Orb Walker","floor":36,"turns":3},{"damage":38,"enemies":"4 Shapes","floor":38,"turns":5},{"damage":23,"enemies":"Sphere and 2 Shapes","floor":45,"turns":5},{"damage":22,"enemies":"Writhing Mass","floor":48,"turns":4},{"damage":93,"enemies":"Donu and Deca","floor":50,"turns":6}],"seed_played":"-3073964333419892751","potions_obtained":[{"floor":1.0,"key":"SmokeBomb"},{"floor":4,"key":"AttackPotion"},{"floor":7,"key":"Fruit Juice"},{"floor":11,"key":"SneckoOil"},{"floor":22,"key":"DistilledChaos"},{"floor":27,"key":"Regen Potion"},{"floor":38,"key":"SpeedPotion"}],"is_trial":false,"path_per_floor":["M","?","?","M","M","E","M","R","T","M","M","R","M","M","R","B",null,"M","?","?","$","?","R","M","R","T","M","?","?","M","$","R","B",null,"M","M","$","M","?","R","?","T","T","R","M","$","R","M","R","B"],"character_chosen":"IRONCLAD","items_purchased":["Violence","ClockworkSouvenir","Warcry","Dropkick"],"campfire_rested":2,"item_purchase_floors":[21,21,31,37],"current_hp_per_floor":[72,72,72,69,72,67,65,65,65,64,70,70,73,74,74,23,77,76,76,76,76,76,76,77,77,77,72,72,72,72,72,72,43,77,57,57,57,34,34,34,34,34,41,81,64,64,64,48,84,0,0],"gold":448,"neow_bonus":"REMOVE_TWO","is_daily":false,"chose_seed":false,"campfire_upgraded":2,"win_rate":0.0,"timestamp":1612480317,"path_taken":["M","?","?","M","M","E","M","R","T","M","M","R","M","M","R","BOSS","M","?","?","$","?","R","M","R","T","M","?","?","M","$","R","BOSS","M","M","$","M","?","R","?","?","T","R","M","$","R","M","R","BOSS"],"items_purchased_type":["Card","Relic","Card","Card"],"build_version":"2020-12-22","purchased_purges":1,"victory":false,"max_hp_per_floor":[72,72,72,72,72,72,77,77,77,77,77,77,77,77,77,77,77,77,77,77,77,77,77,77,77,77,77,77,77,77,77,77,77,77,77,77,77,77,77,77,77,77,84,84,84,84,84,84,84,84,84],"card_choices":[{"not_picked":["Metallicize","Body Slam"],"picked":"Rampage","floor":1.0},{"not_picked":["Rupture","Iron Wave","Armaments"],"picked":"SKIP","floor":4},{"not_picked":["True Grit","Flex","Intimidate"],"picked":"SKIP","floor":5},{"not_picked":["Metallicize","Juggernaut"],"picked":"Headbutt","floor":6},{"not_picked":["Uppercut","Perfected Strike","Headbutt"],"picked":"SKIP","floor":7},{"not_picked":["Thunderclap","Pommel Strike","Warcry"],"picked":"SKIP","floor":10},{"not_picked":["Headbutt","Pommel Strike","Spot Weakness"],"picked":"SKIP","floor":11},{"not_picked":["Berserk","Clash","True Grit"],"picked":"SKIP","floor":13},{"not_picked":["Pommel Strike","Havoc","Flame Barrier"],"picked":"SKIP","floor":14},{"not_picked":["Clash+1","Pommel Strike","Twin Strike+1"],"picked":"SKIP","floor":18},{"not_picked":["Clothesline","Infernal Blade","Headbutt"],"picked":"SKIP","floor":24},{"not_picked":["Body Slam","True Grit+1","Hemokinesis+1"],"picked":"SKIP","floor":27},{"not_picked":["Shrug It Off+1","Juggernaut","Pommel Strike"],"picked":"SKIP","floor":30},{"not_picked":["Anger","Sentinel","Spot Weakness"],"picked":"SKIP","floor":36},{"not_picked":["Headbutt","Rampage","Body Slam+1"],"picked":"SKIP","floor":38},{"not_picked":["True Grit","Battle Trance+1","Shrug It Off"],"picked":"SKIP","floor":45},{"not_picked":["Clash","Perfected Strike+1","Twin Strike+1"],"picked":"SKIP","floor":48}],"player_experience":242030,"relics_obtained":[{"floor":6,"key":"Shovel"},{"floor":9,"key":"HornCleat"},{"floor":12,"key":"Juzu Bracelet"},{"floor":23,"key":"Regal Pillow"},{"floor":32,"key":"Lantern"},{"floor":42,"key":"MawBank"},{"floor":43,"key":"Strawberry"},{"floor":47,"key":"Old Coin"}],"event_choices":[{"cards_removed":["Strike_R"],"damage_healed":0.0,"max_hp_gain":0.0,"max_hp_loss":0.0,"gold_gain":0.0,"event_name":"The Cleric","player_choice":"Card Removal","floor":2.0,"gold_loss":50.0,"damage_taken":0.0},{"cards_removed":["Strike_R"],"damage_healed":0.0,"max_hp_gain":0.0,"max_hp_loss":0.0,"gold_gain":0.0,"event_name":"Living Wall","player_choice":"Forget","floor":3.0,"gold_loss":0.0,"damage_taken":0.0},{"damage_healed":0,"gold_gain":0,"player_choice":"Ignored","damage_taken":0,"max_hp_gain":0,"max_hp_loss":0,"event_name":"Ghosts","floor":19,"gold_loss":0},{"cards_removed":["Strike_R"],"damage_healed":0,"gold_gain":0,"player_choice":"Elegance","damage_taken":0,"max_hp_gain":0,"max_hp_loss":0,"event_name":"Back to Basics","floor":20,"gold_loss":0},{"damage_healed":0,"gold_gain":0,"player_choice":"Got Potions","damage_taken":0,"max_hp_gain":0,"max_hp_loss":0,"event_name":"Lab","floor":22,"gold_loss":0},{"damage_healed":0,"gold_gain":0,"player_choice":"Ignored","damage_taken":0,"max_hp_gain":0,"max_hp_loss":0,"event_name":"Vampires","floor":28,"gold_loss":0},{"damage_healed":0,"gold_gain":0,"cards_transformed":["Defend_R","Defend_R"],"player_choice":"Became Test Subject","damage_taken":0,"max_hp_gain":0,"max_hp_loss":0,"event_name":"Drug Dealer","floor":29,"gold_loss":0,"cards_obtained":["Offering","Impervious"]},{"damage_healed":0,"gold_gain":0,"player_choice":"Paid","damage_taken":0,"relics_obtained":["Red Mask"],"max_hp_gain":0,"max_hp_loss":0,"event_name":"Tomb of Lord Red Mask","floor":39,"gold_loss":60},{"damage_healed":0,"gold_gain":0,"player_choice":"Memory 1","damage_taken":0,"max_hp_gain":0,"max_hp_loss":0,"event_name":"SensoryStone","floor":41,"gold_loss":0}],"is_beta":false,"boss_relics":[{"not_picked":["Mark of Pain","Empty Cage"],"picked":"Runic Pyramid"},{"not_picked":["Philosopher\u0027s Stone","Black Star"],"picked":"Pandora\u0027s Box"}],"items_purged_floors":[37],"is_endless":false,"potions_floor_spawned":[1,4,7,11,27,35,38],"killed_by":"Donu and Deca","ascension_level":0}}