{"host":"aapp7ew3jk5k1bvd","time":1612442512,"event":{"mods":["AchievementEnabler","BaseMod","Colored Map","Minty Spire (QoL Compilation)","Permanent Neow","StSLib","SuperFastMode"],"gold_per_floor":[119,139,159,173,248,248,266,266,289,289,303,316,334,364,364,364,364],"floor_reached":16,"language":"KOR","playtime":309,"items_purged":[],"score":106,"play_id":"2001b4b2-f869-48ba-89fb-5c95fb755c47","local_time":"20210204214152","is_ascension_mode":false,"campfire_choices":[{"data":"Zap","floor":6.0,"key":"SMITH"},{"data":"Dualcast","floor":8.0,"key":"SMITH"},{"data":"Gash","floor":10.0,"key":"SMITH"},{"floor":15,"key":"REST"}],"circlet_count":0,"master_deck":["Strike_B","Strike_B","Strike_B","Strike_B","Defend_B","Defend_B","Defend_B","Defend_B","Zap+1","Dualcast+1","Coolheaded","Gash+1","Rebound","Beam Cell","Go for the Eyes","Chill","Conserve Battery"],"relics":["Cracked Core"],"acts_visited":["Exordium"],"potions_floor_usage":[],"damage_taken":[{"damage":0.0,"enemies":"2 Louse","floor":1.0,"turns":2.0},{"damage":0.0,"enemies":"Cultist","floor":2.0,"turns":4.0},{"damage":0.0,"enemies":"Small Slimes","floor":3.0,"turns":3.0},{"damage":4.0,"enemies":"2 Fungi Beasts","floor":4.0,"turns":4.0},{"damage":9.0,"enemies":"Blue Slaver","floor":7.0,"turns":3.0},{"damage":10.0,"enemies":"Looter","floor":11.0,"turns":2.0},{"damage":9.0,"enemies":"Lots of Slimes","floor":12.0,"turns":4.0},{"damage":8.0,"enemies":"Exordium Thugs","floor":13.0,"turns":4.0},{"damage":18.0,"enemies":"Gremlin Nob","floor":14.0,"turns":5.0},{"damage":28,"enemies":"Slime Boss","floor":16,"turns":4}],"seed_played":"-2207217503113603526","potions_obtained":[{"floor":3.0,"key":"Block Potion"},{"floor":7.0,"key":"Energy Potion"},{"floor":14,"key":"Weak Potion"}],"is_trial":false,"path_per_floor":["M","M","M","M","?","R","M","R","T","R","M","M","M","E","R","B"],"character_chosen":"DEFECT","items_purchased":[],"campfire_rested":1,"item_purchase_floors":[],"current_hp_per_floor":[75,75,75,71,64,64,55,55,55,55,45,36,28,10,32,4,4],"gold":364,"neow_bonus":"THREE_CARDS","is_daily":false,"chose_seed":false,"campfire_upgraded":3,"win_rate":0.0,"timestamp":1612442512,"path_taken":["M","M","M","M","?","R","M","R","T","R","M","M","M","E","R","BOSS"],"items_purchased_type":[],"build_version":"2020-12-22","purchased_purges":0,"victory":false,"max_hp_per_floor":[75,75,75,75,75,75,75,75,75,75,75,75,75,75,75,75,75],"card_choices":[{"not_picked":["Auto Shields","BootSequence"],"picked":"Coolheaded","floor":0.0},{"not_picked":["Streamline","Barrage"],"picked":"Gash","floor":1.0},{"not_picked":["Leap","Turbo"],"picked":"Rebound","floor":2.0},{"not_picked":["Coolheaded","Compile Driver","Barrage"],"picked":"SKIP","floor":3.0},{"not_picked":["Reinforced Body","Leap","Loop"],"picked":"SKIP","floor":4.0},{"not_picked":["Rip and Tear","Cold Snap"],"picked":"Beam Cell","floor":7.0},{"not_picked":["Compile Driver","Turbo","Recycle"],"picked":"SKIP","floor":11.0},{"not_picked":["Compile Driver","Multi-Cast"],"picked":"Go for the Eyes","floor":12.0},{"not_picked":["Cold Snap","Static Discharge"],"picked":"Chill","floor":13.0},{"not_picked":["Cold Snap","Consume"],"picked":"Conserve Battery","floor":14}],"player_experience":1313238,"relics_obtained":[],"event_choices":[{"damage_healed":0.0,"max_hp_gain":0.0,"max_hp_loss":0.0,"gold_gain":75.0,"event_name":"FaceTrader","player_choice":"Touch","floor":5.0,"gold_loss":0.0,"damage_taken":7.0}],"is_beta":false,"boss_relics":[],"items_purged_floors":[],"is_endless":false,"potions_floor_spawned":[3,7,14],"killed_by":"Slime Boss","ascension_level":0}}