{"host":"1q02rw1wpi0nrsss","time":1612427091,"event":{"mods":["AchievementEnabler","BaseMod","Better Note","Custom Start","Dark Map","DeckTracker","Disable Question Mark Monsters","Hermit","Minty Spire (QoL Compilation)","Permanent Neow","Quick Restart","Rare Cards Sparkle","Relic Stats","StSLib","??????REMEMod"],"gold_per_floor":[109,34,48,65,78,113,125,166,204,234,246,258,270,298,310,424,436,461,487,499,527,555,592,624,636,648,679,719,746,758,783,795,907,919,950,962,987,494,509,509,526,526,577,577,589,589,609,621,621,621],"floor_reached":51,"language":"ENG","playtime":2060,"items_purged":["Strike_R","Strike_R"],"score":894,"play_id":"86d4a4d1-9511-4feb-98e9-0f33adac6ca4","local_time":"20210204002451","is_ascension_mode":true,"campfire_choices":[{"data":"Uppercut","floor":11.0,"key":"SMITH"},{"data":"Rampage","floor":13.0,"key":"SMITH"},{"data":"Bash","floor":15.0,"key":"SMITH"},{"floor":25.0,"key":"REST"},{"floor":30.0,"key":"REST"},{"data":"Demon Form","floor":32.0,"key":"SMITH"},{"data":"Offering","floor":40,"key":"SMITH"},{"data":"Shrug It Off","floor":42,"key":"SMITH"},{"data":"Impervious","floor":44,"key":"SMITH"},{"floor":46,"key":"REST"},{"data":"REME_TheLastStrike","floor":49,"key":"SMITH"}],"circlet_count":0,"master_deck":["Strike_R","Strike_R+1","Strike_R","Defend_R","Defend_R","Defend_R","Defend_R","Bash+1","Apotheosis+1","Thunderclap+1","Rampage+1","Feed","Uppercut+1","Impervious+1","Shrug It Off+1","Demon Form+1","Offering+1","Ghostly Armor+1","REME_TheLastStrike+1"],"relics":["Burning Blood","REME_ComplimentaryCards","MawBank","Bronze Scales","Bag of Preparation","Black Star","Strawberry","HornCleat","Nunchaku","Ancient Tea Set","Red Mask","Sozu","REME_CardOfGreed","Bottled Tornado","PreservedInsect"],"acts_visited":["Exordium","TheCity","TheBeyond"],"potions_floor_usage":[33,50,50],"damage_taken":[{"damage":0.0,"enemies":"2 Louse","floor":1.0,"turns":3.0},{"damage":5.0,"enemies":"Small Slimes","floor":3.0,"turns":3.0},{"damage":5.0,"enemies":"Jaw Worm","floor":4.0,"turns":4.0},{"damage":2.0,"enemies":"2 Fungi Beasts","floor":5.0,"turns":4.0},{"damage":26.0,"enemies":"3 Sentries","floor":6.0,"turns":7.0},{"damage":6.0,"enemies":"Gremlin Nob","floor":8.0,"turns":3.0},{"damage":7.0,"enemies":"3 Louse","floor":10.0,"turns":3.0},{"damage":0.0,"enemies":"Gremlin Gang","floor":14.0,"turns":1.0},{"damage":19.0,"enemies":"Hexaghost","floor":16.0,"turns":8.0},{"damage":19.0,"enemies":"Shell Parasite","floor":18.0,"turns":8.0},{"damage":8.0,"enemies":"Chosen","floor":19.0,"turns":4.0},{"damage":0.0,"enemies":"Snake Plant","floor":21.0,"turns":4.0},{"damage":24.0,"enemies":"Centurion and Healer","floor":22.0,"turns":7.0},{"damage":52.0,"enemies":"Slavers","floor":23.0,"turns":8.0},{"damage":19.0,"enemies":"Cultist and Chosen","floor":24.0,"turns":10.0},{"damage":22.0,"enemies":"Chosen and Byrds","floor":27.0,"turns":7.0},{"damage":3.0,"enemies":"Masked Bandits","floor":28.0,"turns":5.0},{"damage":7.0,"enemies":"Centurion and Healer","floor":29.0,"turns":7.0},{"damage":0.0,"enemies":"Snake Plant","floor":31.0,"turns":3.0},{"damage":8,"enemies":"Champ","floor":33,"turns":10},{"damage":7,"enemies":"3 Shapes","floor":35,"turns":6},{"damage":7,"enemies":"3 Darklings","floor":37,"turns":5},{"damage":18,"enemies":"Writhing Mass","floor":39,"turns":11},{"damage":13,"enemies":"Spire Growth","floor":41,"turns":4},{"damage":13,"enemies":"4 Shapes","floor":45,"turns":6},{"damage":6,"enemies":"Maw","floor":47,"turns":6},{"damage":21,"enemies":"3 Darklings","floor":48,"turns":4},{"damage":72,"enemies":"Donu and Deca","floor":50,"turns":9}],"seed_played":"3254791029751245479","potions_obtained":[{"floor":0.0,"key":"Dexterity Potion"},{"floor":0.0,"key":"CultistPotion"},{"floor":0.0,"key":"SneckoOil"},{"floor":5.0,"key":"PowerPotion"},{"floor":6.0,"key":"Explosive Potion"},{"floor":10.0,"key":"Explosive Potion"},{"floor":14.0,"key":"LiquidMemories"},{"floor":16.0,"key":"Dexterity Potion"},{"floor":18.0,"key":"DistilledChaos"},{"floor":19.0,"key":"Explosive Potion"},{"floor":24.0,"key":"BloodPotion"},{"floor":29.0,"key":"Block Potion"},{"floor":31.0,"key":"BloodPotion"},{"floor":33,"key":"PowerPotion"}],"is_trial":false,"path_per_floor":["M","$","M","M","M","E","?","E","T","M","R","?","R","M","R","B",null,"M","M","?","M","M","E","M","R","T","M","?","M","R","M","R","B",null,"M","?","M","$","M","R","M","R","T","R","M","R","M","M","R","B",null],"character_chosen":"IRONCLAD","items_purchased":["REME_CardOfGreed","Bottled Tornado"],"campfire_rested":3,"item_purchase_floors":[38,38],"current_hp_per_floor":[80,80,80,80,80,60,60,63,63,66,66,49,49,55,55,42,87,78,76,83,93,79,37,50,84,84,71,78,81,118,128,128,126,129,131,131,130,130,122,122,119,119,119,119,116,144,144,129,129,91],"gold":621,"neow_bonus":"THREE_SMALL_POTIONS","is_daily":false,"chose_seed":false,"campfire_upgraded":8,"win_rate":0.0,"timestamp":1612427091,"path_taken":["M","$","M","M","M","E","?","E","T","M","R","?","R","M","R","BOSS","M","M","?","M","M","E","M","R","T","M","?","M","R","M","R","BOSS","M","?","?","$","M","R","M","R","T","R","M","R","M","?","R","BOSS"],"items_purchased_type":["Relic","Relic"],"build_version":"2020-12-22","purchased_purges":2,"victory":true,"max_hp_per_floor":[80,80,80,80,80,80,80,83,83,87,87,87,87,87,87,87,87,91,91,98,102,106,110,114,114,114,117,121,125,125,129,129,129,129,132,132,132,132,136,136,140,140,140,140,144,144,144,144,144,144],"relic_stats":{"Sozu":4,"Nunchaku":[14],"counters":[28,160],"Bronze Scales":[450],"PreservedInsect":0,"Bag of Preparation":[44],"Black Star":1,"MawBank":384,"obtain_stats":[{"PreservedInsect":43,"Bag of Preparation":9,"Bottled Tornado":38,"MawBank":6,"Ancient Tea Set":26,"Burning Blood":0,"Sozu":34,"Nunchaku":23,"HornCleat":23,"Bronze Scales":8,"Strawberry":20,"Black Star":17,"Red Mask":28,"REME_CardOfGreed":38,"REME_ComplimentaryCards":0},{"PreservedInsect":24,"Bag of Preparation":6,"Bottled Tornado":22,"MawBank":5,"Ancient Tea Set":15,"Burning Blood":0,"Sozu":20,"Nunchaku":14,"HornCleat":14,"Bronze Scales":6,"Strawberry":11,"Black Star":9,"Red Mask":17,"REME_CardOfGreed":22,"REME_ComplimentaryCards":0},{"PreservedInsect":135,"Bag of Preparation":24,"Bottled Tornado":120,"MawBank":21,"Ancient Tea Set":77,"Burning Blood":0,"Sozu":109,"Nunchaku":67,"HornCleat":67,"Bronze Scales":24,"Strawberry":48,"Black Star":36,"Red Mask":89,"REME_CardOfGreed":120,"REME_ComplimentaryCards":0}],"Burning Blood":156},"card_choices":[{"not_picked":["Flex","Wild Strike","Entrench"],"picked":"SKIP","floor":1.0},{"not_picked":["REME_SingleHolding","Clash"],"picked":"Thunderclap","floor":3.0},{"not_picked":["Cleave","Heavy Blade","Feel No Pain"],"picked":"SKIP","floor":4.0},{"not_picked":["REME_FearOfPain","Pommel Strike"],"picked":"Rampage","floor":5.0},{"not_picked":["Blood for Blood","Headbutt"],"picked":"Feed","floor":6.0},{"not_picked":["Dropkick","Cleave"],"picked":"Uppercut","floor":8.0},{"not_picked":["Flex","REME_Scribble","Warcry"],"picked":"SKIP","floor":10.0},{"not_picked":["Reckless Charge","Perfected Strike","Thunderclap"],"picked":"SKIP","floor":14.0},{"not_picked":["Juggernaut","Limit Break"],"picked":"Impervious","floor":16.0},{"not_picked":["Armaments","Cleave","Wild Strike"],"picked":"SKIP","floor":18.0},{"not_picked":["Perfected Strike","Headbutt+1"],"picked":"Shrug It Off","floor":19.0},{"not_picked":["Headbutt","Burning Pact+1","Armaments"],"picked":"SKIP","floor":21.0},{"not_picked":["Combust+1","Iron Wave","Havoc"],"picked":"SKIP","floor":22.0},{"not_picked":["Bludgeon","Havoc","Warcry"],"picked":"SKIP","floor":23.0},{"not_picked":["Warcry","Havoc","Perfected Strike"],"picked":"SKIP","floor":24.0},{"not_picked":["Body Slam","Burning Pact+1","Clothesline"],"picked":"SKIP","floor":27.0},{"not_picked":["Shrug It Off","Havoc","Clothesline"],"picked":"SKIP","floor":29.0},{"not_picked":["Fire Breathing","Sword Boomerang+1"],"picked":"Demon Form","floor":31.0},{"not_picked":["Fiend Fire","Feed"],"picked":"Offering","floor":33},{"not_picked":["Entrench","Reckless Charge","Shrug It Off"],"picked":"SKIP","floor":35},{"not_picked":["Heavy Blade+1","Fire Breathing","Perfected Strike"],"picked":"SKIP","floor":37},{"not_picked":["Inflame+1","Spot Weakness","Blood for Blood"],"picked":"SKIP","floor":39},{"not_picked":["Reckless Charge","Perfected Strike"],"picked":"Ghostly Armor+1","floor":41},{"not_picked":["Dual Wield+1","Clothesline+1","Warcry"],"picked":"SKIP","floor":45},{"not_picked":["Shrug It Off+1","Cleave","Sentinel+1"],"picked":"SKIP","floor":47},{"not_picked":["Iron Wave","Feel No Pain"],"picked":"REME_TheLastStrike","floor":48}],"player_experience":77525,"relics_obtained":[{"floor":6.0,"key":"MawBank"},{"floor":8.0,"key":"Bronze Scales"},{"floor":9.0,"key":"Bag of Preparation"},{"floor":23.0,"key":"HornCleat"},{"floor":23.0,"key":"Nunchaku"},{"floor":26.0,"key":"Ancient Tea Set"},{"floor":28.0,"key":"Red Mask"},{"floor":43,"key":"PreservedInsect"}],"event_choices":[{"damage_healed":0.0,"max_hp_gain":0.0,"max_hp_loss":0.0,"gold_gain":0.0,"event_name":"Living Wall","player_choice":"Grow","floor":7.0,"gold_loss":0.0,"damage_taken":0.0,"cards_upgraded":["Apotheosis"]},{"damage_healed":0.0,"max_hp_gain":0.0,"max_hp_loss":0.0,"gold_gain":0.0,"event_name":"Shining Light","player_choice":"Entered Light","floor":12.0,"gold_loss":0.0,"damage_taken":17.0,"cards_upgraded":["Thunderclap","Strike_R"]},{"damage_healed":0.0,"max_hp_gain":0.0,"max_hp_loss":0.0,"gold_gain":0.0,"event_name":"The Mausoleum","player_choice":"Opened","floor":20.0,"gold_loss":0.0,"damage_taken":0.0,"relics_obtained":["Strawberry"]},{"damage_healed":0.0,"max_hp_gain":0.0,"max_hp_loss":0.0,"gold_gain":0.0,"event_name":"Masked Bandits","player_choice":"Fought Bandits","floor":28.0,"gold_loss":0.0,"damage_taken":0.0},{"damage_healed":0,"gold_gain":0,"player_choice":"Ignored","damage_taken":0,"max_hp_gain":0,"max_hp_loss":0,"event_name":"SecretPortal","floor":36,"gold_loss":0}],"is_beta":false,"boss_relics":[{"not_picked":["Astrolabe","Runic Cube"],"picked":"Black Star"},{"not_picked":["Coffee Dripper","REME_LowDesire"],"picked":"Sozu"}],"items_purged_floors":[2,38],"is_endless":false,"potions_floor_spawned":[5,6,10,14,16,18,19,24,29,31,33,37,45,47,48],"ascension_level":1}}