{"host":"5gusigds1c3jyr99","time":1612416322,"event":{"mods":["Abigail Mod","AchievementEnabler","Arknights","Astrologer","BaseMod","CapriCore","ChefMod","GungeonMod","Hermit","Koishi","Marisa£¨Ùöéë¡¡Øª×âÞÞ£©","Minty Spire (QoL Compilation)","Permanent Neow","Prisma Mod","Replay The Spire","StSLib","Td1madao Mod","The Animator","The Bug Knight","The Cursed","The Death Knight","The Disciple","The Dragon Tamer","The Gatherer","The Hierophant","The Immortal","The Jungle","The Poker Player","The Runesmith","The Senshi","The Servant 0.9.4","TheBandit","WarShipGirlsR/??á´Ò³R mod"],"gold_per_floor":[110,120,195,195,208,208,130,161,240,254,266,266,280,317,317,317,317],"floor_reached":16,"language":"KOR","playtime":962,"items_purged":[],"score":117,"play_id":"7a008678-4b42-44af-92d7-2c9dcd43fc31","local_time":"20210204142522","is_ascension_mode":true,"campfire_choices":[{"data":"DemoMod:CombinedRifle","floor":6,"key":"SMITH"},{"data":"DemoMod:PotionOfGunFriendShip","floor":12,"key":"SMITH"},{"data":"DemoMod:FightSabre","floor":15,"key":"SMITH"}],"circlet_count":0,"master_deck":["DemoMod:Strike_Huntress","DemoMod:Strike_Huntress","DemoMod:Defend_Huntress","DemoMod:Defend_Huntress","DemoMod:Defend_Huntress","DemoMod:Defend_Huntress","DemoMod:Roll","DemoMod:ManualReload","DemoMod:RustySidearm","DemoMod:CrossBow+1","DemoMod:PotionOfGunFriendShip+1","DemoMod:CombinedRifle+1","DemoMod:Evolver","DemoMod:Behold!","DemoMod:Behold!","DemoMod:FightSabre+1"],"relics":["DemoMod:Dog","Gremlin Horn","DeathKnight:SindragosasSkull","DemoMod:HoleyGrail"],"acts_visited":[],"potions_floor_usage":[16],"damage_taken":[{"damage":5,"enemies":"2 Louse","floor":1,"turns":3},{"damage":5,"enemies":"Jaw Worm","floor":2,"turns":3},{"damage":0,"enemies":"Cultist","floor":5,"turns":2},{"damage":54,"enemies":"HollowMod:MossKnight","floor":8,"turns":7},{"damage":0,"enemies":"Exordium Wildlife","floor":10,"turns":1},{"damage":1,"enemies":"Exordium Thugs","floor":11,"turns":4},{"damage":2,"enemies":"2 Fungi Beasts","floor":13,"turns":2},{"damage":0,"enemies":"Large Slime","floor":14,"turns":3},{"damage":12,"enemies":"Slime Boss","floor":16,"turns":4}],"seed_played":"-6614881139663593247","potions_obtained":[{"floor":5,"key":"FairyPotion"},{"floor":8,"key":"SpeedPotion"},{"floor":13,"key":"Fire Potion"}],"is_trial":false,"path_per_floor":["M","M","?","?","M","R","$","E","T","M","M","R","M","?","R","B"],"character_chosen":"HUNTRESS","items_purchased":["DemoMod:Evolver"],"campfire_rested":0,"item_purchase_floors":[7],"current_hp_per_floor":[65,60,49,49,49,49,49,21,21,21,20,20,18,18,18,6,6],"gold":317,"neow_bonus":"UPGRADE_CARD","is_daily":false,"chose_seed":false,"campfire_upgraded":3,"win_rate":0.0,"timestamp":1612416322,"path_taken":["M","M","?","?","M","R","$","E","T","M","?","R","M","?","R","BOSS"],"items_purchased_type":["Card"],"build_version":"2020-12-22","purchased_purges":0,"victory":false,"max_hp_per_floor":[70,70,70,70,70,70,70,70,70,70,70,70,70,70,70,70,70],"card_choices":[{"not_picked":["DemoMod:MachoBrace","DemoMod:EasyReloadBullets"],"picked":"DemoMod:PotionOfGunFriendShip","floor":1},{"not_picked":["DemoMod:GunShield","DemoMod:DoubleSwitch"],"picked":"DemoMod:CombinedRifle","floor":2},{"not_picked":["DemoMod:SkilledReload","DemoMod:TeaPot","DemoMod:PotionOfGunFriendShip"],"picked":"SKIP","floor":5},{"not_picked":["DemoMod:ProbeStrike","DemoMod:StickyCrossBow"],"picked":"DemoMod:Behold!","floor":8},{"not_picked":["DemoMod:HuntsMan","DemoMod:HardPowerCard","DemoMod:StickyCrossBow"],"picked":"SKIP","floor":10},{"not_picked":["DemoMod:StickyCrossBow","DemoMod:TripleGun"],"picked":"DemoMod:Behold!","floor":11},{"not_picked":["DemoMod:RadGun","DemoMod:Unmoved","DemoMod:CursedBullets"],"picked":"SKIP","floor":13},{"not_picked":["DemoMod:Purify","DemoMod:DirectionalPad"],"picked":"DemoMod:FightSabre","floor":14}],"player_experience":675727,"relics_obtained":[{"floor":8,"key":"Gremlin Horn"},{"floor":9,"key":"DeathKnight:SindragosasSkull"},{"floor":14,"key":"DemoMod:HoleyGrail"}],"event_choices":[{"damage_healed":0,"gold_gain":75,"player_choice":"Gather Gold","damage_taken":11,"max_hp_gain":0,"max_hp_loss":0,"event_name":"World of Goop","floor":3,"gold_loss":0},{"cards_removed":["DemoMod:Strike_Huntress"],"damage_healed":0,"gold_gain":0,"player_choice":"Offered Basic","damage_taken":0,"max_hp_gain":0,"max_hp_loss":0,"event_name":"Bonfire Elementals","floor":4,"gold_loss":0}],"is_beta":false,"boss_relics":[],"items_purged_floors":[],"is_endless":false,"potions_floor_spawned":[5,8,13],"killed_by":"Slime Boss","ascension_level":3}}