{"host":"cpnwtw6j9ov48mid","time":1612436250,"event":{"mods":["AchievementEnabler","Act Like it!","Aspiration","BaseMod","Better Third Choice","BetterRewards","CapriCore","Colored Map","Colored Powertips","Conspire","Energized Spire","Friendly Minions","GifTheSpireLib","Gold Saver","Halation","Hubris","Infinite Spire","Jedi Mod","Marked Mod","Minty Spire (QoL Compilation)","Permanent Neow","Quarter Circle Forward PUNCH!","Quick Restart","RRrroohrrRGHHhhh!!","Rare Cards Sparkle","RatMod","Replay The Spire","Small Relic Pack","StSLib","Stuff the Spire","The Blue Laboratory","The Mystic","Transform Curses","yUi"],"gold_per_floor":[908,928,928,928,229,268,268,284,284,57,91,91,91,112,112,224,224,239,270,270,291,311,327,327,356,356,373,373,405,9,41,41,141,141,170,182,212,224,257,302,314,326,338,396,434,446,470,498,510,629,641,641],"floor_reached":51,"language":"ENG","playtime":3568,"items_purged":["mysticmod:Strike_Mystic","conspire:GhostlyDefend"],"score":859,"play_id":"dadb6e11-0ae6-43db-b592-1e40104cf739","local_time":"20210204115730","is_ascension_mode":false,"campfire_choices":[{"data":"mysticmod:ArcaneDodge","floor":7,"key":"SMITH"},{"floor":12,"key":"REST"},{"floor":15,"key":"REST"},{"data":"mysticmod:RapidCaster","floor":46,"key":"SMITH"},{"data":"infinitespire:Collect","floor":49,"key":"SMITH"}],"circlet_count":0,"master_deck":["conspire:GhostlyStrike","conspire:GhostlyStrike","conspire:GhostlyStrike","conspire:GhostlyDefend+1","conspire:GhostlyDefend","conspire:GhostlyDefend","mysticmod:ArcaneDodge+1","mysticmod:ShockingGrasp+1","mysticmod:ArcaneAccuracy+1","mysticmod:Probe+1","mysticmod:Disengage+1","mysticmod:Alacrity","mysticmod:PowerSlash","mysticmod:RapidCaster+1","mysticmod:Daze","mysticmod:TomeOfSpells","mysticmod:MysticalShield+1","mysticmod:MightyMagic","mysticmod:ChargedParry","mysticmod:TomeOfSpells","mysticmod:ComponentsPouch","mysticmod:EnchantedMoulinet+1","mysticmod:PureInstinct+1","mysticmod:Feint+1","mysticmod:SummonFamiliar","mysticmod:GeminiForm+1","mysticmod:TomeOfSpells+1","mysticmod:MirrorStrike","infinitespire:Collect+1","mysticmod:EnergizedRift","mysticmod:Spellstrike+1","mysticmod:Probe+1","mysticmod:Momentum+1"],"relics":["mysticmod:SpellBook","halation:StarCompass","Guide Book","halation:IllGainedPizza","infinitespire:Broken Mirror","Iron Hammer","Golden Egg","relicPack:SpireResearchBook","War Paint","jedi:battlestandard","hubris:BottledHeart","conspire:TopHat","Pen Nib","qcfpunch:Red_Headband","jedi:crownofsimplicity","Omamori","relicPack:OneForAll","Calling Bell","MawBank","Ornamental Fan","Replay:Kaleidoscope","halation:VictoryRuler","hubris:DeckOfHolding","hubris:Towel","qcfpunch:Unceasing_Flame","StuffTheSpire:Tea","hubris:ScarierMask"],"acts_visited":["Exordium","TheCity","TheBeyond","Exordium"],"potions_floor_usage":[8,11,16,25,29,39,44,50,50],"damage_taken":[{"damage":0,"enemies":"2 Louse","floor":1,"turns":2},{"damage":0,"enemies":"Jaw Worm","floor":2,"turns":3},{"damage":8,"enemies":"Replay:BlueRogue","floor":6,"turns":4},{"damage":0,"enemies":"Small Slimes","floor":8,"turns":2},{"damage":44,"enemies":"Gremlin Nob","floor":11,"turns":5},{"damage":8,"enemies":"conspire:2 RoseBushes","floor":14,"turns":4},{"damage":2,"enemies":"Fading Forest","floor":16,"turns":11},{"damage":7,"enemies":"2 Thieves","floor":18,"turns":4},{"damage":5,"enemies":"3 Byrds","floor":19,"turns":5},{"damage":0,"enemies":"conspire:HollyBat","floor":21,"turns":7},{"damage":0,"enemies":"Shelled Parasite and Fungi","floor":22,"turns":5},{"damage":0,"enemies":"Snecko","floor":23,"turns":4},{"damage":0,"enemies":"Chosen and Byrds","floor":25,"turns":7},{"damage":0,"enemies":"conspire:HollyBat","floor":27,"turns":7},{"damage":0,"enemies":"Gremlin Leader","floor":29,"turns":7},{"damage":0,"enemies":"conspire:Head Lice","floor":31,"turns":6},{"damage":0,"enemies":"hubris:MusketHawk","floor":33,"turns":7},{"damage":0,"enemies":"Orb Walker","floor":35,"turns":4},{"damage":0,"enemies":"3 Darklings","floor":37,"turns":5},{"damage":0,"enemies":"Transient","floor":39,"turns":5},{"damage":0,"enemies":"Nemesis","floor":40,"turns":5},{"damage":0,"enemies":"Nightmare","floor":44,"turns":7},{"damage":0,"enemies":"Sphere and 2 Shapes","floor":45,"turns":5},{"damage":0,"enemies":"Spire Growth","floor":47,"turns":3},{"damage":0,"enemies":"3 Darklings","floor":48,"turns":5},{"damage":0,"enemies":"Replay:Hell Engine","floor":50,"turns":7}],"seed_played":"-3501615886783490011","potions_obtained":[{"floor":2,"key":"blueLaboratory:FrostheartPotion"},{"floor":14,"key":"FearPotion"},{"floor":19,"key":"GamblersBrew"},{"floor":21,"key":"Block Potion"},{"floor":22,"key":"LiquidMemories"},{"floor":25,"key":"mysticmod:EssenceOfMagic"},{"floor":31,"key":"blueLaboratory:PolymorphPotion"},{"floor":39,"key":"Dexterity Potion"},{"floor":40,"key":"blueLaboratory:FrostheartPotion"},{"floor":47,"key":"BlessingOfTheForge"},{"floor":50,"key":"Block Potion"}],"is_trial":false,"path_per_floor":["M","M","?","?","$","E","R","M","T","$","E","R","?","M","R","B",null,"M","M","?","M","M","M","?","M","T","M","$","E","$","E","R_BF","B",null,"M","?","M","AVR","M","E","?","$","T","NM","M","R","M","M","R","B",null],"character_chosen":"MYSTIC_CLASS","items_purchased":["Guide Book","halation:IllGainedPizza","infinitespire:Broken Mirror","mysticmod:Disengage","mysticmod:Alacrity","blueLaboratory:FruitPunch","relicPack:SpireResearchBook","qcfpunch:Red_Headband","jedi:crownofsimplicity"],"campfire_rested":2,"item_purchase_floors":[5,5,5,5,5,5,10,30,30],"current_hp_per_floor":[77,77,77,77,77,69,69,71,71,71,27,50,50,42,65,79,79,72,67,1,1,1,1,1,1,1,1,1,1,1,1,1,1,1,1,1,1,1,1,1,1,1,1,1,1,1,1,1,1,1,1,1],"gold":641,"neow_bonus":"UPGRADE_CARD","is_daily":false,"chose_seed":false,"campfire_upgraded":3,"win_rate":0.0,"timestamp":1612436250,"path_taken":["M","M","?","?","$","E","R","?","T","$","E","R","?","M","R","BOSS","M","M","?","M","M","M","?","M","T","M","?","E","$","E","R_BF","BOSS","M","?","M","AVR","M","E","?","?","T","NM","M","R","M","?","R","BOSS"],"items_purchased_type":["Relic","Relic","Relic","Card","Card","Potion","Relic","Relic","Relic"],"build_version":"2020-12-22","purchased_purges":2,"victory":false,"max_hp_per_floor":[77,77,77,77,77,77,77,79,79,79,79,79,79,79,79,79,79,79,79,1,1,1,1,1,1,1,1,1,1,1,1,1,1,1,1,1,1,1,1,1,1,1,1,1,1,1,1,1,1,1,1,1],"card_choices":[{"not_picked":["mysticmod:MightyMagic","mysticmod:PowerSlash"],"picked":"mysticmod:ArcaneAccuracy","floor":1},{"not_picked":["mysticmod:FiveFootStep","mysticmod:Daze"],"picked":"mysticmod:Probe","floor":2},{"not_picked":["mysticmod:Alacrity","mysticmod:PowerAttack"],"picked":"mysticmod:PowerSlash","floor":6},{"not_picked":["mysticmod:BulkUp","mysticmod:ArcaneAccuracy"],"picked":"mysticmod:RapidCaster","floor":8},{"not_picked":["mysticmod:PowerSlash","mysticmod:BulkUp"],"picked":"mysticmod:Daze","floor":11},{"not_picked":["mysticmod:PowerSlash","mysticmod:Grease"],"picked":"mysticmod:TomeOfSpells","floor":14},{"not_picked":["mysticmod:Haste","mysticmod:EnchantedMoulinet"],"picked":"mysticmod:MysticalShield","floor":16},{"not_picked":["mysticmod:Daze+1","mysticmod:BladeMaster"],"picked":"mysticmod:MightyMagic","floor":18},{"not_picked":["mysticmod:HeavyStrike","mysticmod:Disengage+1"],"picked":"mysticmod:ChargedParry","floor":19},{"not_picked":["mysticmod:Sideswipe","mysticmod:Disengage"],"picked":"mysticmod:TomeOfSpells","floor":21},{"not_picked":["mysticmod:Dedication","mysticmod:BladeMaster"],"picked":"mysticmod:ComponentsPouch","floor":22},{"not_picked":["mysticmod:DiviningBlow","mysticmod:BulkUp"],"picked":"mysticmod:EnchantedMoulinet","floor":23},{"not_picked":["mysticmod:SpontaneousCaster","mysticmod:Daze"],"picked":"mysticmod:PureInstinct+1","floor":25},{"not_picked":["mysticmod:FloatingDisk","mysticmod:IllusionOfCalm","mysticmod:Disengage+1"],"picked":"SKIP","floor":27},{"not_picked":["mysticmod:MagicMissile","mysticmod:TomeOfSpells"],"picked":"mysticmod:Feint+1","floor":29},{"not_picked":["mysticmod:HeavyStrike+1","mysticmod:TomeOfSpells"],"picked":"mysticmod:SummonFamiliar","floor":31},{"not_picked":["mysticmod:Doublecast","mysticmod:GreaterInvisibility"],"picked":"mysticmod:GeminiForm","floor":33},{"not_picked":["mysticmod:IllusionOfCalm+1","mysticmod:SuddenClarity"],"picked":"mysticmod:TomeOfSpells+1","floor":35},{"not_picked":["mysticmod:Daze+1","mysticmod:MightyMagic+1"],"picked":"mysticmod:MirrorStrike","floor":37},{"not_picked":["mysticmod:Disengage","mysticmod:Daze+1"],"picked":"mysticmod:EnergizedRift","floor":39},{"not_picked":["mysticmod:VorpalThrust","mysticmod:SummonFamiliar"],"picked":"mysticmod:Spellstrike","floor":40},{"not_picked":["mysticmod:SummonFamiliar+1","mysticmod:Disengage","mysticmod:SuddenClarity+1"],"picked":"SKIP","floor":44},{"not_picked":["mysticmod:Alacrity","mysticmod:Disengage+1","mysticmod:MagicWeapon+1"],"picked":"SKIP","floor":45},{"not_picked":["mysticmod:PowerSlash+1","mysticmod:HunkerDown","mysticmod:SuddenClarity"],"picked":"SKIP","floor":47},{"not_picked":["mysticmod:DiviningBlow","mysticmod:ChargedParry+1"],"picked":"mysticmod:Probe+1","floor":48},{"not_picked":["mysticmod:GreaterInvisibility","mysticmod:SpontaneousCaster"],"picked":"mysticmod:Momentum","floor":50}],"player_experience":538,"relics_obtained":[{"floor":6,"key":"Iron Hammer"},{"floor":9,"key":"Golden Egg"},{"floor":11,"key":"War Paint"},{"floor":26,"key":"conspire:TopHat"},{"floor":29,"key":"Pen Nib"},{"floor":31,"key":"Omamori"},{"floor":34,"key":"MawBank"},{"floor":34,"key":"Ornamental Fan"},{"floor":34,"key":"Replay:Kaleidoscope"},{"floor":40,"key":"hubris:DeckOfHolding"},{"floor":43,"key":"qcfpunch:Unceasing_Flame"},{"floor":44,"key":"StuffTheSpire:Tea"}],"event_choices":[{"damage_healed":0,"gold_gain":0,"player_choice":"Agree","damage_taken":0,"max_hp_gain":0,"max_hp_loss":0,"event_name":"conspire:LoneGhost","floor":13,"gold_loss":0},{"damage_healed":0,"gold_gain":0,"player_choice":"Ignored","damage_taken":0,"max_hp_gain":0,"max_hp_loss":0,"event_name":"Vampires","floor":24,"gold_loss":0},{"damage_healed":0,"gold_gain":0,"player_choice":"Leave","damage_taken":0,"max_hp_gain":0,"max_hp_loss":0,"event_name":"conspire:Investor","floor":36,"gold_loss":0}],"is_beta":false,"boss_relics":[{"not_picked":["jedi:paperlyon","relicPack:StarArrow"],"picked":"jedi:battlestandard"},{"not_picked":["halation:Prosthetics","SlaversCollar"],"picked":"Calling Bell"},{"not_picked":["hubris:BlackHole","SacredBark"],"picked":"hubris:ScarierMask"}],"items_purged_floors":[10,30],"is_endless":true,"potions_floor_spawned":[2,14,19,21,22,25,31,39,40,47,50],"ascension_level":0}}