{"host":"06x7ibqulglyn97c","time":1612432500,"event":{"mods":["AchievementEnabler","BaseMod","Minty Spire (QoL Compilation)","Rare Cards Sparkle","Relic Sorter","Relic Stats","StSLib","The Awakened One except there are too many feathers"],"gold_per_floor":[111,73,83,93,104,104,121,133,156,168,133,133,86,111,111,111,111],"floor_reached":16,"language":"ENG","playtime":1121,"items_purged":[],"score":104,"play_id":"f96ceb7a-fbfa-47bb-b696-d3257de8a2d5","local_time":"20210204095500","is_ascension_mode":false,"campfire_choices":[{"data":"Distraction","floor":6,"key":"SMITH"},{"data":"Dodge and Roll","floor":12,"key":"SMITH"},{"floor":15,"key":"REST"}],"circlet_count":0,"master_deck":["Strike_G","Strike_G","Strike_G","Strike_G","Strike_G","Defend_G","Defend_G","Defend_G","Defend_G","Defend_G","Survivor","Neutralize","Outmaneuver","Heel Hook","Flechettes","Distraction+1","Footwork","Escape Plan","Dodge and Roll+1","Slice","Poisoned Stab"],"relics":["Runic Pyramid","Toy Ornithopter"],"acts_visited":["Exordium"],"potions_floor_usage":[7,14],"damage_taken":[{"damage":1.0,"enemies":"Cultist","floor":1.0,"turns":5.0},{"damage":4.0,"enemies":"2 Louse","floor":3.0,"turns":5.0},{"damage":0.0,"enemies":"Jaw Worm","floor":4.0,"turns":3.0},{"damage":2.0,"enemies":"Large Slime","floor":5.0,"turns":7.0},{"damage":8,"enemies":"3 Louse","floor":7,"turns":4},{"damage":11,"enemies":"Lots of Slimes","floor":8,"turns":6},{"damage":1,"enemies":"2 Fungi Beasts","floor":10,"turns":6},{"damage":25,"enemies":"Gremlin Nob","floor":14,"turns":5},{"damage":0,"enemies":"Hexaghost","floor":16,"turns":1}],"seed_played":"-6443641402042910024","potions_obtained":[{"floor":3.0,"key":"Swift Potion"},{"floor":5.0,"key":"Poison Potion"},{"floor":8,"key":"PowerPotion"},{"floor":14,"key":"LiquidMemories"}],"is_trial":false,"path_per_floor":["M","$","M","M","M","R","M","M","T","M","?","R","$","E","R","B"],"character_chosen":"THE_SILENT","items_purchased":["Heel Hook","Slice"],"campfire_rested":1,"item_purchase_floors":[2,13],"current_hp_per_floor":[69,69,65,65,63,63,55,44,44,43,60,60,60,35,56,56,56],"gold":111,"neow_bonus":"BOSS_RELIC","is_daily":false,"chose_seed":false,"campfire_upgraded":2,"win_rate":0.0,"timestamp":1612432500,"path_taken":["M","$","M","?","M","R","M","M","T","M","?","R","$","E","R","BOSS"],"items_purchased_type":["Card","Card"],"build_version":"2020-12-22","purchased_purges":0,"victory":false,"max_hp_per_floor":[70,70,70,70,70,70,70,70,70,70,70,70,70,70,70,70,70],"relic_stats":{"counters":[9,42],"obtain_stats":[{"Toy Ornithopter":14,"Ring of the Snake":0,"Runic Pyramid":0},{"Toy Ornithopter":8,"Ring of the Snake":0,"Runic Pyramid":0},{"Toy Ornithopter":41,"Ring of the Snake":0,"Runic Pyramid":0}],"Toy Ornithopter":0},"card_choices":[{"not_picked":["Prepared","Cloak And Dagger"],"picked":"Outmaneuver","floor":1.0},{"not_picked":["Dodge and Roll","Acrobatics"],"picked":"Flechettes","floor":3.0},{"not_picked":["Finisher","Prepared"],"picked":"Distraction","floor":4.0},{"not_picked":["Prepared","Predator"],"picked":"Footwork","floor":5.0},{"not_picked":["Venomology","Deadly Poison"],"picked":"Escape Plan","floor":7},{"not_picked":["Blade Dance","Cloak And Dagger","Reflex"],"picked":"SKIP","floor":8},{"not_picked":["Prepared","Outmaneuver"],"picked":"Dodge and Roll","floor":10},{"not_picked":["Slice","Dagger Throw"],"picked":"Poisoned Stab","floor":14}],"player_experience":673529,"relics_obtained":[{"floor":14,"key":"Toy Ornithopter"}],"event_choices":[{"damage_healed":17,"gold_gain":0,"player_choice":"Healed","damage_taken":0,"max_hp_gain":0,"max_hp_loss":0,"event_name":"The Cleric","floor":11,"gold_loss":35}],"is_beta":false,"boss_relics":[],"items_purged_floors":[],"is_endless":false,"potions_floor_spawned":[3,5,8,14],"killed_by":"Hexaghost","ascension_level":0}}