{"host":"neeznpvpgo0qgfkd","time":1612420029,"event":{"mods":["AchievementEnabler","BaseMod","BetterRewards","Colored Map","Colored Powertips","Exacting","Minty Spire (QoL Compilation)","Permanent Neow","Quick Restart","Shop Mod"],"gold_per_floor":[116,37,37,49,60,90,90,136,136,165,10,10,42,76,76,178,178,195,195,221,27,27,27,55,55,55,15,26,53,53,87,87,191,191,220,105,105,124,8,8,34,34,34,68,84,109,13,13,13,13,13,13,13,47,47],"floor_reached":56,"language":"ENG","playtime":2162,"items_purged":[],"score":1920,"play_id":"b3089d6e-7b46-4044-83a8-e50cecf2ae1d","local_time":"20210204012709","is_ascension_mode":true,"campfire_choices":[{"floor":12,"key":"REST"},{"floor":15,"key":"REST"},{"data":"Apotheosis","floor":23,"key":"SMITH"},{"floor":25,"key":"REST"},{"floor":32,"key":"RECALL"},{"data":"After Image","floor":40,"key":"SMITH"},{"data":"Infinite Blades","floor":42,"key":"SMITH"},{"data":"Accuracy","floor":49,"key":"SMITH"},{"data":"Accuracy","floor":52,"key":"SMITH"}],"circlet_count":0,"master_deck":["Defend_G","Defend_G","Defend_G","Defend_G","Defend_G","Survivor+1","Neutralize+1","Apotheosis+1","Infinite Blades+1","Cloak And Dagger","Dagger Spray","Noxious Fumes","Slice","Footwork","Corpse Explosion","Backstab","Footwork","A Thousand Cuts","Underhanded Strike","RitualDagger","Dodge and Roll","Dramatic Entrance","Bite","Bite","Bite","Bite","Bite","Noxious Fumes","Accuracy+1","Slice+1","After Image+1","Backstab","Swift Strike","Accuracy+1","Dagger Spray","Blade Dance","Accuracy+1","Madness","Madness"],"relics":["Ring of the Snake","Juzu Bracelet","Lizard Tail","TwistedFunnel","Incense Burner","Boot","Kunai","Bag of Marbles","HornCleat","Anchor","ClockworkSouvenir","Orichalcum","Busted Crown","Membership Card","Bird Faced Urn","Shuriken","Vajra","Meat on the Bone","WristBlade","PreservedInsect","Oddly Smooth Stone","StoneCalendar","Frozen Egg 2","Paper Crane","Ninja Scroll","Regal Pillow","Tingsha"],"acts_visited":["Exordium","TheCity","TheBeyond","TheEnding"],"potions_floor_usage":[10,13,13,13,24,41,45,50],"damage_taken":[{"damage":0,"enemies":"Cultist","floor":1,"turns":3},{"damage":6,"enemies":"Jaw Worm","floor":4,"turns":3},{"damage":10,"enemies":"Small Slimes","floor":5,"turns":2},{"damage":28,"enemies":"Gremlin Nob","floor":6,"turns":4},{"damage":9,"enemies":"3 Sentries","floor":8,"turns":2},{"damage":0,"enemies":"2 Fungi Beasts","floor":10,"turns":1},{"damage":0,"enemies":"Gremlin Nob","floor":13,"turns":1},{"damage":4,"enemies":"Exordium Wildlife","floor":14,"turns":2},{"damage":0,"enemies":"Hexaghost","floor":16,"turns":9},{"damage":0,"enemies":"3 Byrds","floor":18,"turns":3},{"damage":4,"enemies":"Shell Parasite","floor":20,"turns":3},{"damage":36,"enemies":"Gremlin Leader","floor":24,"turns":5},{"damage":0,"enemies":"Shelled Parasite and Fungi","floor":28,"turns":3},{"damage":7,"enemies":"Book of Stabbing","floor":29,"turns":5},{"damage":8,"enemies":"Gremlin Leader","floor":31,"turns":4},{"damage":7,"enemies":"Automaton","floor":33,"turns":7},{"damage":1,"enemies":"Orb Walker","floor":35,"turns":2},{"damage":0,"enemies":"3 Darklings","floor":38,"turns":2},{"damage":0,"enemies":"Reptomancer","floor":41,"turns":3},{"damage":0,"enemies":"Nemesis","floor":44,"turns":3},{"damage":12,"enemies":"Writhing Mass","floor":45,"turns":3},{"damage":0,"enemies":"Reptomancer","floor":46,"turns":2},{"damage":44,"enemies":"Time Eater","floor":50,"turns":10},{"damage":2,"enemies":"Shield and Spear","floor":54,"turns":3},{"damage":4,"enemies":"The Heart","floor":55,"turns":7}],"seed_played":"-5953381291828776538","potions_obtained":[{"floor":4,"key":"GamblersBrew"},{"floor":5,"key":"CunningPotion"},{"floor":8,"key":"Energy Potion"},{"floor":10,"key":"AttackPotion"},{"floor":20,"key":"Energy Potion"},{"floor":24,"key":"Ancient Potion"},{"floor":24,"key":"Poison Potion"},{"floor":29,"key":"SteroidPotion"},{"floor":41,"key":"LiquidMemories"},{"floor":46,"key":"SmokeBomb"}],"is_trial":false,"path_per_floor":["M","$","?","M","M","E","?","E","T","M","$","R","E","M","R","B",null,"M","?","M","$","?","R","E","R","T","$","M","E","?","E","R","B",null,"M","$","?","M","$","R","E","R","T","E","M","E","$","?","R","B",null,"R","$","E","B",null],"character_chosen":"THE_SILENT","items_purchased":["Apotheosis","Juzu Bracelet","TwistedFunnel","Boot","Kunai","Infinite Blades","Cloak And Dagger","PowerPotion","Noxious Fumes","ClockworkSouvenir","Membership Card","Dramatic Entrance","Accuracy","PreservedInsect","Backstab","Accuracy","Oddly Smooth Stone","Accuracy+1","Regal Pillow"],"campfire_rested":3,"item_purchase_floors":[0,0,0,0,0,0,0,0,2,11,21,21,27,36,36,39,39,47,47],"current_hp_per_floor":[70,70,58,62,52,34,20,11,11,11,11,32,32,28,49,49,70,70,64,60,60,49,49,13,27,27,27,37,47,47,49,49,49,49,49,49,49,49,49,49,49,49,49,49,44,49,49,43,43,32,49,49,49,49,49],"gold":47,"neow_bonus":"","is_daily":false,"chose_seed":false,"campfire_upgraded":5,"win_rate":0.0,"timestamp":1612420029,"path_taken":["M","?","?","M","M","E","?","E","T","M","$","R","E","M","R","BOSS","M","?","M","$","?","R","E","R","T","$","M","E","?","E","R","BOSS","M","$","?","M","$","R","E","R","T","E","M","E","?","?","R","BOSS","R","$","E","BOSS"],"items_purchased_type":["Card","Relic","Relic","Relic","Relic","Card","Card","Potion","Card","Relic","Relic","Card","Card","Relic","Card","Card","Relic","Card","Relic"],"build_version":"2020-12-22","purchased_purges":0,"victory":true,"max_hp_per_floor":[70,70,70,70,70,70,70,70,70,70,70,70,70,70,70,70,70,70,70,70,70,49,49,49,49,49,49,49,49,49,49,49,49,49,49,49,49,49,49,49,49,49,49,49,49,49,49,49,49,49,49,49,49,49,49],"card_choices":[{"not_picked":["Leg Sweep","Acrobatics"],"picked":"Dagger Spray","floor":1},{"not_picked":["Calculated Gamble","Dagger Spray"],"picked":"Slice","floor":4},{"not_picked":["Bouncing Flask","Backflip"],"picked":"Footwork","floor":5},{"not_picked":["Prepared","Wraith Form v2"],"picked":"Corpse Explosion","floor":6},{"not_picked":["Slice","Dagger Spray"],"picked":"Backstab","floor":8},{"not_picked":["Deflect","Dagger Throw","Acrobatics"],"picked":"SKIP","floor":10},{"not_picked":["Quick Slash","Heel Hook","Deadly Poison"],"picked":"SKIP","floor":13},{"not_picked":["Slice","Bane"],"picked":"Footwork","floor":14},{"not_picked":["Night Terror","Storm of Steel"],"picked":"A Thousand Cuts","floor":16},{"not_picked":[],"picked":"Underhanded Strike","floor":18},{"not_picked":[],"picked":"Dodge and Roll","floor":20},{"not_picked":[],"picked":"Noxious Fumes","floor":24},{"not_picked":["Deadly Poison"],"picked":"SKIP","floor":28},{"not_picked":["Reflex"],"picked":"SKIP","floor":29},{"not_picked":[],"picked":"Slice+1","floor":31},{"not_picked":[],"picked":"After Image","floor":33},{"not_picked":["Quick Slash+1"],"picked":"SKIP","floor":35},{"not_picked":[],"picked":"Swift Strike","floor":37},{"not_picked":["Backflip+1"],"picked":"SKIP","floor":38},{"not_picked":[],"picked":"Dagger Spray","floor":41},{"not_picked":["Dagger Spray+1"],"picked":"SKIP","floor":44},{"not_picked":[],"picked":"Blade Dance","floor":45},{"not_picked":["Dagger Throw+1"],"picked":"SKIP","floor":46},{"not_picked":["Dagger Spray"],"picked":"SKIP","floor":54}],"player_experience":1291145,"relics_obtained":[{"floor":6,"key":"HornCleat"},{"floor":8,"key":"Anchor"},{"floor":13,"key":"Orichalcum"},{"floor":24,"key":"Bird Faced Urn"},{"floor":26,"key":"Shuriken"},{"floor":29,"key":"Vajra"},{"floor":31,"key":"Meat on the Bone"},{"floor":41,"key":"StoneCalendar"},{"floor":43,"key":"Frozen Egg 2"},{"floor":44,"key":"Paper Crane"},{"floor":46,"key":"Ninja Scroll"},{"floor":54,"key":"Tingsha"}],"event_choices":[{"damage_healed":0,"gold_gain":0,"player_choice":"Success","damage_taken":12,"relics_obtained":["Bag of Marbles"],"max_hp_gain":0,"max_hp_loss":0,"event_name":"Scrap Ooze","floor":3,"gold_loss":0},{"damage_healed":0,"gold_gain":0,"player_choice":"Entered Light","damage_taken":14,"max_hp_gain":0,"max_hp_loss":0,"event_name":"Shining Light","floor":7,"gold_loss":0,"cards_upgraded":["Survivor","Neutralize"]},{"damage_healed":0,"gold_gain":0,"player_choice":"Joined the Cult","damage_taken":6,"max_hp_gain":0,"max_hp_loss":0,"event_name":"Nest","floor":19,"gold_loss":0,"cards_obtained":["RitualDagger"]},{"damage_healed":0,"gold_gain":0,"player_choice":"Became a vampire","damage_taken":0,"max_hp_gain":0,"max_hp_loss":21,"event_name":"Vampires","floor":22,"gold_loss":0,"cards_obtained":["Bite","Bite","Bite","Bite","Bite"]},{"damage_healed":0,"gold_gain":0,"player_choice":"Ignored","damage_taken":0,"max_hp_gain":0,"max_hp_loss":0,"event_name":"Ghosts","floor":30,"gold_loss":0},{"damage_healed":0,"gold_gain":0,"player_choice":"Memory 1","damage_taken":0,"max_hp_gain":0,"max_hp_loss":0,"event_name":"SensoryStone","floor":37,"gold_loss":0},{"damage_healed":0,"gold_gain":0,"player_choice":"Embrace Madness","damage_taken":6,"max_hp_gain":0,"max_hp_loss":0,"event_name":"Winding Halls","floor":48,"gold_loss":0,"cards_obtained":["Madness","Madness"]}],"is_beta":false,"boss_relics":[{"not_picked":["Philosopher\u0027s Stone","Empty Cage"],"picked":"Busted Crown"},{"not_picked":["Cursed Key","Velvet Choker"],"picked":"WristBlade"}],"items_purged_floors":[],"is_endless":false,"potions_floor_spawned":[4,5,8,10,20,24,29,33,38,41,46],"ascension_level":2}}