{"host":"fuszjwm6fqgjjp4d","time":1612397141,"event":{"mods":["BaseMod","Bestiary","Colored Map","DeckTracker","Minty Spire (QoL Compilation)","Permanent Neow","Relic Sorter","Relic Stats","StSLib"],"gold_per_floor":[213,227,288,301,301,301,343,33,107,135,135,159,71,111,111,192,192,212,234,234,234,234,234,16,16,16,52,72,115,115,134,134,222,222,251,265,8,36,36,66,91,91,91],"floor_reached":42,"language":"ENG","playtime":1295,"items_purged":["Strike_B","Strike_B"],"score":962,"play_id":"c651a931-a026-452e-89bb-a2d6427a2067","local_time":"20210203180541","is_ascension_mode":true,"campfire_choices":[{"data":"Streamline","floor":6.0,"key":"SMITH"},{"data":"Chill","floor":11.0,"key":"SMITH"},{"data":"Rainbow","floor":15.0,"key":"SMITH"},{"data":"Self Repair","floor":23.0,"key":"SMITH"},{"data":"Buffer","floor":25.0,"key":"SMITH"},{"data":"Barrage","floor":30.0,"key":"SMITH"},{"data":"Capacitor","floor":32.0,"key":"SMITH"}],"circlet_count":0,"master_deck":["AscendersBane","Strike_B","Strike_B","Defend_B","Defend_B","Defend_B","Defend_B","Zap","Dualcast","Cold Snap","Streamline+1","FTL","Self Repair+1","Core Surge","Capacitor+1","Chill+1","Sweeping Beam","Rip and Tear","Leap","Rainbow+1","Buffer+1","BootSequence","Tempest+1","Stack+1","Barrage+1","Machine Learning","Consume","Defragment","Hologram"],"relics":["Cracked Core","Tiny Chest","CeramicFish","Cables","DataDisk","Coffee Dripper","Calipers","ClockworkSouvenir","Art of War","Red Mask","Dead Branch","Black Star","PreservedInsect","Omamori","StoneCalendar"],"acts_visited":["Exordium","TheCity","TheBeyond"],"potions_floor_usage":[40,41,42,42],"damage_taken":[{"damage":2.0,"enemies":"Jaw Worm","floor":1.0,"turns":4.0},{"damage":0.0,"enemies":"2 Louse","floor":2.0,"turns":2.0},{"damage":0.0,"enemies":"Small Slimes","floor":4.0,"turns":2.0},{"damage":23.0,"enemies":"3 Sentries","floor":7.0,"turns":7.0},{"damage":17.0,"enemies":"Exordium Thugs","floor":10.0,"turns":3.0},{"damage":1.0,"enemies":"Blue Slaver","floor":12.0,"turns":3.0},{"damage":18.0,"enemies":"Lagavulin","floor":14.0,"turns":6.0},{"damage":7.0,"enemies":"Hexaghost","floor":16.0,"turns":7.0},{"damage":13.0,"enemies":"2 Thieves","floor":18.0,"turns":4.0},{"damage":12.0,"enemies":"Chosen","floor":19.0,"turns":4.0},{"damage":5.0,"enemies":"Masked Bandits","floor":27.0,"turns":6.0},{"damage":0.0,"enemies":"3 Cultists","floor":28.0,"turns":5.0},{"damage":11.0,"enemies":"Slavers","floor":29.0,"turns":6.0},{"damage":0.0,"enemies":"Snake Plant","floor":31.0,"turns":3.0},{"damage":18.0,"enemies":"Champ","floor":33.0,"turns":12.0},{"damage":1.0,"enemies":"3 Darklings","floor":35.0,"turns":5.0},{"damage":7.0,"enemies":"Orb Walker","floor":36.0,"turns":3.0},{"damage":0.0,"enemies":"4 Shapes","floor":38.0,"turns":4.0},{"damage":53,"enemies":"Nemesis","floor":40,"turns":5},{"damage":17,"enemies":"3 Darklings","floor":41,"turns":7},{"damage":34,"enemies":"Reptomancer","floor":42,"turns":2}],"seed_played":"436734338442993688","potions_obtained":[{"floor":2.0,"key":"CultistPotion"},{"floor":4.0,"key":"Ancient Potion"},{"floor":7.0,"key":"SteroidPotion"},{"floor":16.0,"key":"EssenceOfDarkness"},{"floor":18.0,"key":"SmokeBomb"},{"floor":27.0,"key":"FocusPotion"},{"floor":28.0,"key":"Swift Potion"},{"floor":29.0,"key":"SkillPotion"},{"floor":33.0,"key":"Regen Potion"},{"floor":35.0,"key":"Ancient Potion"},{"floor":36.0,"key":"FocusPotion"},{"floor":40,"key":"PotionOfCapacity"},{"floor":41,"key":"PowerPotion"}],"is_trial":false,"path_per_floor":["M","M","?","M","?","R","E","$","T","M","R","M","$","E","R","B",null,"M","M","?","?","T","R","$","R","T","?","M","E","R","M","R","B",null,"M","M","$","M","?","E","M","E"],"character_chosen":"DEFECT","items_purchased":["Core Surge","Capacitor","Rip and Tear","Leap","ClockworkSouvenir","Block Potion","PreservedInsect"],"campfire_rested":0,"item_purchase_floors":[8,8,13,13,24,24,37],"current_hp_per_floor":[62,62,62,62,57,57,34,34,34,24,24,30,30,19,19,19,58,52,47,27,27,27,27,27,27,27,32,42,41,41,41,41,33,65,74,67,67,67,67,33,26,0,0],"gold":91,"neow_bonus":"HUNDRED_GOLD","is_daily":false,"chose_seed":false,"campfire_upgraded":7,"win_rate":0.0,"timestamp":1612397141,"path_taken":["M","M","?","M","?","R","E","?","T","M","R","M","$","E","R","BOSS","M","M","?","?","?","R","?","R","T","?","M","E","R","M","R","BOSS","M","M","$","M","?","E","M","E"],"items_purchased_type":["Card","Card","Card","Card","Relic","Potion","Relic"],"build_version":"2020-12-22","purchased_purges":2,"victory":false,"max_hp_per_floor":[71,71,71,71,71,71,71,71,71,71,71,71,71,71,71,71,71,71,71,76,76,76,76,76,76,76,76,76,76,76,76,76,76,76,76,76,76,76,76,76,76,76,76],"relic_stats":{"counters":[21,100],"CeramicFish":153,"Dead Branch":[26],"Tiny Chest":1,"StoneCalendar":[0],"PreservedInsect":111,"Art of War":[12],"Black Star":1,"obtain_stats":[{"Calipers":22,"CeramicFish":7,"Dead Branch":29,"StoneCalendar":40,"PreservedInsect":37,"Omamori":40,"Cables":9,"ClockworkSouvenir":24,"DataDisk":14,"Tiny Chest":5,"Coffee Dripper":17,"Art of War":26,"Red Mask":27,"Black Star":34,"Cracked Core":0},{"Calipers":10,"CeramicFish":4,"Dead Branch":13,"StoneCalendar":19,"PreservedInsect":17,"Omamori":19,"Cables":4,"ClockworkSouvenir":10,"DataDisk":7,"Tiny Chest":3,"Coffee Dripper":8,"Art of War":10,"Red Mask":11,"Black Star":15,"Cracked Core":0},{"Calipers":42,"CeramicFish":15,"Dead Branch":59,"StoneCalendar":91,"PreservedInsect":82,"Omamori":91,"Cables":15,"ClockworkSouvenir":42,"DataDisk":27,"Tiny Chest":8,"Coffee Dripper":34,"Art of War":42,"Red Mask":48,"Black Star":74,"Cracked Core":0}],"Cables":[72,28,30,14,0]},"card_choices":[{"not_picked":["Steam","Barrage"],"picked":"Cold Snap","floor":1.0},{"not_picked":["Storm","Steam"],"picked":"Streamline","floor":2.0},{"not_picked":["Chill","Gash"],"picked":"FTL","floor":4.0},{"not_picked":["Leap","Storm"],"picked":"Self Repair","floor":7.0},{"not_picked":["Steam","Aggregate"],"picked":"Chill","floor":10.0},{"not_picked":["Go for the Eyes","Sunder"],"picked":"Sweeping Beam","floor":12.0},{"not_picked":["Compile Driver","All For One"],"picked":"Rainbow","floor":14.0},{"not_picked":["Core Surge","Multi-Cast"],"picked":"Buffer","floor":16.0},{"not_picked":["Doom and Gloom","Redo"],"picked":"BootSequence","floor":18.0},{"not_picked":["Coolheaded","Leap"],"picked":"Tempest+1","floor":19.0},{"not_picked":["Sunder","Leap"],"picked":"Stack+1","floor":27.0},{"not_picked":["Ball Lightning+1","Blizzard","FTL"],"picked":"SKIP","floor":28.0},{"not_picked":["Melter+1","Rebound+1"],"picked":"Barrage","floor":29.0},{"not_picked":["Beam Cell","Steam Power","Rebound"],"picked":"SKIP","floor":31.0},{"not_picked":["Thunder Strike","Reboot"],"picked":"Machine Learning","floor":33.0},{"not_picked":["Rebound+1","Cold Snap"],"picked":"Consume","floor":35.0},{"not_picked":["Ball Lightning+1","Chill+1","Beam Cell+1"],"picked":"SKIP","floor":36.0},{"not_picked":["Reinforced Body+1","Auto Shields+1"],"picked":"Defragment","floor":38.0},{"not_picked":["Stack","Go for the Eyes","Lockon"],"picked":"SKIP","floor":40},{"not_picked":["Lockon","Stack+1"],"picked":"Hologram","floor":41}],"player_experience":1429716,"relics_obtained":[{"floor":7.0,"key":"CeramicFish"},{"floor":9.0,"key":"Cables"},{"floor":14.0,"key":"DataDisk"},{"floor":22.0,"key":"Calipers"},{"floor":26.0,"key":"Art of War"},{"floor":27.0,"key":"Red Mask"},{"floor":29.0,"key":"Dead Branch"},{"floor":40,"key":"Omamori"},{"floor":40,"key":"StoneCalendar"}],"event_choices":[{"damage_healed":0.0,"max_hp_gain":0.0,"max_hp_loss":0.0,"gold_gain":61.0,"event_name":"Golden Wing","player_choice":"Gained Gold","floor":3.0,"gold_loss":0.0,"damage_taken":0.0},{"damage_healed":0.0,"max_hp_gain":0.0,"max_hp_loss":0.0,"gold_gain":0.0,"event_name":"Scrap Ooze","player_choice":"Success","floor":5.0,"gold_loss":0.0,"damage_taken":5.0,"relics_obtained":["Tiny Chest"]},{"damage_healed":0.0,"max_hp_gain":5.0,"max_hp_loss":0.0,"gold_gain":0.0,"event_name":"Forgotten Altar","player_choice":"Shed Blood","floor":20.0,"gold_loss":0.0,"damage_taken":25.0},{"damage_healed":0.0,"max_hp_gain":0.0,"max_hp_loss":0.0,"gold_gain":0.0,"event_name":"N\u0027loth","player_choice":"Ignored","floor":21.0,"gold_loss":0.0,"damage_taken":0.0},{"damage_healed":0.0,"max_hp_gain":0.0,"max_hp_loss":0.0,"gold_gain":0.0,"event_name":"Masked Bandits","player_choice":"Fought Bandits","floor":27.0,"gold_loss":0.0,"damage_taken":0.0},{"damage_healed":0,"gold_gain":0,"player_choice":"0 cards matched","damage_taken":0,"max_hp_gain":0,"max_hp_loss":0,"event_name":"Match and Keep!","floor":39,"gold_loss":0,"cards_obtained":[]}],"is_beta":false,"boss_relics":[{"not_picked":["Astrolabe","Pandora\u0027s Box"],"picked":"Coffee Dripper"},{"not_picked":["Fusion Hammer","SlaversCollar"],"picked":"Black Star"}],"items_purged_floors":[8,37],"is_endless":false,"potions_floor_spawned":[2,4,7,16,18,27,28,29,33,35,36,40,41],"killed_by":"Reptomancer","ascension_level":20}}