{"host":"tx53bzy9yvi1me7u","time":1612450288,"event":{"mods":["2.2 Compatiblity","BaseMod","Bestiary","CCEM2","Colored Map","Colored Powertips","Dark Map","Displayed Cursed Tome","Highlight Path","Minty Spire (QoL Compilation)","Permanent Neow","Quick Restart","Relic Sorter","Replay The Spire","StSLib"],"gold_per_floor":[119,132,145,220,232,260,260,272,299,299,299,299,9,19,19,124,124,134,149,329,88,104,104,104,104],"floor_reached":24,"language":"ENG","playtime":1631,"items_purged":["theextravagant:SlyStrike"],"score":198,"play_id":"0c651113-0fb0-4b75-b727-a966733ef206","local_time":"20210204095128","is_ascension_mode":false,"campfire_choices":[{"data":"theextravagant:Triumph","floor":7,"key":"SMITH"},{"data":"theextravagant:TwilightTone","floor":10,"key":"SMITH"},{"data":"Pot Of Greed","floor":12,"key":"SMITH"},{"data":"Pot Of Greed","floor":15,"key":"SMITH"},{"data":"theextravagant:Drift","floor":23,"key":"SMITH"}],"circlet_count":0,"master_deck":["theextravagant:SlyStrike+1","theextravagant:SlyStrike","theextravagant:SlyStrike","theextravagant:Fence","theextravagant:Fence","theextravagant:Fence","theextravagant:Fence+1","theextravagant:QuickAttack","theextravagant:Triumph+1","theextravagant:ShootingStar","theextravagant:Firework","theextravagant:Firework+1","theextravagant:StepBack+1","theextravagant:TwilightTone+1","Pot Of Greed+1","Pot Of Greed+1","theextravagant:IronPlumes+1","theextravagant:AuroraForm+1","Amnesia","Injury","ReplayTheSpireMod:Doomed","theextravagant:Vintage+1","theextravagant:Drift+1","theextravagant:Firework"],"relics":["ReplayTheSpireMod:DimensionalGlitch","Sundial","Blue Doll","Grinning Jar","TungstenRod","Replay:Ancient Bell","ReplayTheSpireMod:Lightbulb","Frozen Egg 2","Torii","Bag of Preparation"],"acts_visited":["Exordium","TheCity"],"potions_floor_usage":[6,16,19,19],"damage_taken":[{"damage":0,"enemies":"Cultist","floor":1,"turns":3},{"damage":2,"enemies":"Small Slimes","floor":2,"turns":4},{"damage":10,"enemies":"Jaw Worm","floor":3,"turns":4},{"damage":10,"enemies":"Exordium Wildlife","floor":5,"turns":3},{"damage":14,"enemies":"Gremlin Nob","floor":6,"turns":4},{"damage":5,"enemies":"Lots of Slimes","floor":8,"turns":5},{"damage":0,"enemies":"3 Louse","floor":14,"turns":3},{"damage":19,"enemies":"Hexaghost","floor":16,"turns":10},{"damage":0,"enemies":"Chosen","floor":18,"turns":5},{"damage":0,"enemies":"2 Thieves","floor":19,"turns":4},{"damage":23,"enemies":"Cultist and Chosen","floor":22,"turns":8},{"damage":18,"enemies":"Gremlin Leader","floor":24,"turns":4}],"seed_played":"7523444287671790859","potions_obtained":[{"floor":3,"key":"Block Potion"},{"floor":5,"key":"LiquidMemories"},{"floor":6,"key":"FearPotion"},{"floor":16,"key":"Explosive Potion"},{"floor":22,"key":"BlessingOfTheForge"}],"is_trial":false,"path_per_floor":["M","M","M","?","M","E","R","M","T","R","T","R","$","M","R","B",null,"M","M","?","$","M","R","E"],"character_chosen":"THE_EXTRAVAGANT","items_purchased":["TungstenRod","Bag of Preparation","theextravagant:Drift"],"campfire_rested":0,"item_purchase_floors":[13,21,21],"current_hp_per_floor":[75,73,63,52,42,28,28,23,23,23,23,23,23,23,23,4,71,69,67,41,41,18,18,0,0],"gold":104,"neow_bonus":"BOSS_RELIC","is_daily":false,"chose_seed":false,"campfire_upgraded":5,"win_rate":0.0,"timestamp":1612450288,"path_taken":["M","?","M","?","M","E","R","M","T","R","?","R","?","M","R","BOSS","M","M","?","$","M","R","E"],"items_purchased_type":["Relic","Relic","Card"],"build_version":"2020-12-22","purchased_purges":1,"victory":false,"max_hp_per_floor":[75,75,75,75,75,75,75,75,75,75,75,75,75,73,73,71,71,69,67,67,67,65,65,63,63],"card_choices":[{"not_picked":["theextravagant:Pushthrough","theextravagant:HeavyBlows"],"picked":"theextravagant:ShootingStar","floor":1},{"not_picked":["theextravagant:ShootingStar","theextravagant:Masquerade"],"picked":"theextravagant:Firework","floor":2},{"not_picked":["theextravagant:GlyphOfPower","theextravagant:Cutthroat"],"picked":"theextravagant:Firework","floor":3},{"not_picked":["theextravagant:Riot","theextravagant:HeavyBlows","theextravagant:Swirl"],"picked":"SKIP","floor":5},{"not_picked":["theextravagant:Precaution","theextravagant:Flashback"],"picked":"theextravagant:StepBack","floor":6},{"not_picked":["theextravagant:Thrill","theextravagant:StepBack"],"picked":"theextravagant:TwilightTone","floor":8},{"not_picked":["theextravagant:Radiance","theextravagant:GustOfWind"],"picked":"theextravagant:IronPlumes","floor":14},{"not_picked":["theextravagant:Redemption","theextravagant:Stella"],"picked":"theextravagant:AuroraForm","floor":16},{"not_picked":["Parasite","Delirium"],"picked":"Amnesia","floor":17},{"not_picked":["Replay:Hysterical Blindness","Hallucinations"],"picked":"Injury","floor":17},{"not_picked":["Writhe","Doubt"],"picked":"ReplayTheSpireMod:Doomed","floor":17},{"not_picked":["theextravagant:ShootingStar","theextravagant:HeavyBlows"],"picked":"theextravagant:Vintage+1","floor":18},{"not_picked":["theextravagant:Clairvoyance","theextravagant:Swirl","theextravagant:Outrun+1"],"picked":"SKIP","floor":19},{"not_picked":["theextravagant:Pushthrough","theextravagant:Foil"],"picked":"theextravagant:Firework","floor":22}],"player_experience":666196,"relics_obtained":[{"floor":6,"key":"Sundial"},{"floor":9,"key":"Blue Doll"},{"floor":11,"key":"Grinning Jar"}],"event_choices":[{"damage_healed":0,"gold_gain":75,"player_choice":"Gather Gold","damage_taken":11,"max_hp_gain":0,"max_hp_loss":0,"event_name":"World of Goop","floor":4,"gold_loss":0},{"damage_healed":0,"gold_gain":180,"player_choice":"GOLD GOLD ","damage_taken":19,"max_hp_gain":0,"max_hp_loss":0,"event_name":"Knowing Skull","floor":20,"potions_obtained":[],"gold_loss":0,"cards_obtained":[]}],"is_beta":false,"boss_relics":[{"not_picked":["Ectoplasm","theextravagant:TrustyOvercoat"],"picked":"Replay:Ancient Bell"},{"not_picked":["CeramicFish","Strawberry"],"picked":"ReplayTheSpireMod:Lightbulb"},{"not_picked":["CCEMRelics:WhiteRose","Replay:WaspNest"],"picked":"Frozen Egg 2"},{"not_picked":["Lizard Tail","CCEMRelics:PowerPill"],"picked":"Torii"}],"items_purged_floors":[21],"is_endless":false,"potions_floor_spawned":[3,5,6,16,22],"killed_by":"Gremlin Leader","ascension_level":0}}