{"host":"5m2js577gj4e7pak","time":1612402672,"event":{"mods":["AchievementEnabler","BaseMod","Better Match","BetterRewards","Colored Map","Colored Powertips","Googly Eyes","Highlight Path","Lobotomy","LobotomyExtend","Minty Spire (QoL Compilation)","Quick Restart","Relic Filter","StSLib"],"gold_per_floor":[119,119,135,135,152,184,184,184,184,6,41,41,58,76,76,179,179,194,194,194,194,194,194,144,144,193,193,193,211,224,224,224,329,329,342,0,0,0,12,12,39,39,39,39,55,55,72,82,82,82],"floor_reached":51,"language":"ENG","playtime":1871,"items_purged":[],"score":904,"play_id":"620c2ce5-7f30-4a2b-bd58-ffc3a82449ca","local_time":"20210204023752","is_ascension_mode":true,"campfire_choices":[],"circlet_count":0,"master_deck":["SpecialBullet","SpecialBullet","SpecialBullet","SpecialBullet","SpecialBullet","SpecialBullet","SpecialBullet","SpecialBullet","InformationCode","SecurityCode","TrainingCode","ShyLook","Noise","BlueScar","OSAHOGD","Dazed","Heaven+1","Soda+1","Lamp+11","Soda","Funeral","ScreamingWedge+1","ControlCode","Mimicry","Lamp+5","Horn+1","TT2Protocol","Pinks","Tough+1","Heaven","Bandage Up","BlackArmy","GreenStem","Penitence+1","SummonCall","WristCuter+1","RecordCode","RedEyes+1"],"relics":["CogitoBucket","LetterFromLob","Toy Ornithopter","Kunai","Meat on the Bone","Pen Nib","Orichalcum","Sundial","AspirationHeart","Calling Bell","Ancient Tea Set","Mercury Hourglass","Bird Faced Urn","MutagenicStrength","Juzu Bracelet","PreservedInsect","HellTrain","Coffee Dripper","Whetstone","Toolbox","Red Mask","Question Card","Moonlight_r","InkBottle","AtMidnight"],"acts_visited":["Exordium","TheCity","TheBeyond"],"potions_floor_usage":[11,11,16,16,51],"damage_taken":[{"damage":6,"enemies":"2 Louse","floor":1,"turns":2},{"damage":4,"enemies":"Small Slimes","floor":3,"turns":3},{"damage":6,"enemies":"Cultist","floor":5,"turns":3},{"damage":54,"enemies":"3 Sentries","floor":6,"turns":10},{"damage":22,"enemies":"Gremlin Nob","floor":11,"turns":4},{"damage":6,"enemies":"Exordium Thugs","floor":13,"turns":3},{"damage":2,"enemies":"Looter","floor":14,"turns":2},{"damage":52,"enemies":"Hexaghost","floor":16,"turns":13},{"damage":22,"enemies":"Spheric Guardian","floor":18,"turns":4},{"damage":12,"enemies":"Shell Parasite","floor":29,"turns":4},{"damage":0,"enemies":"Shelled Parasite and Fungi","floor":30,"turns":6},{"damage":89,"enemies":"Champ","floor":33,"turns":10},{"damage":9,"enemies":"3 Shapes","floor":35,"turns":3},{"damage":0,"enemies":"3 Darklings","floor":39,"turns":1},{"damage":47,"enemies":"Giant Head","floor":41,"turns":6},{"damage":15,"enemies":"Spire Growth","floor":45,"turns":12},{"damage":15,"enemies":"Writhing Mass","floor":47,"turns":4},{"damage":34,"enemies":"Transient","floor":48,"turns":5},{"damage":79,"enemies":"Donu and Deca","floor":50,"turns":7}],"seed_played":"5636288292316887791","potions_obtained":[{"floor":1,"key":"SpeedPotion"},{"floor":6,"key":"Fire Potion"},{"floor":13,"key":"FearPotion"},{"floor":14,"key":"SneckoOil"},{"floor":48,"key":"SkillPotion"}],"is_trial":false,"path_per_floor":["M","?","M","?","M","E","R","T","T","$","E","R","M","M","R","B",null,"M","?","?","?","?","R","$","R","T","E","R","M","M","?","R","B",null,"M","$","?","?","M","R","E","?","T","$","M","R","M","M","R","B",null],"character_chosen":"Angela","items_purchased":["Orichalcum","Soda","Beak","Whetstone","Heaven","Toolbox"],"campfire_rested":0,"item_purchase_floors":[10,10,24,36,36,36],"current_hp_per_floor":[77,65,69,69,74,34,34,34,34,34,50,50,72,87,87,73,87,86,86,86,69,69,69,69,69,69,69,69,92,92,92,92,74,92,92,92,92,92,92,92,74,21,21,21,92,92,92,90,90,70],"gold":82,"neow_bonus":"TEN_PERCENT_HP_BONUS","is_daily":false,"chose_seed":false,"campfire_upgraded":0,"win_rate":0.0,"timestamp":1612402672,"path_taken":["M","?","M","?","?","E","R","?","T","$","E","R","M","M","R","BOSS","M","?","?","?","?","R","$","R","T","E","R","M","M","?","R","BOSS","M","$","?","?","M","R","E","?","T","?","M","R","M","M","R","BOSS"],"items_purchased_type":["Relic","Card","Card","Relic","Card","Relic"],"build_version":"2020-12-22","purchased_purges":0,"victory":true,"max_hp_per_floor":[77,77,77,77,77,77,77,77,77,77,77,77,87,87,87,87,87,87,87,87,92,92,92,92,92,92,92,92,92,92,92,92,92,92,92,92,92,92,92,92,92,92,92,92,92,92,92,92,92,92],"card_choices":[{"not_picked":["SpiderBud","UniverseFragment"],"picked":"ShyLook","floor":1},{"not_picked":["Lantern"],"picked":"Noise","floor":1},{"not_picked":["RapturousDream"],"picked":"BlueScar","floor":3},{"not_picked":["WallGazer","VoidDream"],"picked":"OSAHOGD","floor":5},{"not_picked":["BlackSwan_ego"],"picked":"SolemnVow","floor":5},{"not_picked":["ScreamingWedge"],"picked":"Heaven","floor":6},{"not_picked":["LifeForTheDareDevil"],"picked":"Lamp","floor":11},{"not_picked":["Penitence"],"picked":"Soda","floor":13},{"not_picked":["CENSORED","Alriune"],"picked":"Funeral","floor":14},{"not_picked":["Lantern"],"picked":"ScreamingWedge","floor":14},{"not_picked":["TheSmile"],"picked":"Mimicry","floor":16},{"not_picked":["SomewhereSpear"],"picked":"Lamp","floor":18},{"not_picked":["Loneliness+1","Lantern"],"picked":"SKIP","floor":29},{"not_picked":["Harvest"],"picked":"Horn+1","floor":30},{"not_picked":["SoundOfStar"],"picked":"Pinks","floor":33},{"not_picked":["Horn"],"picked":"Tough+1","floor":35},{"not_picked":["Sadistic Nature"],"picked":"Bandage Up","floor":38},{"not_picked":["GreedKing","HappyTeddy"],"picked":"BlackArmy","floor":39},{"not_picked":["Tough"],"picked":"GreenStem","floor":39},{"not_picked":["Loneliness+1","LifeForTheDareDevil"],"picked":"SKIP","floor":41},{"not_picked":["Spore+1","Beak"],"picked":"Penitence+1","floor":45},{"not_picked":["Ecstasy+1","TodaysExpression"],"picked":"WristCuter+1","floor":47},{"not_picked":["Hornet","Penitence"],"picked":"RedEyes+1","floor":48}],"player_experience":48884,"relics_obtained":[{"floor":1,"key":"LetterFromLob"},{"floor":6,"key":"Kunai"},{"floor":8,"key":"Meat on the Bone"},{"floor":9,"key":"Pen Nib"},{"floor":11,"key":"Sundial"},{"floor":17,"key":"Ancient Tea Set"},{"floor":17,"key":"Mercury Hourglass"},{"floor":17,"key":"Bird Faced Urn"},{"floor":26,"key":"PreservedInsect"},{"floor":41,"key":"Question Card"},{"floor":43,"key":"InkBottle"},{"floor":45,"key":"AtMidnight"}],"event_choices":[{"damage_healed":0,"gold_gain":0,"player_choice":"Success","damage_taken":12,"relics_obtained":["Toy Ornithopter"],"max_hp_gain":0,"max_hp_loss":0,"event_name":"Scrap Ooze","floor":2,"gold_loss":0},{"damage_healed":0,"gold_gain":0,"player_choice":"Ignored","damage_taken":0,"max_hp_gain":0,"max_hp_loss":0,"event_name":"Purifier","floor":4,"gold_loss":0},{"damage_healed":0,"gold_gain":0,"player_choice":"Inject Mutagens","damage_taken":0,"relics_obtained":["MutagenicStrength"],"max_hp_gain":0,"max_hp_loss":0,"event_name":"Drug Dealer","floor":19,"gold_loss":0},{"damage_healed":0,"gold_gain":0,"player_choice":"Stole Relic","damage_taken":0,"relics_obtained":["Juzu Bracelet"],"max_hp_gain":0,"max_hp_loss":0,"event_name":"Addict","floor":20,"gold_loss":0,"cards_obtained":["Shame"]},{"damage_healed":0,"gold_gain":0,"player_choice":"Shed Blood","damage_taken":22,"max_hp_gain":5,"max_hp_loss":0,"event_name":"Forgotten Altar","floor":21,"gold_loss":0},{"damage_healed":0,"gold_gain":0,"player_choice":"Ignored","damage_taken":0,"max_hp_gain":0,"max_hp_loss":0,"event_name":"Vampires","floor":22,"gold_loss":0},{"damage_healed":0,"gold_gain":0,"player_choice":"Upgraded","damage_taken":0,"max_hp_gain":0,"max_hp_loss":0,"event_name":"Upgrade Shrine","floor":31,"gold_loss":0,"cards_upgraded":["ScreamingWedge"]},{"damage_healed":0,"gold_gain":0,"player_choice":"Paid","damage_taken":0,"relics_obtained":["Red Mask"],"max_hp_gain":0,"max_hp_loss":0,"event_name":"Tomb of Lord Red Mask","floor":37,"gold_loss":0},{"damage_healed":0,"gold_gain":0,"player_choice":"Memory 1","damage_taken":0,"max_hp_gain":0,"max_hp_loss":0,"event_name":"SensoryStone","floor":38,"gold_loss":0}],"is_beta":false,"boss_relics":[{"not_picked":["Empty Cage","Busted Crown"],"picked":"Calling Bell"},{"not_picked":["Runic Dome","SacredBark"],"picked":"Coffee Dripper"}],"items_purged_floors":[],"is_endless":false,"potions_floor_spawned":[1,6,13,14,48],"ascension_level":3}}