{"host":"c3lc60y5x60jlt1y","time":1612461970,"event":{"mods":["AchievementEnabler","BaseMod","Bestiary","Colored Map","Minty Spire (QoL Compilation)","Quick Restart","StSLib","ojb\u0027s Info Mod"],"gold_per_floor":[110,130,205,225,60,94,94,121,121,151,162,191,211,223,223,300,300,316,316,316,340,181,211,126,126,126,126,126],"floor_reached":27,"language":"ENG","playtime":1735,"items_purged":["Strike_P","Doubt"],"score":648,"play_id":"7ddee04a-ccdd-4733-8116-bccca9419579","local_time":"20210204200610","is_ascension_mode":true,"campfire_choices":[{"data":"Eruption","floor":7.0,"key":"SMITH"},{"floor":15.0,"key":"REST"},{"data":"DevaForm","floor":25,"key":"SMITH"}],"circlet_count":0,"master_deck":["AscendersBane","Strike_P","Strike_P","Defend_P+1","Defend_P","Eruption+1","Vigilance","Consecrate","SignatureMove","Halt+1","Tantrum","Meditate","Adaptation","Clumsy","InnerPeace","LessonLearned","BowlingBash","WreathOfFlame","Crescendo","DevaForm+1","CurseOfTheBell","Meditate+1","Blasphemy+1","ClearTheMind+1","Crescendo+1","ClearTheMind+1","Parasite"],"relics":["Cursed Key","InkBottle","TeardropLocket","Ornamental Fan","Odd Mushroom","Letter Opener","Calling Bell","War Paint","Toxic Egg 2","Du-Vu Doll","Lantern","Gremlin Horn","Anchor","Question Card"],"acts_visited":["Exordium","TheCity"],"potions_floor_usage":[],"damage_taken":[{"damage":2.0,"enemies":"Jaw Worm","floor":1.0,"turns":3.0},{"damage":4.0,"enemies":"Small Slimes","floor":2.0,"turns":3.0},{"damage":8.0,"enemies":"2 Louse","floor":4.0,"turns":2.0},{"damage":0.0,"enemies":"Gremlin Nob","floor":6.0,"turns":2.0},{"damage":12.0,"enemies":"3 Sentries","floor":8.0,"turns":3.0},{"damage":14.0,"enemies":"The Mushroom Lair","floor":10.0,"turns":3.0},{"damage":0.0,"enemies":"Blue Slaver","floor":11.0,"turns":2.0},{"damage":6.0,"enemies":"Gremlin Nob","floor":12.0,"turns":3.0},{"damage":0.0,"enemies":"Looter","floor":13.0,"turns":2.0},{"damage":0.0,"enemies":"Large Slime","floor":14.0,"turns":2.0},{"damage":0.0,"enemies":"Slime Boss","floor":16.0,"turns":4.0},{"damage":0.0,"enemies":"Chosen","floor":18.0,"turns":2.0},{"damage":25,"enemies":"Gremlin Leader","floor":23,"turns":4},{"damage":35,"enemies":"Book of Stabbing","floor":27,"turns":2}],"seed_played":"745081742103130158","potions_obtained":[{"floor":6.0,"key":"SteroidPotion"},{"floor":8.0,"key":"EssenceOfSteel"},{"floor":12.0,"key":"BlessingOfTheForge"},{"floor":13.0,"key":"Fire Potion"},{"floor":16.0,"key":"EssenceOfSteel"},{"floor":23,"key":"BlessingOfTheForge"}],"is_trial":false,"path_per_floor":["M","M","?","M","$","E","R","E","T","?","M","E","M","M","R","B",null,"M","?","?","T","$","E","?","R","T","E"],"character_chosen":"WATCHER","items_purchased":["Tantrum","Crescendo+1"],"campfire_rested":1,"item_purchase_floors":[5,22],"current_hp_per_floor":[59,55,44,36,36,36,36,24,24,10,10,4,4,4,24,24,57,57,57,57,57,57,32,32,32,32,0,0],"gold":126,"neow_bonus":"BOSS_RELIC","is_daily":false,"chose_seed":false,"campfire_upgraded":2,"win_rate":0.0,"timestamp":1612461970,"path_taken":["M","M","?","M","$","E","R","E","T","?","M","E","M","M","R","BOSS","M","?","?","?","$","E","?","R","T","E"],"items_purchased_type":["Card","Card"],"build_version":"2020-12-22","purchased_purges":2,"victory":false,"max_hp_per_floor":[68,68,68,68,68,68,68,68,68,68,68,68,68,68,68,68,68,68,68,68,68,68,68,68,68,68,68,68],"card_choices":[{"not_picked":["FlyingSleeves","WheelKick"],"picked":"Consecrate","floor":1.0},{"not_picked":["WaveOfTheHand","SandsOfTime"],"picked":"SignatureMove","floor":2.0},{"not_picked":["FollowUp","Prostrate"],"picked":"Halt","floor":4.0},{"not_picked":["TalkToTheHand","BowlingBash"],"picked":"Meditate","floor":6.0},{"not_picked":["Consecrate","JustLucky"],"picked":"Adaptation","floor":8.0},{"not_picked":["CutThroughFate","Wallop"],"picked":"InnerPeace","floor":10.0},{"not_picked":["Crescendo","ReachHeaven"],"picked":"LessonLearned","floor":11.0},{"not_picked":["FollowUp","Study"],"picked":"BowlingBash","floor":12.0},{"not_picked":["EmptyFist","Conclude"],"picked":"WreathOfFlame","floor":13.0},{"not_picked":["ForeignInfluence","Protect"],"picked":"Crescendo","floor":14.0},{"not_picked":["Devotion","ConjureBlade"],"picked":"DevaForm","floor":16.0},{"not_picked":["Crescendo+1","JustLucky"],"picked":"Meditate+1","floor":18.0},{"not_picked":["FlyingSleeves","Blasphemy+1"],"picked":"ClearTheMind+1","floor":23}],"player_experience":9092205,"relics_obtained":[{"floor":6.0,"key":"InkBottle"},{"floor":8.0,"key":"TeardropLocket"},{"floor":9.0,"key":"Ornamental Fan"},{"floor":10.0,"key":"Odd Mushroom"},{"floor":12.0,"key":"Letter Opener"},{"floor":17.0,"key":"War Paint"},{"floor":17.0,"key":"Toxic Egg 2"},{"floor":17.0,"key":"Du-Vu Doll"},{"floor":21.0,"key":"Lantern"},{"floor":23,"key":"Gremlin Horn"},{"floor":26,"key":"Question Card"}],"event_choices":[{"damage_healed":0.0,"max_hp_gain":0.0,"max_hp_loss":0.0,"gold_gain":75.0,"event_name":"World of Goop","player_choice":"Gather Gold","floor":3.0,"gold_loss":0.0,"damage_taken":11.0},{"damage_healed":0.0,"max_hp_gain":0.0,"max_hp_loss":0.0,"gold_gain":0.0,"event_name":"Mushrooms","player_choice":"Fought Mushrooms","floor":10.0,"gold_loss":0.0,"damage_taken":0.0},{"damage_healed":0.0,"max_hp_gain":0.0,"max_hp_loss":0.0,"gold_gain":0.0,"cards_transformed":["Strike_P","Defend_P"],"event_name":"Drug Dealer","player_choice":"Became Test Subject","floor":19.0,"gold_loss":0.0,"damage_taken":0.0,"cards_obtained":["Blasphemy","ClearTheMind"]},{"cards_removed":["Defend_P"],"damage_healed":0.0,"max_hp_gain":0.0,"max_hp_loss":0.0,"gold_gain":0.0,"event_name":"Back to Basics","player_choice":"Elegance","floor":20.0,"gold_loss":0.0,"damage_taken":0.0},{"damage_healed":0,"gold_gain":0,"player_choice":"Obtained Relic","damage_taken":0,"relics_obtained":["Anchor"],"max_hp_gain":0,"max_hp_loss":0,"event_name":"Addict","floor":24,"gold_loss":85}],"is_beta":false,"boss_relics":[{"not_picked":["SacredBark","Busted Crown"],"picked":"Calling Bell"}],"items_purged_floors":[5,22],"is_endless":false,"potions_floor_spawned":[6,8,10,12,13,16,23],"killed_by":"Book of Stabbing","ascension_level":20}}