{"host":"kvh5342rl0c7vxi5","time":1612471099,"event":{"mods":["BaseMod","Downfall","Hermit","Jorbs\u0027s Wanderer Trilogy","Minty Spire (QoL Compilation)","Quick Restart","StSLib","SuperFastMode","The Poker Player"],"gold_per_floor":[99,111,111,211,228,254,254,554,42,42,57,90,114,149,164,269,269,169,183,193,212,212,241,241,253,253,84,114,114,114,128,144,242,242,242,254,267,287,287,187,187,143,170,170,70,107,107,158,175,175,175,218,30,30,30,30,30,30],"floor_reached":56,"language":"ENG","playtime":3802,"items_purged":["downfall:Icky","downfall:Icky","Guardian:Strike_Guardian"],"score":884,"play_id":"4c50ad76-355f-4864-a908-3a55f39b876a","local_time":"20210204153819","is_ascension_mode":true,"campfire_choices":[{"data":"Guardian:TwinSlam","floor":1,"key":"SMITH"},{"data":"Guardian:ChargeCore","floor":10,"key":"SMITH"},{"data":"Guardian:StasisStrike","floor":18,"key":"SMITH"},{"data":"Guardian:RefractedBeam","floor":26,"key":"SMITH"},{"data":"Guardian:RefractedBeam+1","floor":29,"key":"SMITH"},{"floor":35,"key":"RECALL"},{"data":"Guardian:RefractedBeam+2","floor":40,"key":"SMITH"},{"data":"Guardian:RefractedBeam+3","floor":45,"key":"SMITH"},{"data":"Guardian:TimeCapacitor","floor":47,"key":"SMITH"},{"data":"Guardian:RefractedBeam+4","floor":54,"key":"SMITH"}],"circlet_count":0,"master_deck":["Guardian:Strike_Guardian+1","Guardian:Defend_Guardian","Guardian:Defend_Guardian","Guardian:Defend_Guardian","Guardian:Defend_Guardian","Guardian:CurlUp","Guardian:TwinSlam+1","Guardian:ShieldCharger","Guardian:ChargeCore+1","Guardian:BronzeOrb+1","Guardian:FloatingOrbs","Finesse+1","Guardian:Recover+1","Guardian:TemporalStrike","Guardian:StasisStrike+1","Guardian:ConstructionForm","Guardian:Clone+1","Guardian:RefractedBeam+5","Guardian:Reroute+1","Guardian:GemFinder","Guardian:WalkerClaw+1","Guardian:TemporalStrike+1","Guardian:VentSteam+1","Guardian:BaubleBeam+1","Guardian:ConstructionForm","Guardian:DecasProtection+1","Flash of Steel+1","Guardian:TimeCapacitor+1","Guardian:ShieldCharger+1"],"relics":["Guardian:ModeShifter","Bag of Marbles","Lizard Tail","Toxic Egg 2","TungstenRod","Odd Mushroom","Centennial Puzzle","Coffee Dripper","downfall:HeartBlessingGreen","Blue Candle","Dream Catcher","Molten Egg 2","Tiny Chest","downfall:RedIOU","Runic Pyramid","downfall:HeartBlessingRed","Vajra","downfall:HeartBlessingBlue","CeramicFish","Bag of Preparation","Mummified Hand","Lee\u0027s Waffle"],"acts_visited":["Exordium","TheCity","TheBeyond","TheEnding"],"potions_floor_usage":[20,38,42,49,52,55],"damage_taken":[{"damage":0,"enemies":"Small Slimes","floor":2,"turns":3},{"damage":2,"enemies":"Jaw Worm","floor":5,"turns":3},{"damage":22,"enemies":"3 Sentries","floor":6,"turns":14},{"damage":10,"enemies":"downfall:FleeingMerchant","floor":9,"turns":4},{"damage":3,"enemies":"2 Louse","floor":11,"turns":2},{"damage":8,"enemies":"Gremlin Nob","floor":12,"turns":4},{"damage":0,"enemies":"The Mushroom Lair","floor":13,"turns":3},{"damage":13,"enemies":"Lagavulin","floor":14,"turns":5},{"damage":0,"enemies":"Large Slime","floor":15,"turns":4},{"damage":1,"enemies":"SI_SHIV_ARCHETYPE","floor":16,"turns":5},{"damage":0,"enemies":"Spheric Guardian","floor":19,"turns":4},{"damage":0,"enemies":"3 Byrds","floor":20,"turns":5},{"damage":0,"enemies":"Snecko","floor":21,"turns":3},{"damage":8,"enemies":"Gremlin Leader","floor":23,"turns":7},{"damage":8,"enemies":"Snake Plant","floor":25,"turns":3},{"damage":10,"enemies":"downfall:FleeingMerchant","floor":27,"turns":4},{"damage":1,"enemies":"Book of Stabbing","floor":28,"turns":6},{"damage":6,"enemies":"3 Cultists","floor":31,"turns":5},{"damage":0,"enemies":"Centurion and Healer","floor":32,"turns":3},{"damage":0,"enemies":"WA_ARCHETYPE_CALM","floor":33,"turns":8},{"damage":2,"enemies":"3 Shapes","floor":36,"turns":6},{"damage":16,"enemies":"3 Darklings","floor":37,"turns":5},{"damage":0,"enemies":"Jaw Worm Horde","floor":38,"turns":4},{"damage":0,"enemies":"downfall:FleeingMerchant","floor":42,"turns":4},{"damage":38,"enemies":"Nemesis","floor":46,"turns":5},{"damage":10,"enemies":"Sphere and 2 Shapes","floor":49,"turns":6},{"damage":80,"enemies":"DF_ARCHETYPE_ORBS","floor":50,"turns":8},{"damage":76,"enemies":"downfall:CharBossMerchant","floor":52,"turns":9},{"damage":6,"enemies":"downfall:NeowBoss","floor":55,"turns":10},{"damage":96,"enemies":"downfall:NeowBossFinal","floor":56,"turns":5}],"seed_played":"2971899328459788031","potions_obtained":[{"floor":5,"key":"Block Potion"},{"floor":6,"key":"SneckoOil"},{"floor":13,"key":"AttackPotion"},{"floor":14,"key":"bronze:BurnAndBuffPotion"},{"floor":20,"key":"Dexterity Potion"},{"floor":28,"key":"FairyPotion"},{"floor":38,"key":"DuplicationPotion"},{"floor":49,"key":"Dexterity Potion"}],"is_trial":false,"path_per_floor":["R","M","?","?","M","E","T","?","$","R","M","E","?","E","M","B",null,"R","M","M","M","?","E","T","M","R","$","E","R","?","M","M","B",null,"R","M","M","M","?","R","T","$","T","?","R","E","R","T","M","B",null,"E","$","R","B","B"],"character_chosen":"GUARDIAN","items_purchased":["Guardian:FloatingOrbs","Toxic Egg 2","Finesse+1","Guardian:Reroute+1","Regen Potion","Guardian:DecasProtection+1","Flash of Steel+1","Lee\u0027s Waffle","Guardian:ShieldCharger+1"],"campfire_rested":0,"item_purchase_floors":[9,9,9,27,42,42,42,53,53],"current_hp_per_floor":[80,80,80,80,78,56,56,56,46,46,43,35,35,22,22,21,80,80,80,80,80,76,68,68,60,60,50,49,49,49,43,43,43,80,80,78,62,62,62,62,62,62,62,62,72,34,34,34,39,35,90,14,97,97,91,0,0,0],"gold":30,"neow_bonus":"RANDOM_COMMON_RELIC","is_daily":false,"chose_seed":false,"campfire_upgraded":9,"win_rate":0.0,"timestamp":1612471099,"path_taken":["R","M","?","?","M","E","T","?","$","R","M","E","?","E","M","BOSS","R","M","M","M","?","E","T","M","R","$","E","R","?","?","M","BOSS","R","M","M","M","?","R","T","$","?","?","R","E","R","?","M","BOSS","E","$","R","BOSS","BOSS"],"items_purchased_type":["Card","Relic","Card","Card","Potion","Card","Card","Relic","Card"],"build_version":"2020-12-22","purchased_purges":3,"victory":false,"max_hp_per_floor":[80,80,80,80,80,80,80,80,80,80,80,80,80,80,80,80,80,80,80,80,80,80,80,80,80,80,80,80,80,80,80,80,80,80,80,80,80,80,80,80,80,80,80,80,90,90,90,90,90,90,90,90,97,97,97,97,97,97],"card_choices":[{"not_picked":["Guardian:Incinerate","Guardian:FuturePlans"],"picked":"Guardian:ShieldCharger","floor":2},{"not_picked":["Guardian:ArmoredProtocol","Guardian:Reroute"],"picked":"Guardian:ChargeCore","floor":5},{"not_picked":["Guardian:ShieldCharger","Guardian:Repulse"],"picked":"Guardian:BronzeOrb","floor":6},{"not_picked":["Guardian:Harden","Guardian:TemporalStrike"],"picked":"Guardian:Gem_Fragmented","floor":9},{"not_picked":["Guardian:ShieldCharger+1","Guardian:ShieldSpikes+1"],"picked":"Guardian:Recover+1","floor":11},{"not_picked":["Guardian:RollAttack","Guardian:Repulse"],"picked":"Guardian:Gem_Crimson","floor":12},{"not_picked":["Guardian:Recover+1","Guardian:Gem_Lightblue"],"picked":"Guardian:TemporalStrike","floor":13},{"not_picked":["Guardian:ShieldCharger+1","Guardian:Recover+1"],"picked":"Guardian:StasisStrike","floor":14},{"not_picked":["Guardian:ShieldSpikes+1","Guardian:CrystalBeam"],"picked":"Guardian:Gem_Purple","floor":15},{"not_picked":["Guardian:RevengeProtocol","Guardian:AncientConstruct"],"picked":"Guardian:ConstructionForm","floor":16},{"not_picked":["Guardian:Gem_Red","Guardian:CrystalBeam"],"picked":"Guardian:Clone+1","floor":19},{"not_picked":["Guardian:CrystalBeam","Guardian:ShieldCharger+1","Guardian:TemporalStrike"],"picked":"SKIP","floor":20},{"not_picked":["Guardian:Incinerate","Guardian:Planning+1"],"picked":"Guardian:RefractedBeam","floor":21},{"not_picked":["Guardian:Recover+1","Guardian:MultiBeam","Guardian:ConstructionForm"],"picked":"SKIP","floor":23},{"not_picked":["Guardian:PiercingHide+1","Guardian:FloatingOrbs+1"],"picked":"Guardian:Gem_Red","floor":25},{"not_picked":["Guardian:TimeBomb+1","Guardian:SpikerProtocol+1"],"picked":"Guardian:Gem_Green","floor":27},{"not_picked":["Guardian:Gem_Red","Guardian:ChargeCore+1"],"picked":"Guardian:GemFinder","floor":28},{"not_picked":["Guardian:ShieldCharger+1","Guardian:Incinerate+1"],"picked":"Guardian:WalkerClaw+1","floor":31},{"not_picked":["Guardian:Gem_Lightblue","Guardian:Gem_Green"],"picked":"Guardian:Gem_Red","floor":31},{"not_picked":["Guardian:Gem_Lightblue","Guardian:CrystalBeam+1"],"picked":"Guardian:TemporalStrike+1","floor":32},{"not_picked":["Guardian:WalkerClaw+1","Guardian:Gem_Red"],"picked":"Guardian:VentSteam+1","floor":36},{"not_picked":["Guardian:VentSteam+1","Guardian:Incinerate+1"],"picked":"Guardian:BaubleBeam+1","floor":37},{"not_picked":["Guardian:Gem_Green","Guardian:Gem_Lightblue"],"picked":"Guardian:Gem_Cyan","floor":37},{"not_picked":["Guardian:Gem_Lightblue","Guardian:Gem_Cyan"],"picked":"Guardian:Gem_Green","floor":38},{"not_picked":["Guardian:VentSteam+1","Guardian:CrystalBeam+1","Guardian:TimeBomb+1"],"picked":"SKIP","floor":38},{"not_picked":["Guardian:GemFire+1","Guardian:PiercingHide+1","Guardian:Suspension+1"],"picked":"SKIP","floor":42},{"not_picked":["Guardian:TemporalStrike+1","Guardian:PiercingHide+1"],"picked":"Guardian:TimeCapacitor","floor":46},{"not_picked":["Guardian:Gem_Cyan","Guardian:Gem_Lightblue","Guardian:SpikerProtocol"],"picked":"SKIP","floor":49},{"not_picked":["Guardian:ShieldSpikes+1","Guardian:RollAttack+1"],"picked":"Guardian:Gem_Crimson","floor":52}],"player_experience":573159,"relics_obtained":[{"floor":6,"key":"Whetstone"},{"floor":7,"key":"Lizard Tail"},{"floor":12,"key":"TungstenRod"},{"floor":13,"key":"Odd Mushroom"},{"floor":14,"key":"Centennial Puzzle"},{"floor":23,"key":"Dream Catcher"},{"floor":24,"key":"Molten Egg 2"},{"floor":28,"key":"Tiny Chest"},{"floor":43,"key":"Vajra"},{"floor":46,"key":"CeramicFish"},{"floor":48,"key":"Bag of Preparation"},{"floor":52,"key":"Mummified Hand"}],"event_choices":[{"cards_removed":["Guardian:Strike_Guardian"],"damage_healed":0,"gold_gain":0,"player_choice":"Card Removal","damage_taken":0,"max_hp_gain":0,"max_hp_loss":0,"event_name":"The Cleric","floor":3,"gold_loss":0},{"damage_healed":0,"gold_gain":0,"player_choice":"Fought Mushrooms","damage_taken":0,"max_hp_gain":0,"max_hp_loss":0,"event_name":"Mushrooms","floor":13,"gold_loss":0}],"is_beta":false,"boss_relics":[{"not_picked":["Guardian:StasisSlotReductionRelic","SacredBark"],"picked":"Coffee Dripper"},{"not_picked":["Empty Cage","SlaversCollar"],"picked":"Runic Pyramid"}],"items_purged_floors":[9,27,42],"is_endless":false,"potions_floor_spawned":[5,6,13,14,20,21,25,28,33,36,38,49],"killed_by":"downfall:NeowBossFinal","ascension_level":2}}