{"host":"ucgrft0m53zzt06v","time":1612407023,"event":{"mods":["BaseMod","Colored Map","Colored Powertips","Conspire","HololiveMod","KinomotoSakuraMod(木之本樱)","Lobotomy","Minty Spire (QoL Compilation)","Quick Restart","Replay The Spire","Shop Mod","Spicy Shops","StSLib","Td1madao Mod","The Senshi","Waifu the Spire","WarShipGirlsR/战舰少女R mod","【遗物卡牌】REMEMod"],"gold_per_floor":[111,131,131,131,146,146,187,187,263,263,263,22,67,83,83,213,213,229,179,26,3,26,26,63,63,63,63,63],"floor_reached":27,"language":"ZHS","playtime":1336,"items_purged":["Spreading Infection","Strike_C"],"score":291,"play_id":"35eb980a-c00e-4b2b-a265-82b8ca1b8ef5","local_time":"20210204105023","is_ascension_mode":true,"campfire_choices":[{"data":"Here Defend Chip","floor":6.0,"key":"SMITH"},{"data":"Here Defend Chip+1","floor":8.0,"key":"SMITH"},{"data":"Here Defend Chip+2","floor":10.0,"key":"SMITH"},{"data":"Machining","floor":23.0,"key":"SMITH"},{"data":"Cooling Song","floor":25.0,"key":"SMITH"}],"circlet_count":0,"master_deck":["Strike_C","Strike_C","Strike_C","Defend_C","Defend_C","Defend_C","Defend_C","Knight Kick","Chip","Footwork","Perfect Defend","Here Defend Chip+4","Black Dance","Cooling Song+1","Machining+1","Black Spear","Overclocking","Money Cant Rescue+1","conspire:SpireCoStock","Sub Weapons"],"relics":["Apod","REME_ComplimentaryCards","Golden Idol","Juzu Bracelet","Bottled Tornado","Hololive_ChaosS","ReplayTheSpireMod:CursedCoin","MerchantsRug","Blue Candle","Omamori"],"acts_visited":["Exordium","TheCity"],"potions_floor_usage":[27],"damage_taken":[{"damage":0.0,"enemies":"Cultist","floor":1.0,"turns":5.0},{"damage":6.0,"enemies":"Small Slimes","floor":2.0,"turns":4.0},{"damage":1.0,"enemies":"Jaw Worm","floor":5.0,"turns":7.0},{"damage":30.0,"enemies":"Lagavulin","floor":7.0,"turns":18.0},{"damage":0.0,"enemies":"Red Slaver","floor":14.0,"turns":4.0},{"damage":0.0,"enemies":"Hexaghost","floor":16.0,"turns":8.0},{"damage":0.0,"enemies":"Shell Parasite","floor":18.0,"turns":4.0},{"damage":0.0,"enemies":"3 Byrds","floor":22.0,"turns":3.0},{"damage":8.0,"enemies":"Slavers","floor":24.0,"turns":9.0},{"damage":62,"enemies":"Cultist and Chosen","floor":27,"turns":6}],"seed_played":"-8998198660154928716","potions_obtained":[{"floor":0.0,"key":"Energy Potion"},{"floor":0.0,"key":"Milkshake"},{"floor":0.0,"key":"Energy Potion"},{"floor":7.0,"key":"ColorlessPotion"},{"floor":14.0,"key":"EssenceOfSteel"},{"floor":18.0,"key":"REME_GoldPotion"},{"floor":22.0,"key":"Languid Potion"}],"is_trial":false,"path_per_floor":["M","M","?","?","M","R","E","R","T","R","?","$","?","M","R_BF","B",null,"M","?","$","$","M","R","E","R","T","M"],"character_chosen":"TD1MADAO_CLASS","items_purchased":["Cooling Song","Machining","Chemical X","BlessingOfTheForge","ReplayTheSpireMod:CursedCoin","HandDrill","MerchantsRug"],"campfire_rested":0,"item_purchase_floors":[12,12,12,12,20,20,20],"current_hp_per_floor":[70,64,47,70,69,69,39,39,39,39,39,39,22,22,43,43,70,70,70,70,70,70,70,62,62,62,0,0],"gold":63,"neow_bonus":"THREE_SMALL_POTIONS","is_daily":false,"chose_seed":false,"campfire_upgraded":5,"win_rate":0.0,"timestamp":1612407023,"path_taken":["M","?","?","?","?","R","E","R","T","R","?","$","?","M","R_BF","BOSS","M","?","?","$","M","R","E","R","T","M"],"items_purchased_type":["Card","Card","Relic","Potion","Relic","Relic","Relic"],"build_version":"2020-12-22","purchased_purges":2,"victory":false,"max_hp_per_floor":[70,70,70,70,70,70,70,70,70,70,70,70,70,70,70,70,70,70,70,70,70,70,70,70,70,70,70,70],"card_choices":[{"not_picked":["Fire Blade","Black Hand"],"picked":"Perfect Defend","floor":1.0},{"not_picked":["Oblique Hack","De Ware Chip"],"picked":"Here Defend Chip","floor":2.0},{"not_picked":["Afterwards","Recovery Mechanism","De Ware Chip"],"picked":"SKIP","floor":5.0},{"not_picked":["Black Shadow","E MP"],"picked":"Black Dance","floor":7.0},{"not_picked":["Three Hit","Black Shadow"],"picked":"Black Spear","floor":14.0},{"not_picked":["Optimization","Format All Data"],"picked":"Overclocking","floor":16.0},{"not_picked":["E MP","Floating Swing Kick"],"picked":"Money Cant Rescue+1","floor":18.0},{"not_picked":["Black Execution","Twin Teeth"],"picked":"Sub Weapons","floor":22.0},{"not_picked":["Money Cant Rescue","De Ware Chip","Floating Even"],"picked":"SKIP","floor":24.0}],"player_experience":177810,"relics_obtained":[{"floor":7.0,"key":"Juzu Bracelet"},{"floor":9.0,"key":"Bottled Tornado"},{"floor":24.0,"key":"Blue Candle"},{"floor":26.0,"key":"Omamori"}],"event_choices":[{"damage_healed":0.0,"max_hp_gain":0.0,"max_hp_loss":0.0,"gold_gain":0.0,"event_name":"Golden Idol","player_choice":"Take Damage","floor":3.0,"gold_loss":0.0,"damage_taken":17.0,"relics_obtained":["Golden Idol"]},{"damage_healed":23.0,"max_hp_gain":0.0,"max_hp_loss":0.0,"gold_gain":0.0,"event_name":"Wheel of Change","player_choice":"Full Heal","floor":4.0,"gold_loss":0.0,"damage_taken":0.0},{"damage_healed":0.0,"max_hp_gain":0.0,"max_hp_loss":0.0,"gold_gain":0.0,"event_name":"conspire:LoneGhost","player_choice":"Disagree","floor":11.0,"gold_loss":0.0,"damage_taken":0.0},{"damage_healed":0.0,"max_hp_gain":0.0,"max_hp_loss":0.0,"gold_gain":0.0,"event_name":"conspire:Investor","player_choice":"Invest 1","floor":19.0,"gold_loss":0.0,"damage_taken":0.0}],"is_beta":false,"boss_relics":[{"not_picked":["Hololive_Finger","REME_DuelDisc"],"picked":"Hololive_ChaosS"}],"items_purged_floors":[20,21],"is_endless":false,"potions_floor_spawned":[5,7,14,16,18,22],"killed_by":"Cultist and Chosen","ascension_level":1}}