{"host":"u8gwyxapu65l7nuk","time":1612409578,"event":{"mods":["BaseMod","Custom Start","Minty Spire (QoL Compilation)","StSLib"],"gold_per_floor":[113,128,141,161,161,161,189,189,189,223,242,254,254,254,254,352,352,365,377,377,392,405,405,436,436,461,488,488,505,524,549,549,649,649,660,660,675,675,51,51,80,4,73,87,120,120,155,175,175,175],"floor_reached":51,"language":"ENG","playtime":2774,"items_purged":[],"score":822,"play_id":"325bcfa5-71c4-44d0-8114-4ef8b130c676","local_time":"20210204113258","is_ascension_mode":true,"campfire_choices":[{"data":"Creative AI","floor":6.0,"key":"SMITH"},{"data":"TalkToTheHand","floor":13.0,"key":"SMITH"},{"data":"CrushJoints","floor":15.0,"key":"SMITH"},{"floor":23.0,"key":"REST"},{"floor":32.0,"key":"REST"},{"floor":40.0,"key":"DIG"},{"floor":49,"key":"DIG"}],"circlet_count":0,"master_deck":["Strike_P","Strike_P","Strike_P","Eruption","Defend_P","Defend_P","Defend_P","Defend_P","Vigilance","Creative AI+1","CrushJoints+1","TalkToTheHand+1","EmptyBody","CrushJoints+1","FlurryOfBlows+1","Evaluate","FlyingSleeves+1","MasterReality","WindmillStrike+1","EmptyFist+1","SandsOfTime+1","Vault","PathToVictory","Consecrate+1","FlyingSleeves+1","DeusExMachina","CutThroughFate+1","Prostrate","Transmutation","LikeWater","LikeWater+1","Alpha","Madness","Madness"],"relics":["HolyWater","Mummified Hand","Bird Faced Urn","Bottled Tornado","Molten Egg 2","Lizard Tail","Sundial","HornCleat","SlaversCollar","Calipers","Nilry\u0027s Codex","Anchor","Nunchaku","Gremlin Horn","Shovel","CloakClasp","Orichalcum","Blood Vial","CaptainsWheel","Question Card","Prayer Wheel","Bronze Scales","InkBottle"],"acts_visited":["Exordium","TheCity","TheBeyond"],"potions_floor_usage":[],"damage_taken":[{"damage":7.0,"enemies":"2 Louse","floor":1.0,"turns":5.0},{"damage":1.0,"enemies":"Cultist","floor":2.0,"turns":4.0},{"damage":1.0,"enemies":"Small Slimes","floor":3.0,"turns":6.0},{"damage":28.0,"enemies":"Red Slaver","floor":4.0,"turns":5.0},{"damage":51.0,"enemies":"3 Sentries","floor":7.0,"turns":8.0},{"damage":20.0,"enemies":"Exordium Thugs","floor":8.0,"turns":4.0},{"damage":1.0,"enemies":"Lagavulin","floor":10.0,"turns":7.0},{"damage":20.0,"enemies":"2 Fungi Beasts","floor":11.0,"turns":3.0},{"damage":6.0,"enemies":"Looter","floor":12.0,"turns":4.0},{"damage":20.0,"enemies":"The Guardian","floor":16.0,"turns":8.0},{"damage":14.0,"enemies":"Shell Parasite","floor":18.0,"turns":9.0},{"damage":6.0,"enemies":"Chosen","floor":19.0,"turns":5.0},{"damage":8.0,"enemies":"Snake Plant","floor":21.0,"turns":4.0},{"damage":62.0,"enemies":"Sentry and Sphere","floor":22.0,"turns":10.0},{"damage":9.0,"enemies":"Book of Stabbing","floor":24.0,"turns":4.0},{"damage":41.0,"enemies":"Gremlin Leader","floor":27.0,"turns":7.0},{"damage":15.0,"enemies":"Shelled Parasite and Fungi","floor":29.0,"turns":6.0},{"damage":0.0,"enemies":"3 Cultists","floor":30.0,"turns":4.0},{"damage":23.0,"enemies":"Book of Stabbing","floor":31.0,"turns":6.0},{"damage":40.0,"enemies":"Champ","floor":33.0,"turns":8.0},{"damage":0.0,"enemies":"Orb Walker","floor":35.0,"turns":3.0},{"damage":11.0,"enemies":"3 Shapes","floor":37.0,"turns":4.0},{"damage":1.0,"enemies":"Reptomancer","floor":41.0,"turns":6.0},{"damage":9.0,"enemies":"Writhing Mass","floor":44.0,"turns":6.0},{"damage":36.0,"enemies":"Nemesis","floor":45.0,"turns":10.0},{"damage":6,"enemies":"Reptomancer","floor":47,"turns":5},{"damage":0,"enemies":"Spire Growth","floor":48,"turns":5},{"damage":15,"enemies":"Donu and Deca","floor":50,"turns":8}],"seed_played":"2584941478436488722","potions_obtained":[{"floor":5.0,"key":"DistilledChaos"},{"floor":5.0,"key":"SmokeBomb"},{"floor":5.0,"key":"SkillPotion"},{"floor":11.0,"key":"SpeedPotion"},{"floor":12.0,"key":"SkillPotion"},{"floor":16.0,"key":"GamblersBrew"},{"floor":27.0,"key":"StancePotion"},{"floor":30.0,"key":"DuplicationPotion"},{"floor":31.0,"key":"FearPotion"}],"is_trial":true,"path_per_floor":["M","M","M","M","?","R","E","M","T","E","M","M","R","T","R","B",null,"M","M","?","M","M","R","E","?","T","E","?","M","M","E","R","B",null,"M","?","M","?","$","R","E","$","T","M","E","?","E","M","R","B",null],"character_chosen":"WATCHER","items_purchased":["Transmutation","CloakClasp","Orichalcum","LikeWater"],"campfire_rested":2,"item_purchase_floors":[39,39,39,42],"current_hp_per_floor":[72,72,72,54,54,54,19,3,3,14,40,42,42,42,42,38,72,68,72,72,68,20,41,44,28,28,5,5,6,18,9,30,12,72,72,72,67,67,67,67,72,72,72,72,58,49,63,72,72,63],"gold":175,"neow_bonus":"","is_daily":false,"chose_seed":false,"campfire_upgraded":3,"win_rate":0.0,"timestamp":1612409578,"path_taken":["M","M","M","M","?","R","E","M","T","E","?","M","R","?","R","BOSS","M","M","?","M","M","R","E","?","T","E","?","?","M","E","R","BOSS","M","?","M","?","?","R","E","$","T","M","E","?","E","M","R","BOSS"],"items_purchased_type":["Card","Relic","Relic","Card"],"build_version":"2020-12-22","purchased_purges":0,"victory":true,"max_hp_per_floor":[72,72,72,72,72,72,72,72,72,72,72,72,72,72,72,72,72,72,72,72,72,72,72,72,72,72,72,72,72,72,72,72,72,72,72,72,72,72,72,72,72,72,72,72,72,72,72,72,72,72],"card_choices":[{"not_picked":["SashWhip","Meditate"],"picked":"CrushJoints","floor":1.0},{"not_picked":["CrushJoints","Protect"],"picked":"TalkToTheHand","floor":2.0},{"not_picked":["Weave","Vengeance"],"picked":"Nirvana","floor":3.0},{"not_picked":["EmptyFist","FearNoEvil"],"picked":"EmptyBody","floor":4.0},{"not_picked":["Blasphemy","ThirdEye"],"picked":"CrushJoints+1","floor":7.0},{"not_picked":["Blasphemy","Wallop+1"],"picked":"FlurryOfBlows+1","floor":10.0},{"not_picked":["Halt","EmptyBody"],"picked":"Evaluate","floor":11.0},{"not_picked":["Worship","Study"],"picked":"FlyingSleeves+1","floor":12.0},{"not_picked":["Omniscience","SpiritShield"],"picked":"MasterReality","floor":16.0},{"not_picked":["WheelKick+1","EmptyFist+1"],"picked":"WindmillStrike+1","floor":18.0},{"not_picked":["SignatureMove+1","ThirdEye+1","FlurryOfBlows+1"],"picked":"SKIP","floor":19.0},{"not_picked":["Prostrate","CrushJoints+1"],"picked":"EmptyFist+1","floor":21.0},{"not_picked":["Prostrate+1","EmptyMind+1"],"picked":"SandsOfTime+1","floor":22.0},{"not_picked":["MentalFortress+1","Halt"],"picked":"Vault","floor":24.0},{"not_picked":["SignatureMove+1","JustLucky+1"],"picked":"PathToVictory","floor":27.0},{"not_picked":["ThirdEye","JustLucky+1"],"picked":"Consecrate+1","floor":29.0},{"not_picked":["Tantrum+1","Crescendo+1"],"picked":"FlyingSleeves+1","floor":30.0},{"not_picked":["DeceiveReality","Study+1","JustLucky+1"],"picked":"SKIP","floor":31.0},{"not_picked":["Scrawl","Blasphemy"],"picked":"DeusExMachina","floor":33.0},{"not_picked":["SashWhip+1","WheelKick+1"],"picked":"CutThroughFate+1","floor":35.0},{"not_picked":["BattleHymn","FlyingSleeves+1"],"picked":"Prostrate","floor":37.0},{"not_picked":["EmptyBody+1","Judgement","ThirdEye+1"],"picked":"SKIP","floor":41.0},{"not_picked":["Halt","Consecrate+1","BowlingBash+1"],"picked":"LikeWater+1","floor":44.0},{"not_picked":["FlyingSleeves+1","Study","Wallop+1"],"picked":"Alpha","floor":45.0},{"not_picked":["EmptyMind","PathToVictory","ThirdEye+1","Evaluate"],"picked":"SKIP","floor":47},{"not_picked":["SignatureMove+1","ClearTheMind+1","BowlingBash+1","CarveReality+1"],"picked":"SKIP","floor":48},{"not_picked":["Crescendo+1","FollowUp+1","JustLucky+1","Prostrate+1"],"picked":"SKIP","floor":48}],"player_experience":229955,"relics_obtained":[{"floor":7.0,"key":"Molten Egg 2"},{"floor":9.0,"key":"Lizard Tail"},{"floor":10.0,"key":"Sundial"},{"floor":14.0,"key":"HornCleat"},{"floor":24.0,"key":"Calipers"},{"floor":25.0,"key":"Nilry\u0027s Codex"},{"floor":26.0,"key":"Anchor"},{"floor":27.0,"key":"Nunchaku"},{"floor":28.0,"key":"Gremlin Horn"},{"floor":31.0,"key":"Shovel"},{"floor":40.0,"key":"Blood Vial"},{"floor":41.0,"key":"CaptainsWheel"},{"floor":43.0,"key":"Question Card"},{"floor":45.0,"key":"Prayer Wheel"},{"floor":47,"key":"Bronze Scales"},{"floor":49,"key":"InkBottle"}],"event_choices":[{"damage_healed":0.0,"max_hp_gain":0.0,"max_hp_loss":0.0,"gold_gain":0.0,"event_name":"Lab","player_choice":"Got Potions","floor":5.0,"gold_loss":0.0,"damage_taken":0.0},{"cards_removed":["Strike_P"],"damage_healed":0.0,"max_hp_gain":0.0,"max_hp_loss":0.0,"gold_gain":0.0,"event_name":"Back to Basics","player_choice":"Elegance","floor":20.0,"gold_loss":0.0,"damage_taken":0.0},{"damage_healed":0.0,"max_hp_gain":0.0,"max_hp_loss":0.0,"gold_gain":0.0,"event_name":"Cursed Tome","player_choice":"Obtained Book","floor":25.0,"gold_loss":0.0,"damage_taken":16.0},{"damage_healed":0.0,"max_hp_gain":0.0,"max_hp_loss":0.0,"gold_gain":0.0,"event_name":"Wheel of Change","player_choice":"Relic","floor":28.0,"gold_loss":0.0,"damage_taken":0.0},{"cards_removed":["Nirvana"],"damage_healed":0.0,"max_hp_gain":0.0,"max_hp_loss":0.0,"gold_gain":0.0,"event_name":"Falling","player_choice":"Removed Power","floor":36.0,"gold_loss":0.0,"damage_taken":0.0},{"damage_healed":0.0,"max_hp_gain":0.0,"max_hp_loss":0.0,"gold_gain":0.0,"event_name":"SecretPortal","player_choice":"Ignored","floor":38.0,"gold_loss":0.0,"damage_taken":0.0},{"damage_healed":0.0,"max_hp_gain":0.0,"max_hp_loss":0.0,"gold_gain":0.0,"event_name":"Winding Halls","player_choice":"Embrace Madness","floor":46.0,"gold_loss":0.0,"damage_taken":9.0,"cards_obtained":["Madness","Madness"]}],"is_beta":false,"boss_relics":[{"not_picked":["Philosopher\u0027s Stone","Busted Crown"],"picked":"SlaversCollar"},{"not_picked":["Coffee Dripper","VioletLotus"],"picked":"HolyWater"}],"items_purged_floors":[],"is_endless":false,"potions_floor_spawned":[8,11,12,16,19,27,30,31,33,37,41,44,47],"ascension_level":1}}