{"host":"w8xisjf5mgmfjvmt","time":1612430180,"event":{"mods":["BaseMod","BetterRewards","Challenge The Spire","Conspire","Energized Spire","Filter the Spire","Minty Spire (QoL Compilation)","Quarter Circle Forward PUNCH!","Quick Restart","Relic Filter Mod","Relic Stats","Reliquary","Replay The Spire","Shop Mod","Spicy Shops","StSLib","Thieving Mod","¡¾ÒÅÎï¿¨ÅÆ¡¿REMEMod","óô»ðÖ¸ÄÏ"],"gold_per_floor":[117,133,133,133,144,144,144],"floor_reached":6,"language":"ZHS","playtime":161,"items_purged":[],"score":72,"play_id":"e7f7192b-3743-41cb-b240-ef2ba53e6985","local_time":"20210204171620","is_ascension_mode":true,"campfire_choices":[],"circlet_count":0,"master_deck":["AscendersBane","Strike_R+1","Strike_R","Strike_R","Strike_R","Strike_R","Defend_R","Defend_R","Defend_R+1","Defend_R","Bash","Juggernaut","Combust","Armaments","Body Slam","Shrug It Off"],"relics":["Burning Blood","REME_ComplimentaryCards","qcfpunch:Chain_With_Nametags"],"acts_visited":["Exordium"],"potions_floor_usage":[6],"damage_taken":[{"damage":8.0,"enemies":"Small Slimes","floor":1.0,"turns":3.0},{"damage":14.0,"enemies":"Jaw Worm","floor":2.0,"turns":4.0},{"damage":8.0,"enemies":"2 Louse","floor":5.0,"turns":3.0},{"damage":36,"enemies":"3 Sentries","floor":6,"turns":6}],"seed_played":"3473003122937079931","potions_obtained":[{"floor":1.0,"key":"ThievingMod:ThievingPotion"},{"floor":2.0,"key":"LiquidBronze"},{"floor":5.0,"key":"DistilledChaos"}],"is_trial":false,"path_per_floor":["M","M","?","T","M","E"],"character_chosen":"IRONCLAD","items_purchased":[],"campfire_rested":0,"item_purchase_floors":[],"current_hp_per_floor":[66,58,38,38,36,0,0],"gold":144,"neow_bonus":"THREE_RARE_CARDS","is_daily":false,"chose_seed":false,"campfire_upgraded":0,"win_rate":0.0,"timestamp":1612430180,"path_taken":["M","M","?","?","M","E"],"items_purchased_type":[],"build_version":"2020-12-22","purchased_purges":0,"victory":false,"max_hp_per_floor":[68,68,68,68,68,68,68],"relic_stats":{"counters":[4,16],"obtain_stats":[{"qcfpunch:Chain_With_Nametags":4,"Burning Blood":0,"REME_ComplimentaryCards":0},{"qcfpunch:Chain_With_Nametags":2,"Burning Blood":0,"REME_ComplimentaryCards":0},{"qcfpunch:Chain_With_Nametags":7,"Burning Blood":0,"REME_ComplimentaryCards":0}],"Burning Blood":18},"card_choices":[{"not_picked":["conspire:Purge","Hemogenesis"],"picked":"Juggernaut","floor":0.0},{"not_picked":["Pommel Strike","Iron Wave"],"picked":"Armaments","floor":1.0},{"not_picked":["Cleave","Wild Strike"],"picked":"Body Slam","floor":2.0},{"not_picked":["Body Slam","conspire:HitWhereItHurts"],"picked":"Shrug It Off","floor":5.0}],"player_experience":1273528,"relics_obtained":[{"floor":4.0,"key":"qcfpunch:Chain_With_Nametags"}],"event_choices":[{"damage_healed":0.0,"max_hp_gain":0.0,"max_hp_loss":0.0,"gold_gain":0.0,"event_name":"Shining Light","player_choice":"Entered Light","floor":3.0,"gold_loss":0.0,"damage_taken":20.0,"cards_upgraded":["Defend_R","Strike_R"]}],"is_beta":false,"boss_relics":[],"items_purged_floors":[],"is_endless":false,"potions_floor_spawned":[1,2,5],"killed_by":"3 Sentries","ascension_level":20}}