{"host":"9709z2dy8v1s63sm","time":1612423619,"event":{"mods":["AchievementEnabler","BaseMod","Minty Spire (QoL Compilation)","StSLib","SuperFastMode"],"gold_per_floor":[110,110,130,145,162,162,195,209,209,221,221,250,131,206,206,206,206],"floor_reached":16,"language":"KOR","playtime":525,"items_purged":["Strike_R"],"score":240,"play_id":"38f83638-2269-4381-838a-2655b29f73d0","local_time":"20210204162659","is_ascension_mode":true,"campfire_choices":[{"data":"Body Slam","floor":6,"key":"SMITH"},{"data":"Barricade","floor":15,"key":"SMITH"}],"circlet_count":0,"master_deck":["AscendersBane","Strike_R","Strike_R","Strike_R","Defend_R","Defend_R","Defend_R","Defend_R","Bash","Disarm","Hemokinesis","Body Slam+1","Barricade+1","Whirlwind","Second Wind","Power Through","Flame Barrier","Shrug It Off","Dark Embrace"],"relics":["Burning Blood","Prayer Wheel","Smiling Mask","Question Card","CaptainsWheel","Calipers"],"acts_visited":["Exordium"],"potions_floor_usage":[12,12],"damage_taken":[{"damage":4,"enemies":"Small Slimes","floor":1,"turns":4},{"damage":4,"enemies":"Jaw Worm","floor":3,"turns":5},{"damage":2,"enemies":"2 Louse","floor":4,"turns":3},{"damage":0,"enemies":"Lots of Slimes","floor":5,"turns":1},{"damage":39,"enemies":"3 Sentries","floor":7,"turns":6},{"damage":14,"enemies":"Red Slaver","floor":8,"turns":4},{"damage":18,"enemies":"Exordium Thugs","floor":10,"turns":5},{"damage":0,"enemies":"Lagavulin","floor":12,"turns":8},{"damage":24,"enemies":"The Guardian","floor":16,"turns":2}],"seed_played":"3190500633998659685","potions_obtained":[{"floor":1,"key":"SneckoOil"},{"floor":4,"key":"Swift Potion"},{"floor":7,"key":"SpeedPotion"}],"is_trial":false,"path_per_floor":["M","?","M","M","M","R","E","M","T","M","?","E","$","?","R","B"],"character_chosen":"IRONCLAD","items_purchased":["Dark Embrace"],"campfire_rested":0,"item_purchase_floors":[13],"current_hp_per_floor":[68,63,65,68,68,68,35,27,27,15,8,14,14,3,3,0,0],"gold":206,"neow_bonus":"ONE_RARE_RELIC","is_daily":false,"chose_seed":false,"campfire_upgraded":2,"win_rate":0.0,"timestamp":1612423619,"path_taken":["M","?","M","M","M","R","E","M","T","M","?","E","$","?","R","BOSS"],"items_purchased_type":["Card"],"build_version":"2020-12-22","purchased_purges":1,"victory":false,"max_hp_per_floor":[68,68,68,68,68,68,68,68,68,68,68,68,68,68,68,68,68],"card_choices":[{"not_picked":["Rampage","Anger"],"picked":"Disarm","floor":1},{"not_picked":["Havoc","Sword Boomerang"],"picked":"Hemokinesis","floor":1},{"not_picked":["Havoc","Clothesline"],"picked":"Body Slam","floor":3},{"not_picked":["Infernal Blade","Flex","Wild Strike"],"picked":"SKIP","floor":3},{"not_picked":["Clash","True Grit"],"picked":"Barricade","floor":4},{"not_picked":["Burning Pact","Iron Wave"],"picked":"Whirlwind","floor":4},{"not_picked":["Iron Wave","Twin Strike"],"picked":"Second Wind","floor":5},{"not_picked":["Hemokinesis","Rampage","Thunderclap"],"picked":"SKIP","floor":5},{"not_picked":["Hemokinesis","Twin Strike","Havoc"],"picked":"SKIP","floor":7},{"not_picked":["Flame Barrier","Clothesline","Havoc"],"picked":"Power Through","floor":8},{"not_picked":["True Grit","Warcry","Havoc","Iron Wave"],"picked":"SKIP","floor":8},{"not_picked":["Pummel","Twin Strike","Whirlwind"],"picked":"Flame Barrier","floor":10},{"not_picked":["Heavy Blade","Cleave","Perfected Strike","Rage"],"picked":"SKIP","floor":10},{"not_picked":["Second Wind","Flame Barrier","Thunderclap"],"picked":"Shrug It Off","floor":12}],"player_experience":112490,"relics_obtained":[{"floor":7,"key":"Question Card"},{"floor":9,"key":"CaptainsWheel"},{"floor":12,"key":"Calipers"}],"event_choices":[{"damage_healed":0,"gold_gain":0,"player_choice":"Success","damage_taken":5,"relics_obtained":["Smiling Mask"],"max_hp_gain":0,"max_hp_loss":0,"event_name":"Scrap Ooze","floor":2,"gold_loss":0},{"cards_removed":["Strike_R"],"damage_healed":0,"gold_gain":0,"player_choice":"Card Removal","damage_taken":7,"max_hp_gain":0,"max_hp_loss":0,"event_name":"Golden Wing","floor":11,"gold_loss":0},{"damage_healed":0,"gold_gain":75,"player_choice":"Gather Gold","damage_taken":11,"max_hp_gain":0,"max_hp_loss":0,"event_name":"World of Goop","floor":14,"gold_loss":0}],"is_beta":false,"boss_relics":[],"items_purged_floors":[13],"is_endless":false,"potions_floor_spawned":[1,4,7],"killed_by":"The Guardian","ascension_level":15}}