{"host":"0s8kyghz8ihx2r41","time":1612475202,"event":{"mods":["2.2 Compatiblity","Act Like it!","Bard","BaseMod","CapriCore","Chen","Conspire","Downfall","Friendly Minions","GungeonMod","Hermit","HololiveMod","Hubris","Koishi","Lobotomy","LobotomyExtend","Marisa（霧雨　魔理沙）","Minty Spire (QoL Compilation)","Monster B Gone","Morshu Shopkeeper","Onozuka Komachi Mod","Prisma Mod","READ ME - Snecko Mod","Reimu（博??梦）","Reliquary","Replay The Spire","Spire Birthday Party","StSLib","The Administrix","The Alterego","The Clintock","The Construct","The Cursed","The Disciple","The Druid","The Edgeheg","The Gatherer","The Immortal","The Marked","The Mystic","The Servant 0.9.4","TheVacant","Waifu the Spire","Yakumo Yukari mod","Yuyuko","everything is the same but u backflip on backflip","slay the spire mod where everything is the same but ironclad has a cowboy hat"],"gold_per_floor":[83,103,103,73,85,419,419,433,433,433,447,464,479,498,498,498,498],"floor_reached":16,"language":"ENG","playtime":1473,"items_purged":[],"score":106,"play_id":"845f0ebb-957b-4dee-a045-b2b6cc873429","local_time":"20210204164642","is_ascension_mode":false,"campfire_choices":[{"floor":10,"key":"REST"},{"floor":15,"key":"REST"}],"circlet_count":0,"master_deck":["theEdgeheg:StarterShootAttack","theEdgeheg:StarterShootAttack","theEdgeheg:StarterShootAttack","theEdgeheg:StarterShootAttack","theEdgeheg:StarterDodgeSkill","theEdgeheg:StarterDodgeSkill","theEdgeheg:StarterDodgeSkill","theEdgeheg:BloodyKatana","theEdgeheg:ChaosControlSkill","theEdgeheg:GatherChaos","theEdgeheg:UseAndThrow","theEdgeheg:BlackKatana","theEdgeheg:QuickKatana","theEdgeheg:TeleportsAbove","theEdgeheg:BadassArsenal","theEdgeheg:RevolverOcelot","theEdgeheg:Butt","theEdgeheg:CrazyGirlfriend","theEdgeheg:MachineGun"],"relics":["theEdgeheg:UltimateLifeformRelic","theEdgeheg:GreenEmeraldRelic","LetterFromLob","Old Coin","Art of War"],"acts_visited":["Exordium"],"potions_floor_usage":[4,6,6,16,16,16],"damage_taken":[{"damage":0,"enemies":"Small Slimes","floor":1,"turns":5},{"damage":0,"enemies":"Jaw Worm","floor":2,"turns":4},{"damage":0,"enemies":"Cultist","floor":5,"turns":5},{"damage":3,"enemies":"3 Sentries","floor":6,"turns":12},{"damage":1,"enemies":"Large Slime","floor":8,"turns":8},{"damage":0,"enemies":"Gremlin Gang","floor":11,"turns":4},{"damage":1,"enemies":"Looter","floor":12,"turns":4},{"damage":3,"enemies":"Exordium Wildlife","floor":13,"turns":7},{"damage":6,"enemies":"Gremlin Gang","floor":14,"turns":6},{"damage":3,"enemies":"Hexaghost","floor":16,"turns":7}],"seed_played":"6125061261053740099","potions_obtained":[{"floor":2,"key":"SpeedPotion"},{"floor":4,"key":"Fruit Juice"},{"floor":4,"key":"Block Potion"},{"floor":5,"key":"Swift Potion"},{"floor":6,"key":"LifebloodPotion"},{"floor":7,"key":"Death Potion"},{"floor":7,"key":"PanachePotion"},{"floor":7,"key":"Strength Potion"}],"is_trial":false,"path_per_floor":["M","M","?","?","M","E","?","M","T","R","M","M","M","M","R","B"],"character_chosen":"THE_DEFAULT","items_purchased":[],"campfire_rested":2,"item_purchase_floors":[],"current_hp_per_floor":[5,5,5,6,7,5,5,5,5,6,7,7,6,2,3,0,0],"gold":498,"neow_bonus":"THREE_CARDS","is_daily":false,"chose_seed":false,"campfire_upgraded":0,"win_rate":0.0,"timestamp":1612475202,"path_taken":["M","M","?","?","?","E","?","M","T","R","M","M","M","?","R","BOSS"],"items_purchased_type":[],"build_version":"2020-12-22","purchased_purges":0,"victory":false,"max_hp_per_floor":[5,5,5,10,10,10,10,10,10,10,10,10,10,10,10,10,10],"card_choices":[{"not_picked":["theEdgeheg:ChaosCards","theEdgeheg:BlowCover"],"picked":"theEdgeheg:UseAndThrow","floor":0},{"not_picked":["theEdgeheg:Glare","theEdgeheg:BetterShoot"],"picked":"theEdgeheg:BlackKatana","floor":1},{"not_picked":["theEdgeheg:BetterShoot","theEdgeheg:PlayRandomCard"],"picked":"theEdgeheg:QuickKatana","floor":2},{"not_picked":["theEdgeheg:RollAndShoot","theEdgeheg:QuickKatana"],"picked":"theEdgeheg:TeleportsAbove","floor":5},{"not_picked":["theEdgeheg:Butt","theEdgeheg:MasterEmerald"],"picked":"theEdgeheg:BadassArsenal","floor":6},{"not_picked":["theEdgeheg:SupersonicSpeed","theEdgeheg:PlayRandomCard"],"picked":"theEdgeheg:RevolverOcelot","floor":8},{"not_picked":["theEdgeheg:BetterShoot","theEdgeheg:RollAndShoot","theEdgeheg:Shotgun"],"picked":"SKIP","floor":11},{"not_picked":["theEdgeheg:BetterShoot","theEdgeheg:Shotgun"],"picked":"theEdgeheg:Butt","floor":12},{"not_picked":["theEdgeheg:DrawGun","theEdgeheg:ChaosCards"],"picked":"theEdgeheg:CrazyGirlfriend","floor":13},{"not_picked":["theEdgeheg:QuickKatana","theEdgeheg:MasterEmerald"],"picked":"theEdgeheg:MachineGun","floor":14}],"player_experience":335408,"relics_obtained":[{"floor":5,"key":"LetterFromLob"},{"floor":6,"key":"Old Coin"},{"floor":9,"key":"Art of War"}],"event_choices":[{"damage_healed":0,"gold_gain":0,"player_choice":"Ignored","damage_taken":0,"max_hp_gain":0,"max_hp_loss":0,"event_name":"Liars Game","floor":3,"gold_loss":0},{"damage_healed":0,"gold_gain":0,"player_choice":"Bought 2 Potions","damage_taken":0,"max_hp_gain":0,"max_hp_loss":0,"event_name":"The Woman in Blue","floor":4,"gold_loss":0},{"damage_healed":0,"gold_gain":0,"player_choice":"Got Potions","damage_taken":0,"max_hp_gain":0,"max_hp_loss":0,"event_name":"Lab","floor":7,"gold_loss":0}],"is_beta":false,"boss_relics":[],"items_purged_floors":[],"is_endless":false,"potions_floor_spawned":[2,5,6,8,11],"killed_by":"Hexaghost","ascension_level":0}}