{"host":"c3lc60y5x60jlt1y","time":1612457461,"event":{"mods":["AchievementEnabler","BaseMod","Bestiary","Colored Map","Minty Spire (QoL Compilation)","Quick Restart","StSLib","ojb\u0027s Info Mod"],"gold_per_floor":[114,126,141,141,8,8,36,36,36,47,57,57,57],"floor_reached":12,"language":"ENG","playtime":577,"items_purged":["Strike_P"],"score":160,"play_id":"b672f65f-350d-4e9b-91a9-0acb294335bd","local_time":"20210204185101","is_ascension_mode":true,"campfire_choices":[{"data":"Eruption","floor":6,"key":"SMITH"}],"circlet_count":0,"master_deck":["AscendersBane","Strike_P","Strike_P","Strike_P","Defend_P","Defend_P","Defend_P","Defend_P","Eruption+1","Vigilance","SignatureMove","ThirdEye","Crescendo","Evaluate","PathToVictory","InnerPeace","Consecrate"],"relics":["Coffee Dripper","White Beast Statue","Bottled Lightning"],"acts_visited":["Exordium"],"potions_floor_usage":[11],"damage_taken":[{"damage":0,"enemies":"Cultist","floor":1,"turns":3},{"damage":0,"enemies":"Jaw Worm","floor":2,"turns":3},{"damage":0,"enemies":"Small Slimes","floor":3,"turns":3},{"damage":22,"enemies":"Lagavulin","floor":7,"turns":4},{"damage":8,"enemies":"Exordium Thugs","floor":10,"turns":3},{"damage":34,"enemies":"Gremlin Gang","floor":11,"turns":5},{"damage":14,"enemies":"3 Sentries","floor":12,"turns":2}],"seed_played":"-818037509490413636","potions_obtained":[{"floor":1,"key":"Energy Potion"},{"floor":10,"key":"LiquidBronze"},{"floor":11,"key":"SpeedPotion"}],"is_trial":false,"path_per_floor":["M","M","M","?","$","R","E","?","T","M","M","E"],"character_chosen":"WATCHER","items_purchased":["Evaluate"],"campfire_rested":0,"item_purchase_floors":[5],"current_hp_per_floor":[61,61,61,66,66,66,44,44,44,36,2,0,0],"gold":57,"neow_bonus":"BOSS_RELIC","is_daily":false,"chose_seed":false,"campfire_upgraded":1,"win_rate":0.0,"timestamp":1612457461,"path_taken":["M","?","M","?","$","R","E","?","T","?","?","E"],"items_purchased_type":["Card"],"build_version":"2020-12-22","purchased_purges":1,"victory":false,"max_hp_per_floor":[68,68,68,73,73,73,73,73,73,73,73,73,73],"card_choices":[{"not_picked":["Weave","CrushJoints"],"picked":"SignatureMove","floor":1},{"not_picked":["FlyingSleeves","EmptyFist"],"picked":"ThirdEye","floor":2},{"not_picked":["Prostrate","ThirdEye"],"picked":"Crescendo","floor":3},{"not_picked":["Collect","FollowUp"],"picked":"PathToVictory","floor":7},{"not_picked":["CrushJoints","EmptyFist"],"picked":"InnerPeace","floor":10},{"not_picked":["JustLucky","EmptyMind"],"picked":"Consecrate","floor":11}],"player_experience":9007656,"relics_obtained":[{"floor":7,"key":"White Beast Statue"},{"floor":9,"key":"Bottled Lightning"}],"event_choices":[{"damage_healed":0,"gold_gain":0,"player_choice":"Donut","damage_taken":0,"max_hp_gain":5,"max_hp_loss":0,"event_name":"Big Fish","floor":4,"gold_loss":0},{"damage_healed":0,"gold_gain":0,"player_choice":"0 cards matched","damage_taken":0,"max_hp_gain":0,"max_hp_loss":0,"event_name":"Match and Keep!","floor":8,"gold_loss":0,"cards_obtained":[]}],"is_beta":false,"boss_relics":[],"items_purged_floors":[5],"is_endless":false,"potions_floor_spawned":[1,10,11],"killed_by":"3 Sentries","ascension_level":20}}