{"host":"4ih4fq53sefgqhvb","time":1612419083,"event":{"mods":["AchievementEnabler","Aspiration","Bard","BaseMod","BetterRewards","Colored Map","Colored Powertips","Conspire","Downfall","Googly Eyes","Hermit","Highlight Path","Hubris","Infinite Spire","Jedi Mod","Jorbs\u0027s Wanderer Trilogy","Marisa????????","Mimic Mod","Minty Spire (QoL Compilation)","Quick Restart","Relic Stats","Replay The Spire","Shop Mod","StSLib","The Animator","The Cursed","The Disciple","The Jungle","The Runesmith","The Servant 0.9.4"],"gold_per_floor":[186,197,217,229,279,279,325,13,33,49,84,95,106,106,125,125,125,125],"floor_reached":16,"language":"ENG","playtime":1168,"items_purged":[],"score":106,"play_id":"af2c5b09-9507-4087-8db1-0e101bc99d60","local_time":"20210203221123","is_ascension_mode":false,"campfire_choices":[{"floor":6,"key":"RECALL"}],"circlet_count":0,"master_deck":["champ:Strike","champ:Strike","champ:Strike","champ:Strike","champ:Defend","champ:Defend","champ:Defend","champ:Defend","champ:Execute","champ:Taunt","champ:BladeFlurry","champ:StanceDance","champ:UltimateStance","champ:RisingSlash","champ:FlashCut","champ:BringItOn","champ:DefensiveStyle","champ:HeartStrike","champ:FlashCut","champ:ShieldSigil","champ:HeartStrike"],"relics":["champ:ChampionCrown","jedi:shrinkray","Tiny Chest","Calipers","Meat on the Bone"],"acts_visited":["Exordium"],"potions_floor_usage":[3,3,8,8,11,11,13,15],"damage_taken":[{"damage":10,"enemies":"Cultist","floor":2,"turns":4},{"damage":0,"enemies":"Jaw Worm","floor":3,"turns":1},{"damage":0,"enemies":"conspire:RoseBush","floor":4,"turns":3},{"damage":15,"enemies":"downfall:FleeingMerchant","floor":8,"turns":4},{"damage":11,"enemies":"3 Louse","floor":9,"turns":2},{"damage":33,"enemies":"Exordium Thugs","floor":10,"turns":3},{"damage":24,"enemies":"3 Sentries","floor":11,"turns":8},{"damage":15,"enemies":"Red Slaver","floor":12,"turns":4},{"damage":0,"enemies":"Gremlin Gang","floor":13,"turns":3},{"damage":13,"enemies":"Large Slime","floor":15,"turns":5},{"damage":68,"enemies":"WA_ARCHETYPE_RETAIN","floor":16,"turns":7}],"seed_played":"-3627917852092803765","potions_obtained":[{"floor":0,"key":"LiquidBronze"},{"floor":0,"key":"BlessingOfTheForge"},{"floor":0,"key":"AttackPotion"},{"floor":4,"key":"SkillPotion"},{"floor":5,"key":"ColorlessPotion"},{"floor":9,"key":"champ:CounterPotion"},{"floor":12,"key":"jedi:StrikingPotion"},{"floor":13,"key":"AttackPotion"},{"floor":15,"key":"Elixir"}],"is_trial":false,"path_per_floor":["R_BF","M","M","M","?","R","T","$","M","M","E","M","M","T","M","B"],"character_chosen":"THE_CHAMP","items_purchased":["Calipers"],"campfire_rested":0,"item_purchase_floors":[8],"current_hp_per_floor":[90,90,90,90,68,68,68,68,67,59,45,52,52,52,56,0,0,0],"gold":125,"neow_bonus":"THREE_SMALL_POTIONS","is_daily":false,"chose_seed":false,"campfire_upgraded":0,"win_rate":0.0,"timestamp":1612419083,"path_taken":["R_BF","M","M","M","?","R","T","?","M","?","E","?","M","?","M","BOSS"],"items_purchased_type":["Relic"],"build_version":"2020-12-22","purchased_purges":0,"victory":false,"max_hp_per_floor":[90,90,90,90,90,90,90,90,90,90,90,90,90,90,90,90,90,90],"relic_stats":{"counters":[11,44],"Tiny Chest":1,"obtain_stats":[{"Calipers":8,"champ:ChampionCrown":0,"Tiny Chest":7,"jedi:shrinkray":5,"Meat on the Bone":11},{"Calipers":4,"champ:ChampionCrown":0,"Tiny Chest":3,"jedi:shrinkray":3,"Meat on the Bone":7},{"Calipers":12,"champ:ChampionCrown":0,"Tiny Chest":8,"jedi:shrinkray":8,"Meat on the Bone":25}],"Meat on the Bone":24},"card_choices":[{"not_picked":["champ:Shatter","champ:ShieldSlam"],"picked":"champ:BladeFlurry","floor":2},{"not_picked":["champ:EnragedBash","champ:DefensiveStyle"],"picked":"champ:StanceDance","floor":3},{"not_picked":["champ:IronFortress","champ:RageSigil"],"picked":"champ:UltimateStance","floor":4},{"not_picked":["champ:FalseCounter","champ:FancyFootwork"],"picked":"champ:RisingSlash","floor":5},{"not_picked":["champ:RapidStrikes","champ:PerfectedStrike"],"picked":"champ:FlashCut","floor":8},{"not_picked":["champ:PerfectedStrike","champ:FanOfKnives"],"picked":"champ:BringItOn","floor":9},{"not_picked":["champ:FocusedBerserking","champ:DeathBlow"],"picked":"champ:DefensiveStyle","floor":10},{"not_picked":["champ:FancyFootwork","champ:Endure"],"picked":"champ:HeartStrike","floor":11},{"not_picked":["champ:BringItOn","champ:DefensiveStyle"],"picked":"champ:FlashCut","floor":12},{"not_picked":["champ:EnGarde","champ:BladeFlurry"],"picked":"champ:ShieldSigil","floor":13},{"not_picked":["champ:RisingSlash","champ:GladiatorStyle"],"picked":"champ:HeartStrike","floor":15}],"player_experience":974638,"relics_obtained":[{"floor":5,"key":"jedi:shrinkray"},{"floor":7,"key":"Tiny Chest"},{"floor":11,"key":"Meat on the Bone"}],"event_choices":[],"is_beta":false,"boss_relics":[],"items_purged_floors":[],"is_endless":false,"potions_floor_spawned":[4,9,12,13,15],"killed_by":"WA_ARCHETYPE_RETAIN","ascension_level":0}}