{"host":"qm1va34thld9e1ze","time":1612431470,"event":{"mods":["BaseMod","BetterRewards","Colored Powertips","Downfall","Hubris","Infinite Spire","Minty Spire (QoL Compilation)","Quick Restart","Replay The Spire","StSLib","everything is the same but u backflip on backflip"],"gold_per_floor":[114,114,114,128,147,147,54,86,86,37,55,69,244,274,274,376,376,391,199,199,199,199,218,228,228,281,281,309,309,327,338,338,440,440,459,473,473,500,500,500,534,534,585,342,342,342,392,392,392,392],"floor_reached":51,"language":"ENG","playtime":6985,"items_purged":["Doubt","Replay:Hysterical Blindness","Sickly"],"score":914,"play_id":"92cb13ad-4b7e-4685-bc2c-f617307c4e4a","local_time":"20210204103750","is_ascension_mode":false,"campfire_choices":[{"data":"1","floor":6,"key":"LIFT"},{"data":"2","floor":15,"key":"LIFT"},{"data":"3","floor":27,"key":"LIFT"},{"data":"Flying Knee","floor":29,"key":"SMITH"},{"floor":32,"key":"REST"},{"floor":40,"key":"REST"},{"floor":42,"key":"REST"},{"data":"Accuracy","floor":46,"key":"SMITH"},{"data":"CommonCold","floor":49,"key":"PURGE"}],"circlet_count":0,"master_deck":["Strike_G","Strike_G","Strike_G","Strike_G","Defend_G","Defend_G","Defend_G","Defend_G","Defend_G","Survivor","Neutralize","Flying Knee+1","Dash","Cloak And Dagger+1","Swift Strike","Cloak And Dagger+1","Dagger Spray+1","Flying Knee+1","Backflip+1","Phantasmal Killer+1","Calculated Gamble+1","Deflect+1","Deadly Poison+1","Deflect+1","Die Die Die+1","Quick Slash+1","Toxin Wave+1","Venomology+1","Flying Knee+1","Slice+1","Accuracy+1","Flying Knee+1","Flying Knee+1","Dramatic Entrance+1","Cloak And Dagger+1"],"relics":["Ring of the Snake","infinitespire:Golems Mask","Girya","Toxic Egg 2","ReplayFunnel","Molten Egg 2","Honey Jar","Replay:Mystery Machine","hubris:Towel","Pantograph","Boot","infinitespire:Joker Card","Replay:Ancient Bell","Tiny Chest","infinitespire:CheckeredPen","Mango","Blood Vial","hubris:Teleporter","Blue Doll","Mercury Hourglass","Lizard Tail","Ginger"],"acts_visited":["Exordium","TheCity","TheBeyond"],"potions_floor_usage":[33,33,33,33,50,50,50,50,50],"damage_taken":[{"damage":0,"enemies":"2 Louse","floor":1,"turns":2},{"damage":5,"enemies":"Jaw Worm","floor":4,"turns":3},{"damage":0,"enemies":"Cultist","floor":5,"turns":3},{"damage":14,"enemies":"Gremlin Nob","floor":8,"turns":3},{"damage":0,"enemies":"3 Louse","floor":11,"turns":1},{"damage":1,"enemies":"Looter","floor":12,"turns":2},{"damage":7,"enemies":"Slime Boss","floor":16,"turns":7},{"damage":0,"enemies":"Spheric Guardian","floor":18,"turns":3},{"damage":12,"enemies":"Shell Parasite","floor":23,"turns":3},{"damage":0,"enemies":"Shelled Parasite and Fungi","floor":24,"turns":2},{"damage":1,"enemies":"Book of Stabbing","floor":28,"turns":5},{"damage":3,"enemies":"Sentry and Sphere","floor":30,"turns":3},{"damage":0,"enemies":"Snake Plant","floor":31,"turns":2},{"damage":17,"enemies":"Champ","floor":33,"turns":7},{"damage":21,"enemies":"3 Shapes","floor":35,"turns":2},{"damage":0,"enemies":"Orb Walker","floor":36,"turns":2},{"damage":19,"enemies":"R_Hoarder","floor":41,"turns":6},{"damage":0,"enemies":"Mind Bloom Boss Battle","floor":47,"turns":3},{"damage":33,"enemies":"Time Eater","floor":50,"turns":10}],"seed_played":"8594551176965858413","potions_obtained":[{"floor":8,"key":"Strength Potion"},{"floor":11,"key":"Dexterity Potion"},{"floor":16,"key":"champ:CounterPotion"},{"floor":24,"key":"SpeedPotion"},{"floor":28,"key":"Toxic Potion"},{"floor":30,"key":"champ:CounterPotion"},{"floor":31,"key":"FearPotion"},{"floor":35,"key":"Dexterity Potion"}],"is_trial":false,"path_per_floor":["M","?","T","M","M","R","$","E","T","$","M","M","?","?","R","B",null,"M","$","?","?","AVR","M","M","?","T","R","E","R","M","M","R","B",null,"M","M","?","T","?","R","E","R","T","$","T","R","?","AVR","R","B",null],"character_chosen":"THE_SILENT","items_purchased":["Swift Strike","Dagger Spray+1","Replay:Mystery Machine","Deflect+1","Accuracy","Flying Knee+1","Dramatic Entrance+1","Cloak And Dagger+1"],"campfire_rested":3,"item_purchase_floors":[7,10,19,19,44,44,44,44],"current_hp_per_floor":[70,70,70,65,65,65,65,51,51,51,51,50,50,50,50,43,70,70,70,70,70,70,58,58,70,70,70,69,69,66,66,70,53,84,63,63,63,63,63,80,61,80,80,80,80,80,80,80,80,47],"gold":392,"neow_bonus":"","is_daily":false,"chose_seed":false,"campfire_upgraded":2,"win_rate":0.0,"timestamp":1612431470,"path_taken":["M","?","?","M","?","R","$","E","T","$","M","M","?","?","R","BOSS","M","$","?","?","AVR","M","M","?","T","R","E","R","?","?","R","BOSS","M","M","?","?","?","R","E","R","T","$","?","R","?","AVR","R","BOSS"],"items_purchased_type":["Card","Card","Relic","Card","Card","Card","Card","Card"],"build_version":"2020-12-22","purchased_purges":3,"victory":true,"max_hp_per_floor":[70,70,70,70,70,70,70,70,70,70,70,70,70,70,70,70,70,70,70,70,70,70,70,70,70,70,70,70,70,70,70,70,70,84,84,84,80,80,80,80,80,80,80,80,80,80,80,80,80,80],"card_choices":[{"not_picked":["Sucker Punch","Poisoned Stab"],"picked":"Flying Knee","floor":1},{"not_picked":["Poisoned Stab","Corpse Explosion+1"],"picked":"Dash","floor":4},{"not_picked":["Dash","Accuracy"],"picked":"Cloak And Dagger+1","floor":5},{"not_picked":["Bane","Expertise+1"],"picked":"Cloak And Dagger+1","floor":8},{"not_picked":["Prepared+1","Blade Dance+1"],"picked":"Flying Knee+1","floor":11},{"not_picked":["Acrobatics+1","Dodge and Roll+1"],"picked":"Backflip+1","floor":12},{"not_picked":["Die Die Die+1","Atom Bomb+1"],"picked":"Phantasmal Killer+1","floor":16},{"not_picked":["Fluid Movement","Eviscerate+1","ReplayTheSpireMod:Exploit Weakness+1"],"picked":"Calculated Gamble+1","floor":18},{"not_picked":["Dodge and Roll+1","Choke+1","Bane+1"],"picked":"Deadly Poison+1","floor":23},{"not_picked":["Flying Knee+1","Sneak Up+1","Prepared+1"],"picked":"Deflect+1","floor":24},{"not_picked":["Acrobatics+1","Bane+1","Deadly Poison+1"],"picked":"Die Die Die+1","floor":28},{"not_picked":["Deflect+1","hubris:SlightOfHand+1","Outmaneuver+1"],"picked":"Quick Slash+1","floor":30},{"not_picked":["Skewer+1","Slice+1","Acrobatics+1"],"picked":"Toxin Wave+1","floor":31},{"not_picked":["ReplayTheSpireMod:From All Sides+1","Malaise+1","Adrenaline+1"],"picked":"Venomology+1","floor":33},{"not_picked":["downfall:Icky","Pain","Normality"],"picked":"CommonCold","floor":34},{"not_picked":["Replay:Hysterical Blindness","Shame","Overencumbered"],"picked":"Sickly","floor":34},{"not_picked":["Normality","Delirium","ReplayTheSpireMod:Restless Dread"],"picked":"Replay:Hysterical Blindness","floor":34},{"not_picked":["Slice+1","Prepared+1","Blade Dance+1"],"picked":"Flying Knee+1","floor":35},{"not_picked":["Tactician+1","Hidden Blade+1","Escape Plan+1"],"picked":"Slice+1","floor":36},{"not_picked":["Flying Knee+1","Distraction+1","Acrobatics+1","Blur+1"],"picked":"SKIP","floor":41}],"player_experience":239513,"relics_obtained":[{"floor":3,"key":"Toxic Egg 2"},{"floor":8,"key":"ReplayFunnel"},{"floor":9,"key":"Molten Egg 2"},{"floor":26,"key":"Boot"},{"floor":28,"key":"infinitespire:Joker Card"},{"floor":38,"key":"Blood Vial"},{"floor":41,"key":"hubris:Teleporter"},{"floor":43,"key":"Blue Doll"},{"floor":45,"key":"Mercury Hourglass"},{"floor":47,"key":"Lizard Tail"}],"event_choices":[{"damage_healed":0,"gold_gain":0,"player_choice":"Leave","damage_taken":0,"max_hp_gain":0,"max_hp_loss":0,"event_name":"The Cleric","floor":2,"gold_loss":0},{"damage_healed":0,"gold_gain":175,"player_choice":"AGREE","damage_taken":0,"max_hp_gain":0,"max_hp_loss":0,"event_name":"Liars Game","floor":13,"gold_loss":0,"cards_obtained":["Doubt"]},{"damage_healed":0,"gold_gain":30,"player_choice":"Searched \u00271\u0027 times","damage_taken":0,"max_hp_gain":0,"max_hp_loss":0,"event_name":"Dead Adventurer","floor":14,"gold_loss":0},{"damage_healed":0,"gold_gain":0,"player_choice":"Ignored","damage_taken":0,"max_hp_gain":0,"max_hp_loss":0,"event_name":"Ghosts","floor":20,"gold_loss":0},{"damage_healed":23,"gold_gain":0,"player_choice":"Heal","damage_taken":0,"max_hp_gain":0,"max_hp_loss":0,"event_name":"The Library","floor":25,"gold_loss":0},{"damage_healed":0,"gold_gain":0,"player_choice":"Max HP","damage_taken":0,"max_hp_gain":0,"max_hp_loss":4,"event_name":"Winding Halls","floor":37,"gold_loss":0},{"cards_removed":["Strike_G"],"damage_healed":0,"gold_gain":0,"player_choice":"Removed Attack","damage_taken":0,"max_hp_gain":0,"max_hp_loss":0,"event_name":"Falling","floor":39,"gold_loss":0},{"damage_healed":0,"gold_gain":0,"player_choice":"Fight","damage_taken":0,"max_hp_gain":0,"max_hp_loss":0,"event_name":"MindBloom","floor":47,"gold_loss":0}],"is_beta":false,"boss_relics":[{"not_picked":["Black Star","Philosopher\u0027s Stone"],"picked":"Honey Jar"},{"not_picked":["hubris:Stopwatch","Cursed Key"],"picked":"Replay:Ancient Bell"},{"not_picked":["Potion Belt","Smiling Mask"],"picked":"Tiny Chest"},{"not_picked":["infinitespire:Bottled Soul","Frozen Egg 2"],"picked":"infinitespire:CheckeredPen"},{"not_picked":["Incense Burner","Shovel"],"picked":"Mango"}],"items_purged_floors":[22,44,48],"is_endless":false,"potions_floor_spawned":[8,11,16,24,28,30,31,35,47],"ascension_level":0}}