{"host":"t8facflq355xg1wc","time":1612445375,"event":{"mods":["AchievementEnabler","BaseMod","DeckTracker","Minty Spire (QoL Compilation)","StSLib","SuperFastMode"],"gold_per_floor":[115,115,290,304,229,229,261,261,261,293,310,335,353,376,376,471,471,490,506,146,146,146,176,176,207,207,207,306,331,331,331,331,427,427,444,463,463,463,513,513,513,81,81,107,107,124,23,23,23,23,23,23,23,53,53],"floor_reached":56,"language":"KOR","playtime":5464,"items_purged":["Doubt","Strike_B","Strike_B"],"score":1422,"play_id":"53ee4a5e-adf8-434a-8dd9-b293020ab2b1","local_time":"20210204222935","is_ascension_mode":true,"campfire_choices":[{"data":"Zap","floor":6,"key":"SMITH"},{"data":"Gash","floor":8,"key":"SMITH"},{"floor":15,"key":"REST"},{"data":"Reboot","floor":24,"key":"SMITH"},{"data":"Streamline","floor":32,"key":"SMITH"},{"data":"Seek","floor":40,"key":"SMITH"},{"floor":45,"key":"RECALL"},{"data":"Blind","floor":49,"key":"SMITH"},{"data":"Static Discharge","floor":52,"key":"SMITH"}],"circlet_count":0,"master_deck":["Strike_B","Defend_B+1","Defend_B+1","Defend_B","Defend_B+1","Zap+1","Dualcast+1","FTL","Capacitor","Gash+1","Static Discharge+1","All For One","Scrape","Reboot+1","Reinforced Body+1","Turbo+1","Rebound","Streamline+1","Beam Cell+1","Seek+1","Hologram+1","Lockon","Double Energy+1","Defragment+1","Coolheaded+1","Hologram","Clumsy","White Noise+1","Blind+1","Finesse","Flash of Steel"],"relics":["Cracked Core","NeowsBlessing","Bronze Scales","Orichalcum","Letter Opener","War Paint","Juzu Bracelet","Cursed Key","Pantograph","Regal Pillow","Oddly Smooth Stone","Unceasing Top","Ancient Tea Set","MealTicket","SlaversCollar","Calipers","Happy Flower","Orrery","Art of War","Anchor"],"acts_visited":["Exordium","TheCity","TheBeyond","TheEnding"],"potions_floor_usage":[16,19,23,23,25,33,39,44,47,55],"damage_taken":[{"damage":0,"enemies":"Small Slimes","floor":1,"turns":1},{"damage":0,"enemies":"Jaw Worm","floor":4,"turns":1},{"damage":0,"enemies":"Lagavulin","floor":7,"turns":1},{"damage":15,"enemies":"Gremlin Nob","floor":10,"turns":4},{"damage":3,"enemies":"2 Louse","floor":11,"turns":2},{"damage":17,"enemies":"Lagavulin","floor":12,"turns":6},{"damage":11,"enemies":"Exordium Wildlife","floor":13,"turns":2},{"damage":6,"enemies":"Hexaghost","floor":16,"turns":6},{"damage":0,"enemies":"3 Byrds","floor":18,"turns":3},{"damage":2,"enemies":"2 Thieves","floor":19,"turns":3},{"damage":14,"enemies":"Book of Stabbing","floor":23,"turns":4},{"damage":13,"enemies":"Slavers","floor":25,"turns":3},{"damage":8,"enemies":"Gremlin Leader","floor":29,"turns":7},{"damage":33,"enemies":"Champ","floor":33,"turns":8},{"damage":7,"enemies":"3 Darklings","floor":35,"turns":4},{"damage":0,"enemies":"3 Shapes","floor":36,"turns":4},{"damage":24,"enemies":"Mind Bloom Boss Battle","floor":39,"turns":4},{"damage":0,"enemies":"Reptomancer","floor":44,"turns":3},{"damage":0,"enemies":"3 Darklings","floor":46,"turns":3},{"damage":11,"enemies":"Time Eater","floor":50,"turns":9},{"damage":0,"enemies":"Shield and Spear","floor":54,"turns":5},{"damage":41,"enemies":"The Heart","floor":55,"turns":6}],"seed_played":"-7166382319388997563","potions_obtained":[{"floor":1,"key":"ColorlessPotion"},{"floor":16,"key":"Block Potion"},{"floor":18,"key":"DistilledChaos"},{"floor":22,"key":"LiquidMemories"},{"floor":22,"key":"SteroidPotion"},{"floor":25,"key":"Weak Potion"},{"floor":35,"key":"Weak Potion"},{"floor":39,"key":"Swift Potion"},{"floor":46,"key":"FocusPotion"},{"floor":54,"key":"Block Potion"}],"is_trial":false,"path_per_floor":["M","?","?","M","$","R","E","R","T","E","M","E","M","T","R","B",null,"M","M","$","?","?","E","R","E","T","?","?","E","T","?","R","B",null,"M","M","?","?","?","R","?","$","T","E","R","M","$","?","R","B",null,"R","$","E","B",null],"character_chosen":"DEFECT","items_purchased":["Pantograph","Happy Flower","Orrery","Fruit Juice"],"campfire_rested":1,"item_purchase_floors":[20,42,42,47],"current_hp_per_floor":[75,60,60,60,60,60,60,60,60,45,42,25,14,14,36,30,75,75,73,73,59,59,45,45,32,32,58,58,50,50,50,50,42,80,73,73,73,73,56,56,56,71,71,71,71,71,85,75,75,74,85,85,85,85,44],"gold":53,"neow_bonus":"THREE_ENEMY_KILL","is_daily":false,"chose_seed":false,"campfire_upgraded":7,"win_rate":0.0,"timestamp":1612445375,"path_taken":["M","?","?","M","$","R","E","R","T","E","M","E","M","?","R","BOSS","M","M","$","?","?","E","R","E","T","?","?","E","?","?","R","BOSS","M","M","?","?","?","R","?","$","T","E","R","M","?","?","R","BOSS","R","$","E","BOSS"],"items_purchased_type":["Relic","Relic","Relic","Potion"],"build_version":"2020-12-22","purchased_purges":3,"victory":true,"max_hp_per_floor":[75,75,75,75,75,75,75,75,75,75,75,75,75,75,75,75,75,75,75,75,80,80,80,80,80,80,80,80,80,80,80,80,80,80,80,80,80,80,80,80,80,80,80,80,80,80,85,85,85,85,85,85,85,85,85],"card_choices":[{"not_picked":["Lockon","Sweeping Beam"],"picked":"FTL","floor":1},{"not_picked":["Storm","Coolheaded"],"picked":"Capacitor","floor":4},{"not_picked":["Auto Shields","Rebound"],"picked":"Gash","floor":7},{"not_picked":["Lockon","Streamline"],"picked":"Static Discharge","floor":10},{"not_picked":["Doom and Gloom","Loop","Coolheaded"],"picked":"SKIP","floor":11},{"not_picked":["Capacitor","Ball Lightning"],"picked":"All For One","floor":12},{"not_picked":["Hologram","Turbo"],"picked":"Scrape","floor":13},{"not_picked":["Amplify","Meteor Strike"],"picked":"Reboot","floor":16},{"not_picked":["Barrage","Go for the Eyes"],"picked":"Reinforced Body+1","floor":18},{"not_picked":["Stack+1","Ball Lightning"],"picked":"Turbo+1","floor":19},{"not_picked":["Hello World","Undo"],"picked":"Rebound","floor":23},{"not_picked":["Leap","All For One"],"picked":"Streamline","floor":25},{"not_picked":["Hologram","Steam"],"picked":"Beam Cell+1","floor":29},{"not_picked":["Creative AI","Hyperbeam"],"picked":"Seek","floor":33},{"not_picked":["Compile Driver+1","Reinforced Body","Heatsinks"],"picked":"SKIP","floor":35},{"not_picked":["Beam Cell","Hello World+1","Rebound"],"picked":"SKIP","floor":36},{"not_picked":["FTL","Leap+1"],"picked":"Hologram+1","floor":39},{"not_picked":["Conserve Battery","Force Field"],"picked":"Double Energy+1","floor":42},{"not_picked":["Amplify","Sunder+1"],"picked":"Defragment+1","floor":42},{"not_picked":["Ball Lightning","Turbo"],"picked":"Coolheaded+1","floor":42},{"not_picked":["Biased Cognition","Auto Shields"],"picked":"Hologram","floor":42},{"not_picked":["Rebound+1","Fusion+1","Turbo+1"],"picked":"SKIP","floor":44},{"not_picked":["Force Field+1","Hologram+1"],"picked":"White Noise+1","floor":46},{"not_picked":["Forethought","Dramatic Entrance"],"picked":"Blind","floor":48},{"not_picked":["Swift Strike","Forethought"],"picked":"Finesse","floor":48},{"not_picked":["HandOfGreed","Forethought"],"picked":"Flash of Steel","floor":48},{"not_picked":["Consume","Chaos","Rebound+1"],"picked":"SKIP","floor":54}],"player_experience":121644,"relics_obtained":[{"floor":7,"key":"Bronze Scales"},{"floor":9,"key":"Orichalcum"},{"floor":10,"key":"Letter Opener"},{"floor":12,"key":"War Paint"},{"floor":14,"key":"Juzu Bracelet"},{"floor":23,"key":"Regal Pillow"},{"floor":25,"key":"Oddly Smooth Stone"},{"floor":26,"key":"Unceasing Top"},{"floor":29,"key":"Ancient Tea Set"},{"floor":30,"key":"MealTicket"},{"floor":39,"key":"Calipers"},{"floor":44,"key":"Art of War"},{"floor":54,"key":"Anchor"}],"event_choices":[{"damage_healed":0,"gold_gain":0,"player_choice":"Entered Light","damage_taken":15,"max_hp_gain":0,"max_hp_loss":0,"event_name":"Shining Light","floor":2,"gold_loss":0,"cards_upgraded":["Defend_B","Dualcast"]},{"damage_healed":0,"gold_gain":175,"player_choice":"AGREE","damage_taken":0,"max_hp_gain":0,"max_hp_loss":0,"event_name":"Liars Game","floor":3,"gold_loss":0,"cards_obtained":["Doubt"]},{"damage_healed":0,"gold_gain":0,"player_choice":"Shed Blood","damage_taken":19,"max_hp_gain":5,"max_hp_loss":0,"event_name":"Forgotten Altar","floor":21,"gold_loss":0},{"damage_healed":0,"gold_gain":0,"player_choice":"Got Potions","damage_taken":0,"max_hp_gain":0,"max_hp_loss":0,"event_name":"Lab","floor":22,"gold_loss":0},{"damage_healed":26,"gold_gain":0,"player_choice":"Heal","damage_taken":0,"max_hp_gain":0,"max_hp_loss":0,"event_name":"The Library","floor":27,"gold_loss":0},{"damage_healed":0,"gold_gain":99,"player_choice":"Stole From Cult","damage_taken":0,"max_hp_gain":0,"max_hp_loss":0,"event_name":"Nest","floor":28,"gold_loss":0},{"cards_removed":["Pain"],"damage_healed":0,"gold_gain":0,"player_choice":"Elegance","damage_taken":0,"max_hp_gain":0,"max_hp_loss":0,"event_name":"Back to Basics","floor":31,"gold_loss":0},{"damage_healed":0,"gold_gain":0,"player_choice":"Ignored","damage_taken":0,"max_hp_gain":0,"max_hp_loss":0,"event_name":"Tomb of Lord Red Mask","floor":37,"gold_loss":0},{"cards_removed":["Shame"],"damage_healed":0,"gold_gain":0,"player_choice":"Purged","damage_taken":0,"max_hp_gain":0,"max_hp_loss":0,"event_name":"Purifier","floor":38,"gold_loss":0},{"damage_healed":0,"gold_gain":0,"player_choice":"Fight","damage_taken":0,"max_hp_gain":0,"max_hp_loss":0,"event_name":"MindBloom","floor":39,"gold_loss":0},{"damage_healed":0,"gold_gain":0,"cards_transformed":["Strike_B"],"player_choice":"Transformed","damage_taken":0,"max_hp_gain":0,"max_hp_loss":0,"event_name":"Transmorgrifier","floor":41,"gold_loss":0,"cards_obtained":["Lockon"]},{"damage_healed":0,"gold_gain":0,"player_choice":"Memory 3","damage_taken":10,"max_hp_gain":0,"max_hp_loss":0,"event_name":"SensoryStone","floor":48,"gold_loss":0}],"is_beta":false,"boss_relics":[{"not_picked":["Runic Pyramid","Coffee Dripper"],"picked":"Cursed Key"},{"not_picked":["Busted Crown","Pandora\u0027s Box"],"picked":"SlaversCollar"}],"items_purged_floors":[5,20,42],"is_endless":false,"potions_floor_spawned":[1,16,18,25,35,39,46,54],"ascension_level":2}}