{"host":"1ie89x0glpq08u84","time":1612471250,"event":{"mods":["AchievementEnabler","Aspiration","BaseMod","BetterRewards","Conspire","Custom Start","Highlight Path","Infinite Spire","Minty Spire (QoL Compilation)","Random Character Button","Replay The Spire","StSLib"],"gold_per_floor":[117,131,131,231,247,281,299,318,318,332,332,347,347,362,362,462,462,475,475,489,489,502,502,537,537,590,186,203,203,203,230,230,348,348,390,390,13,25,25,25,43,43,67,67,97,117,117,140,140,140],"floor_reached":51,"language":"ENG","playtime":1852,"items_purged":["conspire:NecroticWound","Strike_G"],"score":599,"play_id":"29c57396-472a-4bd5-8ab1-27c362d823f3","local_time":"20210204154049","is_ascension_mode":false,"campfire_choices":[{"data":"Cloak And Dagger","floor":11.0,"key":"SMITH"},{"data":"Choke","floor":13.0,"key":"SMITH"},{"data":"Replay:Poison Smokescreen","floor":15.0,"key":"SMITH"},{"floor":23,"key":"REST"},{"data":"Venomology","floor":25,"key":"SMITH"},{"floor":30,"key":"REST"},{"data":"Apotheosis","floor":32,"key":"SMITH"},{"floor":40,"key":"REST"},{"data":"Replay:Bag of Tricks","floor":49,"key":"SMITH"}],"circlet_count":0,"master_deck":["Strike_G+1","Strike_G+1","Strike_G+1","Strike_G+1","Defend_G+1","Defend_G+1","Defend_G+1","Defend_G+1","Defend_G+1","Survivor","Neutralize","Poisoned Stab","Poisoned Stab+1","Dagger Spray","Cloak And Dagger+1","Well Laid Plans","Deadly Poison","Backstab","Choke+1","Replay:Poison Smokescreen+1","Venomology+1","Hidden Blade+1","Backflip+1","Blur","Apotheosis+1","Skewer+1","Replay:Poison Smokescreen","Poisoned Stab+1","Masterful Stab+1","Footwork+1","Deflect+1","Adrenaline","Backstab+1","Quick Slash+1","Accuracy","Replay:Poison Smokescreen","Blur","Replay:Bag of Tricks+1","Prepared"],"relics":["Ring of the Snake","Lizard Tail","Eternal Feather","Replay:Bottled Steam","conspire:RunicOctahedron","WristBlade","Strawberry","Chameleon Ring","Replay:Baseball","aspiration:ArtOfWarUpgrade","infinitespire:EvilPickle","Philosopher\u0027s Stone","Orrery","Toy Ornithopter","Bag of Preparation","Whetstone"],"acts_visited":["Exordium","TheCity","TheBeyond"],"potions_floor_usage":[22,22,22,22,33,33,38,45,45,46,46,46,48,50,50],"damage_taken":[{"damage":0.0,"enemies":"conspire:RoseBush","floor":1.0,"turns":4.0},{"damage":0.0,"enemies":"2 Louse","floor":2.0,"turns":3.0},{"damage":0.0,"enemies":"Cultist","floor":5.0,"turns":4.0},{"damage":39.0,"enemies":"3 Sentries","floor":6.0,"turns":11.0},{"damage":2.0,"enemies":"2 Fungi Beasts","floor":7.0,"turns":4.0},{"damage":0.0,"enemies":"3 Louse","floor":8.0,"turns":3.0},{"damage":2.0,"enemies":"Blue Slaver","floor":10.0,"turns":3.0},{"damage":4.0,"enemies":"Exordium Thugs","floor":12.0,"turns":4.0},{"damage":6.0,"enemies":"Lots of Slimes","floor":14.0,"turns":3.0},{"damage":28.0,"enemies":"The Guardian","floor":16.0,"turns":10.0},{"damage":5.0,"enemies":"Shell Parasite","floor":18.0,"turns":5.0},{"damage":54.0,"enemies":"conspire:FuzzyDice","floor":20.0,"turns":6.0},{"damage":11,"enemies":"3 Cultists","floor":22,"turns":6},{"damage":0,"enemies":"Replay:Snechameleon","floor":24,"turns":1},{"damage":25,"enemies":"Shelled Parasite and Fungi","floor":28,"turns":7},{"damage":50,"enemies":"Pondfish","floor":33,"turns":16},{"damage":34,"enemies":"3 Darklings","floor":35,"turns":7},{"damage":0,"enemies":"Orb Walker","floor":38,"turns":3},{"damage":0,"enemies":"4 Shapes","floor":41,"turns":3},{"damage":10,"enemies":"Reptomancer","floor":45,"turns":8},{"damage":0,"enemies":"Maw","floor":46,"turns":3},{"damage":7,"enemies":"Jaw Worm Horde","floor":48,"turns":4},{"damage":15,"enemies":"Replay:Hell Engine","floor":50,"turns":9}],"seed_played":"-7330509127461383324","potions_obtained":[{"floor":2.0,"key":"ColorlessPotion"},{"floor":6.0,"key":"Weak Potion"},{"floor":8.0,"key":"Strength Potion"},{"floor":14.0,"key":"FearPotion"},{"floor":18.0,"key":"SpeedPotion"},{"floor":28,"key":"SteroidPotion"},{"floor":38,"key":"FearPotion"},{"floor":45,"key":"SteroidPotion"},{"floor":48,"key":"BlessingOfTheForge"}],"is_trial":false,"path_per_floor":["M","M","?","?","M","E","M","M","T","M","R","M","R","M","R","B",null,"M","AVR","M","?","M","R","E","R","T","$","M","?","R","T","R","B",null,"M","?","$","M","?","R","M","?","T","R","E","M","R","M","R","B",null],"character_chosen":"THE_SILENT","items_purchased":["Apotheosis","Skewer+1","Replay:Poison Smokescreen","Orrery","Toy Ornithopter","Accuracy"],"campfire_rested":3,"item_purchase_floors":[27,27,27,37,37,37],"current_hp_per_floor":[70,70,70,70,70,31,29,29,29,27,39,35,47,41,53,25,70,65,72,18,18,7,45,45,60,60,60,35,35,73,73,77,27,77,43,43,43,48,48,73,73,73,73,73,68,73,73,66,73,63],"gold":140,"neow_bonus":"ONE_RARE_RELIC","is_daily":false,"chose_seed":false,"campfire_upgraded":6,"win_rate":0.0,"timestamp":1612471249,"path_taken":["M","M","?","?","M","E","M","M","T","?","R","M","R","M","R","BOSS","M","AVR","M","?","M","R","E","R","T","$","M","?","R","?","R","BOSS","M","?","$","M","?","R","M","?","T","R","E","?","R","M","R","BOSS"],"items_purchased_type":["Card","Card","Card","Relic","Relic","Card"],"build_version":"2020-12-22","purchased_purges":2,"victory":true,"max_hp_per_floor":[70,70,70,70,70,70,70,70,70,70,70,70,70,70,70,70,70,70,77,77,77,77,77,77,77,77,77,77,77,77,77,77,77,77,77,77,77,77,73,73,73,73,73,73,73,73,73,73,73,73],"card_choices":[{"not_picked":["Replay:Poison Smokescreen","ReplayTheSpireMod:Speed Training"],"picked":"Poisoned Stab","floor":1.0},{"not_picked":["Dagger Spray","Concentrate"],"picked":"Poisoned Stab","floor":2.0},{"not_picked":["Deflect","Escape Plan"],"picked":"Dagger Spray","floor":5.0},{"not_picked":["Backflip","Dagger Spray"],"picked":"Cloak And Dagger","floor":6.0},{"not_picked":["Heel Hook","Outmaneuver"],"picked":"Well Laid Plans","floor":7.0},{"not_picked":["Quick Slash","Hidden Blade"],"picked":"Deadly Poison","floor":8.0},{"not_picked":["Toxin Wave","Dash"],"picked":"Backstab","floor":10.0},{"not_picked":["Dagger Spray","Setup"],"picked":"Choke","floor":12.0},{"not_picked":["Slice","Flying Knee"],"picked":"Replay:Poison Smokescreen","floor":14.0},{"not_picked":["ReplayTheSpireMod:From All Sides","Unload"],"picked":"Venomology","floor":16.0},{"not_picked":["Slice+1","Dagger Spray+1"],"picked":"Hidden Blade+1","floor":18.0},{"not_picked":["Underhanded Strike","Deadly Poison","Outmaneuver"],"picked":"SKIP","floor":20.0},{"not_picked":["Noxious Fumes","Tactician"],"picked":"Backflip+1","floor":22},{"not_picked":["PiercingWail","Flying Knee"],"picked":"Blur","floor":24},{"not_picked":["Choke+1","Eviscerate+1"],"picked":"Poisoned Stab+1","floor":28},{"not_picked":["Prepared","Flying Knee"],"picked":"Masterful Stab+1","floor":35},{"not_picked":["Hidden Blade+1","ReplayTheSpireMod:Scrap Shanks"],"picked":"Footwork+1","floor":37},{"not_picked":["Backflip","Underhanded Strike+1"],"picked":"Deflect+1","floor":37},{"not_picked":["Slice+1","Poisoned Stab"],"picked":"Adrenaline","floor":37},{"not_picked":["Prepared","conspire:PoisonWeapons+1"],"picked":"Backstab","floor":37},{"not_picked":["Reflex+1","Poisoned Stab"],"picked":"Quick Slash+1","floor":37},{"not_picked":["Sucker Punch","Dagger Spray+1"],"picked":"Replay:Poison Smokescreen","floor":38},{"not_picked":["Quick Slash","Flying Knee+1"],"picked":"Blur","floor":41},{"not_picked":["Blade Dance","Doppelganger"],"picked":"Replay:Bag of Tricks","floor":45},{"not_picked":["Noxious Fumes","Envenom"],"picked":"Prepared","floor":46},{"not_picked":["Dodge and Roll","Underhanded Strike+1","Flying Knee+1"],"picked":"SKIP","floor":48}],"player_experience":359294,"relics_obtained":[{"floor":6.0,"key":"Eternal Feather"},{"floor":9.0,"key":"Replay:Bottled Steam"},{"floor":24,"key":"Chameleon Ring"},{"floor":26,"key":"Replay:Baseball"},{"floor":31,"key":"Art of War"},{"floor":43,"key":"Bag of Preparation"},{"floor":45,"key":"Whetstone"}],"event_choices":[{"damage_healed":0.0,"max_hp_gain":0.0,"max_hp_loss":0.0,"gold_gain":100.0,"event_name":"Golden Shrine","player_choice":"Pray","floor":4.0,"gold_loss":0.0,"damage_taken":0.0},{"damage_healed":0.0,"max_hp_gain":0.0,"max_hp_loss":0.0,"gold_gain":0.0,"event_name":"Cursed Tome","player_choice":"Ignored","floor":21.0,"gold_loss":0.0,"damage_taken":0.0},{"damage_healed":0,"gold_gain":0,"player_choice":"Simplicity","damage_taken":0,"max_hp_gain":0,"max_hp_loss":0,"event_name":"Back to Basics","floor":29,"gold_loss":0,"cards_upgraded":["Strike_G","Strike_G","Strike_G","Strike_G","Defend_G","Defend_G","Defend_G","Defend_G","Defend_G"]},{"damage_healed":0,"gold_gain":0,"player_choice":"Leave","damage_taken":0,"max_hp_gain":0,"max_hp_loss":0,"event_name":"conspire:Investor","floor":36,"gold_loss":0},{"damage_healed":0,"gold_gain":0,"player_choice":"Max HP","damage_taken":0,"max_hp_gain":0,"max_hp_loss":4,"event_name":"Winding Halls","floor":39,"gold_loss":0},{"damage_healed":0,"gold_gain":0,"player_choice":"Ignored","damage_taken":0,"max_hp_gain":0,"max_hp_loss":0,"event_name":"Transmorgrifier","floor":42,"gold_loss":0}],"is_beta":false,"boss_relics":[{"not_picked":["ReplayTheSpireMod:DimensionalGlitch","HoveringKite"],"picked":"conspire:RunicOctahedron"},{"not_picked":["Empty Cage","conspire:SpecialSausage"],"picked":"Philosopher\u0027s Stone"}],"items_purged_floors":[19,27],"is_endless":false,"potions_floor_spawned":[2,6,8,14,16,18,28,38,45,48],"ascension_level":0}}