{"host":"92wx9z21c4p52du4","time":1612399995,"event":{"mods":["BaseMod","Downfall","Hermit","Minty Spire (QoL Compilation)","Reliquary","StSLib","The Hierophant"],"gold_per_floor":[99,99,99,99,99,99,99,99,99,99,99,91,103,6,24,24,24,24],"floor_reached":16,"language":"ENG","playtime":767,"items_purged":[],"score":86,"play_id":"9ecbe7bf-5fd4-41f9-a162-8194d846efbf","local_time":"20210203185315","is_ascension_mode":false,"campfire_choices":[{"data":"sneckomod:SnekBite","floor":1,"key":"SMITH"},{"data":"sneckomod:TailWhip","floor":6,"key":"SMITH"},{"data":"sneckomod:UnknownBlock","floor":8,"key":"SMITH"}],"circlet_count":0,"master_deck":["sneckomod:Strike","sneckomod:Strike","sneckomod:Defend+1","sneckomod:Defend","sneckomod:Defend","sneckomod:TailWhip+1","sneckomod:SnekBite+1","sneckomod:Unknown","sneckomod:Unknown+1","sneckomod:UnknownBlock+1","downfall:Malfunctioning","Pain","sneckomod:MorePower","sneckomod:UnknownDraw","sneckomod:UnknownStrike+1","sneckomod:ImprovisedGuard","sneckomod:UnknownRarePower+1","sneckomod:UnlimitedRolls","sneckomod:UnknownRareAttack+1","sneckomod:PureSnecko","sneckomod:UnknownUncommonSkill","sneckomod:UnknownExhaust+1","sneckomod:SoulCleanse"],"relics":["sneckomod:SneckoSoul","downfall:HeartsMalice","reliquary:NewFriend","WarpedTongs","Pear"],"acts_visited":["Exordium"],"potions_floor_usage":[14],"damage_taken":[{"damage":0,"enemies":"Jaw Worm","floor":2,"turns":1},{"damage":0,"enemies":"2 Louse","floor":9,"turns":1},{"damage":0,"enemies":"Small Slimes","floor":10,"turns":1},{"damage":44,"enemies":"Gremlin Gang","floor":12,"turns":5},{"damage":6,"enemies":"3 Louse","floor":13,"turns":4},{"damage":3,"enemies":"downfall:FleeingMerchant","floor":14,"turns":4},{"damage":2,"enemies":"2 Fungi Beasts","floor":15,"turns":5},{"damage":48,"enemies":"DF_ARCHETYPE_STREAMLINE","floor":16,"turns":6}],"seed_played":"-8908797692709285579","potions_obtained":[{"floor":12,"key":"AttackPotion"},{"floor":13,"key":"SmokeBomb"}],"is_trial":false,"path_per_floor":["R","M","?","?","?","R","T","R","M","M","?","M","M","$","M","B"],"character_chosen":"THE_SNECKO","items_purchased":["sneckomod:UnknownUncommonSkill"],"campfire_rested":0,"item_purchase_floors":[14],"current_hp_per_floor":[90,90,90,87,87,87,97,97,97,97,97,53,47,44,42,0,0,0],"gold":24,"neow_bonus":"THREE_ENEMY_KILL","is_daily":false,"chose_seed":false,"campfire_upgraded":3,"win_rate":0.0,"timestamp":1612399995,"path_taken":["R","M","?","?","?","R","T","R","M","?","?","M","M","$","M","BOSS"],"items_purchased_type":["Card"],"build_version":"2020-12-22","purchased_purges":0,"victory":false,"max_hp_per_floor":[90,90,90,90,90,90,100,100,100,100,100,100,100,100,100,100,100,100],"card_choices":[{"not_picked":["sneckomod:UnknownCommonAttack","sneckomod:SoulCleanse"],"picked":"sneckomod:UnknownBlock","floor":2},{"not_picked":["sneckomod:Unknown2Cost","sneckomod:SoulRoll"],"picked":"sneckomod:MorePower","floor":9},{"not_picked":["sneckomod:IronFang","sneckomod:UnknownCommonAttack"],"picked":"sneckomod:UnknownDraw","floor":10},{"not_picked":["sneckomod:Unknown2Cost+1","sneckomod:UnknownBlock+1"],"picked":"sneckomod:UnknownStrike+1","floor":12},{"not_picked":["sneckomod:SoulDraw","sneckomod:SoulRoll"],"picked":"sneckomod:ImprovisedGuard","floor":12},{"not_picked":["sneckomod:UnknownCommonSkill+1","sneckomod:UnknownX+1"],"picked":"sneckomod:UnknownRarePower+1","floor":13},{"not_picked":["sneckomod:IronFang","sneckomod:Unknown1Cost"],"picked":"sneckomod:UnlimitedRolls","floor":13},{"not_picked":["sneckomod:Unknown0Cost+1","sneckomod:UnknownBlock+1"],"picked":"sneckomod:UnknownRareAttack+1","floor":14},{"not_picked":["sneckomod:RainOfDice","sneckomod:QuickMove"],"picked":"sneckomod:PureSnecko","floor":14},{"not_picked":["sneckomod:UnknownDraw+1","sneckomod:UnknownStrike+1"],"picked":"sneckomod:UnknownExhaust+1","floor":15},{"not_picked":["sneckomod:UnknownExhaust","sneckomod:Nope"],"picked":"sneckomod:SoulCleanse","floor":15}],"player_experience":251871,"relics_obtained":[{"floor":7,"key":"Pear"}],"event_choices":[{"damage_healed":0,"gold_gain":0,"player_choice":"Success","damage_taken":3,"relics_obtained":["reliquary:NewFriend"],"max_hp_gain":0,"max_hp_loss":0,"event_name":"Scrap Ooze","floor":4,"gold_loss":0},{"damage_healed":0,"gold_gain":0,"player_choice":"Rummage","damage_taken":0,"relics_obtained":["WarpedTongs"],"max_hp_gain":0,"max_hp_loss":0,"event_name":"Accursed Blacksmith","floor":5,"gold_loss":0,"cards_obtained":["Pain"]}],"is_beta":false,"boss_relics":[],"items_purged_floors":[],"is_endless":false,"potions_floor_spawned":[12,13],"killed_by":"DF_ARCHETYPE_STREAMLINE","ascension_level":0}}