{"host":"kvh5342rl0c7vxi5","time":1612474224,"event":{"mods":["BaseMod","Downfall","Hermit","Jorbs\u0027s Wanderer Trilogy","Minty Spire (QoL Compilation)","Quick Restart","StSLib","SuperFastMode","The Poker Player"],"gold_per_floor":[99,111,26,26,45,79,79,97,112,112,137,137,150,176,189,289,289,289,303,303,303,303,313,337,362,376,376,396,3,3,3,23,125,125,25,36,53,403,394,408,431,460,471,485,485,520,420,452,352,352,352,352,352,352],"floor_reached":52,"language":"ENG","playtime":3045,"items_purged":["hexamod:Strike","hexamod:Strike"],"score":896,"play_id":"745a5178-5ca5-48e0-b1ac-23951c437c08","local_time":"20210204163024","is_ascension_mode":true,"campfire_choices":[{"data":"hexamod:Sear","floor":1,"key":"SMITH"},{"data":"hexamod:SwordOfDarkness","floor":10,"key":"SMITH"},{"floor":12,"key":"REST"},{"floor":18,"key":"RECALL"},{"floor":27,"key":"REST"},{"floor":30,"key":"REST"},{"floor":35,"key":"REST"},{"floor":47,"key":"REST"},{"floor":49,"key":"REST"}],"circlet_count":0,"master_deck":["hexamod:Strike","hexamod:Defend","hexamod:Defend","hexamod:Defend","hexamod:Defend","hexamod:Sear+1","hexamod:Float","hexamod:SwordOfDarkness","hexamod:SpectersWail","hexamod:StepThrough","hexamod:SwordOfDarkness+1","hexamod:FastForward","hexamod:Incineration+1","hexamod:NightmareStrike+1","hexamod:Toasty+1","hexamod:NightmareGuise","hexamod:Hexaguard","hexamod:GhostLash+1","hexamod:WildfireWeapon","hexamod:ShieldOfDarkness","hexamod:RadiantFlame","hexamod:ThermalTransfer+1","hexamod:ThirdSeal","hexamod:HauntingEcho+1","hexamod:GhostLash+1","hexamod:PhantomCloak","hexamod:TimeOfNeed","hexamod:RecurringNightmare+1","hexamod:FastForward+1","hexamod:BurningTouch","hexamod:BurningTouch+1","hexamod:HeatCrush+1","hexamod:ParanormalForm","hexamod:Haunt","hexamod:RadiantFlame+1","hexamod:PowerFromBeyond+1","hexamod:NightmareGuise+1","expansioncontent:LastStand","hexamod:AdvancingGuard+1"],"relics":["hexamod:SpiritBrand","Omamori","Molten Egg 2","hexamod:InflammatoryLetter","Regal Pillow","Blood Vial","Fusion Hammer","Lantern","sneckomod:BabySnecko","Bronze Scales","Incense Burner","Sozu","downfall:HeartBlessingRed","Old Coin","Dream Catcher","Strawberry","downfall:HeartBlessingBlue","The Courier","downfall:HeartBlessingGreen"],"acts_visited":["Exordium","TheCity","TheBeyond","TheEnding"],"potions_floor_usage":[25,46,48],"damage_taken":[{"damage":0,"enemies":"Cultist","floor":2,"turns":3},{"damage":0,"enemies":"downfall:FleeingMerchant","floor":3,"turns":4},{"damage":0,"enemies":"2 Louse","floor":5,"turns":2},{"damage":19,"enemies":"Gremlin Nob","floor":6,"turns":4},{"damage":0,"enemies":"Small Slimes","floor":8,"turns":3},{"damage":0,"enemies":"2 Fungi Beasts","floor":9,"turns":2},{"damage":16,"enemies":"Lagavulin","floor":11,"turns":4},{"damage":11,"enemies":"Exordium Wildlife","floor":13,"turns":3},{"damage":12,"enemies":"3 Sentries","floor":14,"turns":4},{"damage":8,"enemies":"Red Slaver","floor":15,"turns":2},{"damage":20,"enemies":"IC_STATUS_ARCHETYPE","floor":16,"turns":5},{"damage":5,"enemies":"Shell Parasite","floor":19,"turns":3},{"damage":0,"enemies":"3 Byrds","floor":23,"turns":4},{"damage":10,"enemies":"Book of Stabbing","floor":25,"turns":4},{"damage":16,"enemies":"Snake Plant","floor":26,"turns":2},{"damage":0,"enemies":"Centurion and Healer","floor":28,"turns":5},{"damage":0,"enemies":"downfall:FleeingMerchant","floor":29,"turns":4},{"damage":9,"enemies":"Shelled Parasite and Fungi","floor":32,"turns":3},{"damage":34,"enemies":"WA_ARCHETYPE_CALM","floor":33,"turns":8},{"damage":0,"enemies":"3 Darklings","floor":36,"turns":6},{"damage":0,"enemies":"Orb Walker","floor":37,"turns":3},{"damage":10,"enemies":"Orb Walker","floor":38,"turns":7},{"damage":6,"enemies":"downfall:FleeingMerchant","floor":39,"turns":3},{"damage":10,"enemies":"Jaw Worm Horde","floor":40,"turns":4},{"damage":16,"enemies":"Reptomancer","floor":42,"turns":6},{"damage":6,"enemies":"Spire Growth","floor":43,"turns":3},{"damage":9,"enemies":"4 Shapes","floor":44,"turns":5},{"damage":22,"enemies":"Giant Head","floor":46,"turns":8},{"damage":33,"enemies":"Reptomancer","floor":48,"turns":6},{"damage":74,"enemies":"SI_POISON_ARCHETYPE","floor":50,"turns":8},{"damage":120,"enemies":"downfall:CharBossMerchant","floor":52,"turns":6}],"seed_played":"1779249139586281315","potions_obtained":[{"floor":2,"key":"Dexterity Potion"},{"floor":4,"key":"hexamod:InfernoChargePotion"},{"floor":4,"key":"Dexterity Potion"},{"floor":14,"key":"Strength Potion"},{"floor":28,"key":"Fruit Juice"},{"floor":32,"key":"CultistPotion"}],"is_trial":false,"path_per_floor":["R","M","$","?","M","E","T","M","M","R","E","R","M","E","M","B",null,"R","M","?","?","?","M","T","E","M","R","M","$","R","?","M","B",null,"R","M","M","?","$","M","T","E","M","M","?","E","R","E","R","B",null,"E"],"character_chosen":"THE_SPIRIT","items_purchased":["hexamod:StepThrough","Incense Burner","hexamod:ParanormalForm","hexamod:Haunt"],"campfire_rested":6,"item_purchase_floors":[3,29,39,39],"current_hp_per_floor":[70,70,70,70,70,51,51,51,51,51,35,70,59,47,41,23,70,70,65,65,65,65,67,67,59,45,70,70,70,70,70,61,29,70,70,70,70,60,56,48,48,34,30,23,23,15,67,36,78,6,92,0,0,0],"gold":352,"neow_bonus":"RANDOM_COMMON_RELIC","is_daily":false,"chose_seed":false,"campfire_upgraded":2,"win_rate":0.0,"timestamp":1612474224,"path_taken":["R","?","?","?","M","E","T","M","M","R","E","R","?","E","M","BOSS","R","M","?","?","?","M","T","E","?","R","M","?","R","?","M","BOSS","R","M","M","?","$","M","T","E","M","M","?","E","R","E","R","BOSS","E"],"items_purchased_type":["Card","Relic","Card","Card"],"build_version":"2020-12-22","purchased_purges":2,"victory":false,"max_hp_per_floor":[70,70,70,70,70,70,70,70,70,70,70,70,70,70,70,70,70,70,70,70,70,70,70,70,70,70,70,70,70,70,70,70,70,70,70,70,70,70,70,70,70,70,70,70,70,82,92,92,92,92,92,92,92,92],"card_choices":[{"not_picked":["hexamod:PowerFromBeyond","hexamod:GhostOfSpirePast"],"picked":"hexamod:SwordOfDarkness","floor":2},{"not_picked":["hexamod:Firestarter","hexamod:EtherealExpedition"],"picked":"hexamod:SpectersWail","floor":3},{"not_picked":["hexamod:RetreatToShadows","hexamod:GhostShield"],"picked":"hexamod:SwordOfDarkness","floor":5},{"not_picked":["hexamod:UnleashSpirits+1","hexamod:CatchUp"],"picked":"hexamod:FastForward","floor":6},{"not_picked":["hexamod:HeatMetal+1","hexamod:Haunt"],"picked":"hexamod:Incineration+1","floor":8},{"not_picked":["hexamod:BurningTouch","hexamod:NightmareGuise"],"picked":"hexamod:NightmareStrike+1","floor":9},{"not_picked":["hexamod:SpectersWail+1","hexamod:FastForward"],"picked":"hexamod:Toasty+1","floor":11},{"not_picked":["hexamod:RecurringNightmare","hexamod:RetreatToShadows"],"picked":"hexamod:NightmareGuise","floor":13},{"not_picked":["hexamod:HeatMetal+1","hexamod:GhostOfSpireFuture"],"picked":"hexamod:Hexaguard","floor":14},{"not_picked":["hexamod:NightmareGuise","hexamod:FourthSeal"],"picked":"hexamod:GhostLash+1","floor":15},{"not_picked":["hexamod:TimeWarp+1","hexamod:GhostflameInferno"],"picked":"hexamod:WildfireWeapon","floor":16},{"not_picked":["hexamod:SoulSteal","hexamod:StepThrough+1"],"picked":"hexamod:ShieldOfDarkness","floor":19},{"not_picked":["hexamod:NightmareStrike+1","hexamod:NightmareGuise"],"picked":"hexamod:ThermalTransfer+1","floor":23},{"not_picked":["hexamod:HauntingEcho+1","hexamod:GhostflameInferno","hexamod:SpectersWail+1"],"picked":"SKIP","floor":25},{"not_picked":["hexamod:GhostLash+1","hexamod:Again"],"picked":"hexamod:ThirdSeal","floor":26},{"not_picked":["hexamod:RadiantFlame","hexamod:FastForward"],"picked":"hexamod:HauntingEcho+1","floor":28},{"not_picked":["hexamod:FirstSeal","hexamod:InspiringFlames","hexamod:FastForward+1"],"picked":"SKIP","floor":28},{"not_picked":["hexamod:PowerFromBeyond","hexamod:SecondSeal"],"picked":"hexamod:GhostLash+1","floor":29},{"not_picked":["hexamod:NightmareGuise","hexamod:ShieldOfDarkness","hexamod:Incineration+1"],"picked":"SKIP","floor":29},{"not_picked":["hexamod:BacktrackSmack+1","hexamod:FifthSeal"],"picked":"hexamod:PhantomCloak","floor":32},{"not_picked":["hexamod:FastForward","hexamod:SwordOfDarkness+1","hexamod:GhostShield"],"picked":"SKIP","floor":32},{"not_picked":["hexamod:FifthSeal","hexamod:ForkedFlame+1"],"picked":"hexamod:TimeOfNeed","floor":33},{"not_picked":["hexamod:BurningTouch+1","hexamod:SpectersWail+1"],"picked":"hexamod:RecurringNightmare+1","floor":36},{"not_picked":["hexamod:CatchUp+1","hexamod:Hexaguard"],"picked":"hexamod:FastForward+1","floor":36},{"not_picked":["hexamod:HeatMetal+1","hexamod:BacktrackSmack+1","hexamod:EtherealExpedition"],"picked":"SKIP","floor":37},{"not_picked":["hexamod:FlamesFromBeyond+1","hexamod:PowerFromBeyond"],"picked":"hexamod:BurningTouch","floor":38},{"not_picked":["hexamod:Firestarter+1","hexamod:NightmareStrike+1"],"picked":"hexamod:BurningTouch+1","floor":38},{"not_picked":["hexamod:FastForward","hexamod:AdvancingGuard"],"picked":"hexamod:HeatCrush+1","floor":39},{"not_picked":["hexamod:Hexaguard+1","hexamod:SpectersWail+1","hexamod:HeatMetal+1"],"picked":"SKIP","floor":39},{"not_picked":["hexamod:NecessarySacrifice+1","hexamod:NightmareStrike+1"],"picked":"hexamod:RadiantFlame+1","floor":40},{"not_picked":["hexamod:HauntingEcho+1","hexamod:FlamesFromBeyond","hexamod:BurningTouch"],"picked":"SKIP","floor":40},{"not_picked":["hexamod:HauntingEcho+1","hexamod:FlamesFromBeyond","hexamod:BurningTouch"],"picked":"SKIP","floor":40},{"not_picked":["hexamod:FourthSeal","hexamod:SwordOfDarkness+1","hexamod:GhostShield+1"],"picked":"SKIP","floor":42},{"not_picked":["hexamod:Again+1","hexamod:GhostflameBarrier","hexamod:ParanormalForm"],"picked":"SKIP","floor":42},{"not_picked":["hexamod:FlamesFromBeyond+1","hexamod:HauntingEcho+1","hexamod:RainOfEmbers+1"],"picked":"SKIP","floor":43},{"not_picked":["hexamod:FastForward+1","hexamod:SpectersWail+1","hexamod:InspiringFlames"],"picked":"SKIP","floor":43},{"not_picked":["hexamod:Firestarter+1","hexamod:EtherealExpedition+1"],"picked":"hexamod:PowerFromBeyond+1","floor":44},{"not_picked":["hexamod:HeatMetal+1","hexamod:GhostShield+1"],"picked":"hexamod:NightmareGuise+1","floor":44},{"not_picked":["expansioncontent:YouAreMine","expansioncontent:GuardianWhirl"],"picked":"expansioncontent:LastStand","floor":45},{"not_picked":["hexamod:FirstSeal","hexamod:SecondSeal","hexamod:Incineration+1"],"picked":"SKIP","floor":46},{"not_picked":["hexamod:SpectralSpark","hexamod:Firestarter+1","hexamod:Hexaguard+1"],"picked":"SKIP","floor":46},{"not_picked":["hexamod:HeatMetal+1","hexamod:SoulSteal+1","hexamod:HeatCrush+1"],"picked":"SKIP","floor":48},{"not_picked":["hexamod:SearingWound","hexamod:ThermalTransfer+1","hexamod:SpectersWail+1"],"picked":"SKIP","floor":48},{"not_picked":["hexamod:BurningTouch+1","hexamod:PhantomFireball+1"],"picked":"hexamod:AdvancingGuard+1","floor":49}],"player_experience":576961,"relics_obtained":[{"floor":6,"key":"Molten Egg 2"},{"floor":7,"key":"hexamod:InflammatoryLetter"},{"floor":11,"key":"Regal Pillow"},{"floor":14,"key":"Blood Vial"},{"floor":24,"key":"Bronze Scales"},{"floor":38,"key":"Old Coin"},{"floor":42,"key":"Dream Catcher"},{"floor":46,"key":"Strawberry"},{"floor":48,"key":"The Courier"}],"event_choices":[{"damage_healed":0,"gold_gain":0,"player_choice":"Got Potions","damage_taken":0,"max_hp_gain":0,"max_hp_loss":0,"event_name":"Lab","floor":4,"gold_loss":0},{"damage_healed":0,"gold_gain":0,"player_choice":"Stole Relic","damage_taken":0,"relics_obtained":["Lantern"],"max_hp_gain":0,"max_hp_loss":0,"event_name":"Addict","floor":20,"gold_loss":0,"cards_obtained":["Pride"]},{"damage_healed":0,"gold_gain":0,"player_choice":"Read","damage_taken":0,"max_hp_gain":0,"max_hp_loss":0,"event_name":"The Library","floor":22,"gold_loss":0,"cards_obtained":["hexamod:RadiantFlame"]}],"is_beta":false,"boss_relics":[{"not_picked":["Astrolabe","Pandora\u0027s Box"],"picked":"Fusion Hammer"},{"not_picked":["Runic Pyramid","Busted Crown"],"picked":"Sozu"}],"items_purged_floors":[29,39],"is_endless":false,"potions_floor_spawned":[2,5,11,13,14,15,23,28,32,33,36,42,43],"killed_by":"downfall:CharBossMerchant","ascension_level":1}}