{"host":"74dg6ta44i9qan6e","time":1612471430,"event":{"mods":["Act Like it!","BaseMod","Downfall","Hubris","Infinite Spire","Minty Spire (QoL Compilation)","Replay The Spire","StSLib","Waifu the Spire"],"gold_per_floor":[99,116,130,150,150,150,150,176,16,27,39,39,39,64,84,180,180,80,92,92,92,92,92,92,19,48,48,167,184,84,102,112,211,211,111,126,139,21,38,38,61,61,61,61],"floor_reached":42,"language":"ENG","playtime":2152,"items_purged":["downfall:Malfunctioning","Hallucinations"],"score":698,"play_id":"62f0d415-e6aa-46c2-950f-77e81b549393","local_time":"20210204154350","is_ascension_mode":true,"campfire_choices":[{"data":"sneckomod:SnekBite","floor":1,"key":"SMITH"},{"floor":12,"key":"REST"},{"floor":18,"key":"RECALL"},{"floor":27,"key":"REST"},{"data":"ReplayTheSpireMod:??????????????????????","floor":30,"key":"SMITH"},{"data":"sneckomod:UnknownClassINFINITE_BLACK","floor":35,"key":"SMITH"}],"circlet_count":0,"master_deck":["sneckomod:TailWhip","sneckomod:SnekBite+1","sneckomod:Unknown","sneckomod:QuickBite","sneckomod:WideSting","ReplayTheSpireMod:??????????????????????+1","sneckomod:UnknownClassINFINITE_BLACK+1","sneckomod:Unknown2Cost","sneckomod:UnknownExhaust","Metallicize","sneckomod:UnknownX","sneckomod:UnendingSupply+1","sneckomod:Nope","sneckomod:TrashToTreasure","sneckomod:UnknownRarePower","Parasite","sneckomod:UnknownClassINFINITE_BLACK+1","sneckomod:SerpentMind+1","Bite","Bite","Bite","Bite","Bite","sneckomod:Unknown2Cost+1","sneckomod:UnendingSupply+1","sneckomod:SlitherStrike","sneckomod:SoulRoll+1","sneckomod:ImprovisedGuard+1","sneckomod:UnknownClassSLIMEBOUND+1","sneckomod:UnknownClassGREEN+1","sneckomod:SoulRoll+1","sneckomod:SoulDraw+1","sneckomod:UnendingSupply+1","sneckomod:Unknown1Cost+1","sneckomod:UnknownRareSkill+1","CurseOfTheBell","sneckomod:RainOfDice","sneckomod:UnknownWeak+1","sneckomod:UnknownClassINFINITE_BLACK+1","sneckomod:UnlimitedRolls","sneckomod:TrashToTreasure+1","Pot Of Greed+1","Pot Of Greed+1","Pot Of Greed+1","Pot Of Greed+1","sneckomod:MasterEye+1","sneckomod:UnknownClassSLIMEBOUND+1","Pot Of Greed+1","sneckomod:Unknown2Cost+1","sneckomod:UnknownCommonAttack","sneckomod:QuickBite","expansioncontent:AwakenDeath","Secret Weapon+1","sneckomod:TrashToTreasure+1","sneckomod:Nope+1","infinitespire:SevenWalls","CommonCold","Clumsy","ReplayTheSpireMod:Book of Names","Pot Of Greed+1"],"relics":["SacredBark","ReplayTheSpireMod:Lightbulb","Replay:Mystery Machine","Replay:Ancient Bell","infinitespire:Beetle Shell","Toxic Egg 2","Prayer Wheel","downfall:HeartBlessingGreen","Blue Candle","hubris:Icosahedron","FossilizedHelix","ReplayFunnel","downfall:HeartBlessingBlue","Calling Bell","Bronze Scales","sneckomod:ConfusingCodex","Mango","downfall:HeartBlessingRed","BargainBundle","Grinning Jar","Replay:Arrowhead","Kintsugi","ReplayTheSpireMod:TigerMarble"],"acts_visited":["Exordium","TheCity","TheBeyond"],"potions_floor_usage":[8,9,14,15,16,16,28,31,33],"damage_taken":[{"damage":8,"enemies":"Small Slimes","floor":2,"turns":4},{"damage":7,"enemies":"Jaw Worm","floor":3,"turns":2},{"damage":0,"enemies":"2 Louse","floor":4,"turns":2},{"damage":29,"enemies":"Lagavulin","floor":8,"turns":4},{"damage":14,"enemies":"downfall:FleeingMerchant","floor":9,"turns":4},{"damage":1,"enemies":"Exordium Thugs","floor":10,"turns":3},{"damage":2,"enemies":"3 Louse","floor":11,"turns":2},{"damage":6,"enemies":"Gremlin Nob","floor":14,"turns":3},{"damage":2,"enemies":"Gremlin Gang","floor":15,"turns":2},{"damage":10,"enemies":"DF_ARCHETYPE_STREAMLINE","floor":16,"turns":9},{"damage":25,"enemies":"Chosen","floor":19,"turns":6},{"damage":1,"enemies":"downfall:FleeingMerchant","floor":25,"turns":4},{"damage":58,"enemies":"Slavers","floor":26,"turns":8},{"damage":15,"enemies":"Shell Parasite","floor":28,"turns":2},{"damage":0,"enemies":"Sentry and Sphere","floor":29,"turns":3},{"damage":8,"enemies":"Snake Plant","floor":31,"turns":2},{"damage":12,"enemies":"Snecko","floor":32,"turns":5},{"damage":7,"enemies":"WA_ARCHETYPE_CALM","floor":33,"turns":5},{"damage":37,"enemies":"3 Darklings","floor":36,"turns":3},{"damage":32,"enemies":"3 Shapes","floor":37,"turns":4},{"damage":3,"enemies":"downfall:FleeingMerchant","floor":38,"turns":4},{"damage":24,"enemies":"Spire Growth","floor":39,"turns":5},{"damage":25,"enemies":"Maw","floor":42,"turns":4}],"seed_played":"6125534038038569381","potions_obtained":[{"floor":2,"key":"LiquidBronze"},{"floor":3,"key":"Death Potion"},{"floor":11,"key":"Explosive Potion"},{"floor":14,"key":"Adrenaline Potion"},{"floor":15,"key":"Flashbang"},{"floor":26,"key":"AttackPotion"},{"floor":29,"key":"sneckomod:DiceRollPotion"},{"floor":31,"key":"champ:CounterPotion"},{"floor":33,"key":"BlessingOfTheForge"},{"floor":39,"key":"DuplicationPotion"}],"is_trial":false,"path_per_floor":["R","M","M","M","?","?","T","E","$","M","M","R","?","E","M","B",null,"R","M","?","T","?","?","T","$","E","R","M","M","R","M","M","B",null,"R","M","M","$","M","AVR","T","M"],"character_chosen":"THE_SNECKO","items_purchased":["sneckomod:UnknownExhaust","LiquidMemories","sneckomod:UnendingSupply+1","BargainBundle","Grinning Jar","sneckomod:MasterEye+1","sneckomod:UnknownClassSLIMEBOUND+1","sneckomod:Unknown2Cost+1","sneckomod:UnknownCommonAttack","sneckomod:QuickBite","expansioncontent:AwakenDeath","Secret Weapon+1","AttackPotion","GamblersBrew"],"campfire_rested":2,"item_purchase_floors":[9,9,25,38,38,38,38,38,38,38,38,38,38,38],"current_hp_per_floor":[90,82,75,75,75,52,52,23,9,8,6,33,33,27,25,15,71,71,46,46,46,46,46,46,49,13,31,18,29,39,34,26,33,76,76,39,11,12,20,20,20,0,0,0],"gold":61,"neow_bonus":"BOSS_RELIC","is_daily":false,"chose_seed":false,"campfire_upgraded":3,"win_rate":0.0,"timestamp":1612471430,"path_taken":["R","M","M","M","?","?","T","E","$","M","M","R","?","E","M","BOSS","R","M","?","?","?","?","T","$","E","R","?","M","R","M","M","BOSS","R","M","M","$","M","AVR","T","M"],"items_purchased_type":["Card","Potion","Card","Relic","Relic","Card","Card","Card","Card","Card","Card","Card","Potion","Potion"],"build_version":"2020-12-22","purchased_purges":2,"victory":false,"max_hp_per_floor":[90,90,90,90,90,90,90,90,90,90,90,90,90,90,90,90,90,90,90,62,62,62,62,62,62,62,62,62,62,72,72,72,72,86,86,86,86,86,86,86,86,86,86,86],"card_choices":[{"not_picked":["sneckomod:UnknownBlock","sneckomod:UnknownDraw"],"picked":"sneckomod:QuickBite","floor":2},{"not_picked":["sneckomod:RainOfDice","sneckomod:UnknownClassBLUE"],"picked":"sneckomod:WideSting","floor":3},{"not_picked":["sneckomod:MixItUp","sneckomod:UnknownClassPURPLE"],"picked":"sneckomod:Memorize","floor":4},{"not_picked":["ReplayTheSpireMod:Echoes of Time","infinitespire:NeuralNetwork"],"picked":"ReplayTheSpireMod:??????????????????????","floor":6},{"not_picked":["sneckomod:UnknownWeak","sneckomod:UnknownClassRED"],"picked":"sneckomod:UnknownClassINFINITE_BLACK","floor":8},{"not_picked":["sneckomod:QuickBite","sneckomod:UnknownClassRED"],"picked":"sneckomod:Unknown2Cost","floor":9},{"not_picked":["sneckomod:GlitteringGambit","sneckomod:Unknown1Cost"],"picked":"sneckomod:UnknownX","floor":10},{"not_picked":["sneckomod:SnekBeam","sneckomod:UnknownUncommonAttack"],"picked":"sneckomod:UnendingSupply","floor":11},{"not_picked":["sneckomod:DiceBlock","sneckomod:UnknownClassSLIMEBOUND"],"picked":"sneckomod:Nope","floor":14},{"not_picked":["sneckomod:UnknownClassSLIMEBOUND","sneckomod:UnknownX"],"picked":"sneckomod:TrashToTreasure","floor":15},{"not_picked":["sneckomod:SoulExchange","sneckomod:Unknown3Cost"],"picked":"sneckomod:UnknownRarePower","floor":16},{"not_picked":["infinitespire:Pacifist","Regret"],"picked":"Parasite","floor":17},{"not_picked":["hubris:Compulsion","hubris:Envy"],"picked":"hubris:Wrath","floor":17},{"not_picked":["Normality","ReplayTheSpireMod:Faulty Equipment"],"picked":"Hallucinations","floor":17},{"not_picked":["sneckomod:UnknownClassGUARDIAN+1","sneckomod:DiceBlock+1"],"picked":"sneckomod:UnknownClassINFINITE_BLACK+1","floor":19},{"not_picked":["sneckomod:SoulRoll+1","sneckomod:UnknownUncommonAttack"],"picked":"sneckomod:SerpentMind","floor":19},{"not_picked":["sneckomod:UnknownClassTHE_CHAMP_GRAY+1","sneckomod:Transmogrify+1"],"picked":"sneckomod:Unknown2Cost+1","floor":25},{"not_picked":["sneckomod:UnknownClassBLUE+1","sneckomod:SnekBeam+1"],"picked":"sneckomod:SlitherStrike","floor":26},{"not_picked":["sneckomod:UnknownClassPURPLE+1","sneckomod:SlitherStrike"],"picked":"sneckomod:SoulRoll+1","floor":28},{"not_picked":["sneckomod:UnknownClassBLUE+1","sneckomod:UnknownClassSLIMEBOUND+1"],"picked":"sneckomod:ImprovisedGuard+1","floor":28},{"not_picked":["sneckomod:UnknownUncommonAttack","sneckomod:UnknownClassHEXA_GHOST_PURPLE+1"],"picked":"sneckomod:UnknownClassSLIMEBOUND+1","floor":29},{"not_picked":["sneckomod:IronFang","sneckomod:UnknownClassTHE_CHAMP_GRAY+1"],"picked":"sneckomod:UnknownClassGREEN+1","floor":29},{"not_picked":["sneckomod:UnknownUncommonSkill+1","sneckomod:ImprovisedGuard+1"],"picked":"sneckomod:SoulRoll+1","floor":31},{"not_picked":["sneckomod:QuickBite","sneckomod:UnknownX+1"],"picked":"sneckomod:SoulDraw+1","floor":31},{"not_picked":["sneckomod:RainOfDice","sneckomod:SoulCleanse+1"],"picked":"sneckomod:UnendingSupply+1","floor":32},{"not_picked":["sneckomod:UnknownCommonSkill+1","sneckomod:UnknownClassTHE_CHAMP_GRAY+1"],"picked":"sneckomod:Unknown1Cost+1","floor":32},{"not_picked":["sneckomod:UnknownRareAttack","sneckomod:Cheat+1"],"picked":"sneckomod:UnknownRareSkill+1","floor":33},{"not_picked":["sneckomod:CheapStock","sneckomod:UnknownUncommonAttack+1"],"picked":"sneckomod:RainOfDice","floor":36},{"not_picked":["sneckomod:Nope+1","sneckomod:UnknownClassPURPLE+1"],"picked":"sneckomod:UnknownWeak+1","floor":36},{"not_picked":["sneckomod:WideSting","sneckomod:UnknownX+1"],"picked":"sneckomod:UnknownClassINFINITE_BLACK+1","floor":37},{"not_picked":["sneckomod:PureSnecko+1","sneckomod:UnknownClassRED+1"],"picked":"sneckomod:UnlimitedRolls","floor":37},{"not_picked":["sneckomod:UnknownClassTHE_CHAMP_GRAY+1","sneckomod:Unknown2Cost+1"],"picked":"sneckomod:TrashToTreasure+1","floor":38},{"not_picked":["sneckomod:QuickMove+1","sneckomod:QuickBite"],"picked":"sneckomod:TrashToTreasure+1","floor":39},{"not_picked":["sneckomod:DiceCrush","sneckomod:ImprovisedAttack"],"picked":"sneckomod:Nope+1","floor":39}],"player_experience":565288,"relics_obtained":[{"floor":8,"key":"ReplayTheSpireMod:Lightbulb"},{"floor":14,"key":"Replay:Mystery Machine"},{"floor":21,"key":"Blue Candle"},{"floor":24,"key":"FossilizedHelix"},{"floor":26,"key":"ReplayFunnel"},{"floor":34,"key":"Bronze Scales"},{"floor":34,"key":"sneckomod:ConfusingCodex"},{"floor":34,"key":"Mango"},{"floor":41,"key":"ReplayTheSpireMod:TigerMarble"}],"event_choices":[{"damage_healed":0,"gold_gain":0,"player_choice":"Became a vampire","damage_taken":0,"max_hp_gain":0,"max_hp_loss":28,"event_name":"Vampires","floor":20,"gold_loss":0,"cards_obtained":["Bite","Bite","Bite","Bite","Bite"]}],"is_beta":false,"boss_relics":[{"not_picked":["Philosopher\u0027s Stone","Tiny House"],"picked":"Replay:Ancient Bell"},{"not_picked":["Regal Pillow","Dream Catcher"],"picked":"infinitespire:Beetle Shell"},{"not_picked":["Gremlin Horn","hubris:PeanutButter"],"picked":"Toxic Egg 2"},{"not_picked":["Girya","Ginger"],"picked":"Prayer Wheel"},{"not_picked":["Replay:Drink Me","hubris:ScarierMask"],"picked":"Calling Bell"}],"items_purged_floors":[38,40],"is_endless":false,"potions_floor_spawned":[2,3,11,14,15,26,29,31,33,39],"killed_by":"Maw","ascension_level":5}}