{"host":"rnjhaewkefy4rz3c","time":1612481725,"event":{"mods":["2.2 Compatiblity","AchievementEnabler","Aspiration","BaseMod","CCEM2","Colored Map","Conspire","Downfall","Halation","Hubris","Jedi Mod","Minty Spire (QoL Compilation)","Permanent Neow","Relic Filter","Relic Sorter","Reliquary","StS++","StSLib"],"gold_per_floor":[119,131,146,221,221,253,268,296,296,296,307,327,327,343,343,343,343],"floor_reached":16,"language":"ENG","playtime":806,"items_purged":[],"score":114,"play_id":"38f46f61-1036-4826-b5de-5c63cdc3ce1c","local_time":"20210204193525","is_ascension_mode":false,"campfire_choices":[{"floor":13,"key":"REST"},{"data":"theextravagant:Tension","floor":15,"key":"SMITH"}],"circlet_count":0,"master_deck":["theextravagant:SlyStrike","theextravagant:SlyStrike","theextravagant:SlyStrike","theextravagant:SlyStrike","theextravagant:Fence","theextravagant:Fence","theextravagant:Fence","theextravagant:Fence","theextravagant:QuickAttack","theextravagant:Triumph+1","theextravagant:Drift","theextravagant:Ravage+1","Injury","theextravagant:CuttingEdge","theextravagant:CutTheDeck+1","theextravagant:Twostep","theextravagant:Tension+1","theextravagant:Twostep","theextravagant:Vintage+1"],"relics":["theextravagant:TranslucentFeather","Frozen Egg 2","CCEMRelics:Barrel","conspire:Flyswatter","CCEMRelics:Pendulum"],"acts_visited":["Exordium"],"potions_floor_usage":[8,8,11,16],"damage_taken":[{"damage":1,"enemies":"Jaw Worm","floor":1,"turns":6},{"damage":0,"enemies":"Small Slimes","floor":2,"turns":3},{"damage":0,"enemies":"conspire:RoseBush","floor":3,"turns":3},{"damage":27,"enemies":"Gremlin Nob","floor":6,"turns":4},{"damage":1,"enemies":"Lots of Slimes","floor":7,"turns":2},{"damage":11,"enemies":"3 Sentries","floor":8,"turns":5},{"damage":0,"enemies":"Exordium Wildlife","floor":11,"turns":1},{"damage":5,"enemies":"Looter","floor":12,"turns":4},{"damage":0,"enemies":"Large Slime","floor":14,"turns":4},{"damage":26,"enemies":"Slime Boss","floor":16,"turns":6}],"seed_played":"8151229818502414060","potions_obtained":[{"floor":2,"key":"ColorlessPotion"},{"floor":6,"key":"AttackPotion"},{"floor":7,"key":"SkillPotion"},{"floor":8,"key":"hexamod:SoulburnPotion"},{"floor":14,"key":"Weak Potion"}],"is_trial":false,"path_per_floor":["M","M","M","?","?","E","M","E","T","?","M","M","R","M","R","B"],"character_chosen":"THE_EXTRAVAGANT","items_purchased":[],"campfire_rested":1,"item_purchase_floors":[],"current_hp_per_floor":[74,74,74,63,63,36,35,24,24,24,24,19,41,41,41,15,15],"gold":343,"neow_bonus":"UPGRADE_CARD","is_daily":false,"chose_seed":false,"campfire_upgraded":1,"win_rate":0.0,"timestamp":1612481725,"path_taken":["M","M","M","?","?","E","M","E","T","?","M","M","R","M","R","BOSS"],"items_purchased_type":[],"build_version":"2020-12-22","purchased_purges":0,"victory":false,"max_hp_per_floor":[75,75,75,75,75,75,75,75,75,75,75,75,75,75,75,75,75],"card_choices":[{"not_picked":["theextravagant:Precaution","theextravagant:SpontaneousStrike"],"picked":"theextravagant:Drift","floor":1},{"not_picked":["theextravagant:Swirl","theextravagant:Shake","theextravagant:Pushthrough"],"picked":"SKIP","floor":2},{"not_picked":["theextravagant:Tension","theextravagant:Supersonic"],"picked":"theextravagant:Ravage","floor":3},{"not_picked":["theextravagant:Foil","theextravagant:Radiance+1"],"picked":"theextravagant:CuttingEdge","floor":6},{"not_picked":["theextravagant:Flashback","theextravagant:Cutthroat"],"picked":"theextravagant:CutTheDeck+1","floor":7},{"not_picked":["theextravagant:PerfectTheBasics","theextravagant:Shake"],"picked":"theextravagant:Twostep","floor":8},{"not_picked":["theextravagant:Masquerade","theextravagant:Flashback"],"picked":"theextravagant:Tension","floor":11},{"not_picked":["theextravagant:Shake","theextravagant:Razor"],"picked":"theextravagant:Twostep","floor":12},{"not_picked":["theextravagant:Defy","theextravagant:Meditation"],"picked":"theextravagant:Vintage+1","floor":14}],"player_experience":726324,"relics_obtained":[{"floor":6,"key":"CCEMRelics:Barrel"},{"floor":8,"key":"conspire:Flyswatter"},{"floor":9,"key":"CCEMRelics:Pendulum"}],"event_choices":[{"damage_healed":0,"gold_gain":75,"player_choice":"Gather Gold","damage_taken":11,"max_hp_gain":0,"max_hp_loss":0,"event_name":"World of Goop","floor":4,"gold_loss":0},{"damage_healed":0,"gold_gain":0,"player_choice":"Forge","damage_taken":0,"max_hp_gain":0,"max_hp_loss":0,"event_name":"Accursed Blacksmith","floor":10,"gold_loss":0,"cards_upgraded":["theextravagant:Ravage"]}],"is_beta":false,"boss_relics":[],"items_purged_floors":[],"is_endless":false,"potions_floor_spawned":[2,6,7,8,14],"killed_by":"Slime Boss","ascension_level":0}}