{"host":"7j2n82b2zha9fuyn","time":1612423744,"event":{"mods":["BaseMod","Block Reminder","Minty Spire (QoL Compilation)","StSLib"],"gold_per_floor":[119,132,132,132,151,151,162,190,214,214,234,269,287,9,9,80,80,95,108,118,118,132,132,164,164,164,0,25,35,35,55,55,126,126,139,159,184,197,208,208,242,242,291,309,336,336,13,27,27,27,27,27,27,27,27,27],"floor_reached":55,"language":"ENG","playtime":6648,"items_purged":["Strike_G"],"score":1987,"play_id":"f4b7237e-ff59-4296-9c76-7ec71a94a1d7","local_time":"20210204002904","is_ascension_mode":true,"campfire_choices":[{"data":"Leg Sweep","floor":6.0,"key":"SMITH"},{"floor":10.0,"key":"REST"},{"data":"Footwork","floor":15.0,"key":"SMITH"},{"data":"Cloak And Dagger","floor":23.0,"key":"SMITH"},{"floor":32.0,"key":"REST"},{"data":"Finisher","floor":40.0,"key":"SMITH"},{"data":"Terror","floor":42.0,"key":"SMITH"},{"floor":49.0,"key":"RECALL"},{"floor":53.0,"key":"REST"}],"circlet_count":0,"master_deck":["AscendersBane","Strike_G","Defend_G","Defend_G","Defend_G","Defend_G","Defend_G","Survivor","Neutralize","Leg Sweep+1","Finisher+1","Dash","PiercingWail","Backstab","Cloak And Dagger+1","Blade Dance","Finisher+1","Footwork+1","Die Die Die","Terror+1","Escape Plan","Blade Dance","Backflip","Calculated Gamble","Adrenaline","Dodge and Roll+1","Blur+1","Dagger Spray+1","Deflect","Blur+1","Cloak And Dagger+1","Pain","Finesse","Swift Strike","Apotheosis"],"relics":["Runic Pyramid","Juzu Bracelet","Regal Pillow","Pen Nib","PreservedInsect","Cursed Key","Dream Catcher","Sling","Kunai","Astrolabe","Prayer Wheel","Blue Candle","Potion Belt","Lee\u0027s Waffle","Nunchaku"],"acts_visited":["Exordium","TheCity","TheBeyond","TheEnding"],"potions_floor_usage":[55],"damage_taken":[{"damage":1.0,"enemies":"Small Slimes","floor":1.0,"turns":5.0},{"damage":0.0,"enemies":"Jaw Worm","floor":2.0,"turns":6.0},{"damage":0.0,"enemies":"Cultist","floor":5.0,"turns":4.0},{"damage":9.0,"enemies":"Lots of Slimes","floor":7.0,"turns":6.0},{"damage":27.0,"enemies":"3 Sentries","floor":8.0,"turns":18.0},{"damage":0.0,"enemies":"Blue Slaver","floor":11.0,"turns":4.0},{"damage":3.0,"enemies":"Lagavulin","floor":12.0,"turns":6.0},{"damage":1.0,"enemies":"Looter","floor":13.0,"turns":3.0},{"damage":8.0,"enemies":"Hexaghost","floor":16.0,"turns":10.0},{"damage":4.0,"enemies":"Shell Parasite","floor":18.0,"turns":4.0},{"damage":7.0,"enemies":"2 Thieves","floor":19.0,"turns":2.0},{"damage":0.0,"enemies":"Chosen and Byrds","floor":20.0,"turns":4.0},{"damage":3.0,"enemies":"Snecko","floor":22.0,"turns":5.0},{"damage":1.0,"enemies":"Slavers","floor":24.0,"turns":4.0},{"damage":0.0,"enemies":"Book of Stabbing","floor":28.0,"turns":3.0},{"damage":14.0,"enemies":"Snake Plant","floor":29.0,"turns":4.0},{"damage":9.0,"enemies":"Centurion and Healer","floor":31.0,"turns":7.0},{"damage":35.0,"enemies":"Collector","floor":33.0,"turns":11.0},{"damage":1.0,"enemies":"3 Shapes","floor":35.0,"turns":3.0},{"damage":15.0,"enemies":"3 Darklings","floor":36.0,"turns":6.0},{"damage":0.0,"enemies":"Mind Bloom Boss Battle","floor":37.0,"turns":4.0},{"damage":0.0,"enemies":"Jaw Worm Horde","floor":38.0,"turns":5.0},{"damage":0.0,"enemies":"Maw","floor":39.0,"turns":8.0},{"damage":2.0,"enemies":"Nemesis","floor":41.0,"turns":5.0},{"damage":37.0,"enemies":"Transient","floor":44.0,"turns":6.0},{"damage":0.0,"enemies":"Giant Head","floor":45.0,"turns":3.0},{"damage":3.0,"enemies":"Jaw Worm Horde","floor":48.0,"turns":5.0},{"damage":29.0,"enemies":"Donu and Deca","floor":50.0,"turns":18.0},{"damage":30.0,"enemies":"Awakened One","floor":51.0,"turns":27.0},{"damage":75,"enemies":"Shield and Spear","floor":55,"turns":5}],"seed_played":"-761541449575884211","potions_obtained":[{"floor":5.0,"key":"Regen Potion"},{"floor":7.0,"key":"Poison Potion"},{"floor":12.0,"key":"Weak Potion"},{"floor":19.0,"key":"GhostInAJar"},{"floor":28.0,"key":"Dexterity Potion"},{"floor":48.0,"key":"ColorlessPotion"}],"is_trial":false,"path_per_floor":["M","M","?","?","M","R","M","E","T","R","M","E","M","$","R","B",null,"M","M","M","?","M","R","E","?","T","$","E","M","?","M","R","B",null,"M","M","?","M","M","R","E","R","T","M","E","?","$","M","R","B","B",null,"R","$","E"],"character_chosen":"THE_SILENT","items_purchased":["PreservedInsect","Footwork","Sling","Lee\u0027s Waffle","Nunchaku"],"campfire_rested":3,"item_purchase_floors":[14,14,27,47,47],"current_hp_per_floor":[58,58,58,58,58,58,49,22,22,56,56,53,52,52,52,44,61,57,50,50,50,47,47,46,46,46,46,46,32,32,23,57,22,55,54,39,39,39,39,39,37,37,37,15,15,5,73,70,70,41,11,58,73,73,0,0],"gold":27,"neow_bonus":"BOSS_RELIC","is_daily":false,"chose_seed":false,"campfire_upgraded":5,"win_rate":0.0,"timestamp":1612423744,"path_taken":["M","M","?","?","M","R","?","E","T","R","M","E","M","?","R","BOSS","M","M","M","?","M","R","E","?","T","?","E","M","?","M","R","BOSS","M","M","?","M","M","R","E","R","T","M","E","?","$","M","R","BOSS","BOSS","R","$","E"],"items_purchased_type":["Relic","Card","Relic","Relic","Relic"],"build_version":"2020-12-22","purchased_purges":1,"victory":false,"max_hp_per_floor":[66,66,66,66,66,66,66,66,66,66,66,66,66,66,66,66,66,66,66,66,66,66,66,66,66,66,66,66,66,66,66,66,66,66,66,66,66,66,66,66,66,66,66,66,66,66,73,73,73,73,73,73,73,73,73,73],"card_choices":[{"not_picked":["PiercingWail","Heel Hook"],"picked":"Leg Sweep","floor":1.0},{"not_picked":["Poisoned Stab","Expertise"],"picked":"Finisher","floor":2.0},{"not_picked":["PiercingWail","Poisoned Stab"],"picked":"Dash","floor":5.0},{"not_picked":["Well Laid Plans","Dodge and Roll"],"picked":"PiercingWail","floor":7.0},{"not_picked":["Crippling Poison","Dash"],"picked":"Backstab","floor":8.0},{"not_picked":["Dodge and Roll","Accuracy"],"picked":"Cloak And Dagger","floor":11.0},{"not_picked":["Quick Slash","Slice"],"picked":"Blade Dance","floor":12.0},{"not_picked":["Poisoned Stab","Acrobatics"],"picked":"Finisher","floor":13.0},{"not_picked":["Doppelganger","Tools of the Trade"],"picked":"Die Die Die","floor":16.0},{"not_picked":["Leg Sweep","Deadly Poison","Sucker Punch"],"picked":"SKIP","floor":18.0},{"not_picked":["Skewer","Choke","Setup"],"picked":"SKIP","floor":19.0},{"not_picked":["PiercingWail","Eviscerate"],"picked":"Terror","floor":20.0},{"not_picked":["Crippling Poison","All Out Attack"],"picked":"Escape Plan","floor":22.0},{"not_picked":["Acrobatics","Bane"],"picked":"Blade Dance","floor":24.0},{"not_picked":["Eviscerate","Poisoned Stab","Underhanded Strike"],"picked":"SKIP","floor":28.0},{"not_picked":["Underhanded Strike+1","Flying Knee"],"picked":"Backflip","floor":29.0},{"not_picked":["Dagger Throw","Catalyst","PiercingWail"],"picked":"SKIP","floor":31.0},{"not_picked":["Envenom","Die Die Die"],"picked":"Adrenaline","floor":33.0},{"not_picked":["Sucker Punch","Outmaneuver","Dagger Throw"],"picked":"SKIP","floor":35.0},{"not_picked":["Dodge and Roll","Backflip","Slice"],"picked":"SKIP","floor":36.0},{"not_picked":["Reflex","Backflip"],"picked":"Deflect","floor":37.0},{"not_picked":["Bane","Outmaneuver","Blade Dance"],"picked":"SKIP","floor":38.0},{"not_picked":["Crippling Poison","Underhanded Strike","Deadly Poison"],"picked":"SKIP","floor":38.0},{"not_picked":["Sucker Punch","Glass Knife"],"picked":"Blur+1","floor":39.0},{"not_picked":["Sucker Punch","Flying Knee"],"picked":"Cloak And Dagger+1","floor":39.0},{"not_picked":["Night Terror","Expertise","Flying Knee"],"picked":"SKIP","floor":41.0},{"not_picked":["Outmaneuver","Prepared","Deadly Poison"],"picked":"SKIP","floor":44.0},{"not_picked":["Dash","Dodge and Roll","Leg Sweep"],"picked":"SKIP","floor":44.0},{"not_picked":["Prepared","Leg Sweep","Dodge and Roll"],"picked":"SKIP","floor":45.0},{"not_picked":["Swift Strike","Dark Shackles"],"picked":"Finesse","floor":46.0},{"not_picked":["Enlightenment","Good Instincts"],"picked":"Swift Strike","floor":46.0},{"not_picked":["Deep Breath","Jack Of All Trades"],"picked":"Apotheosis","floor":46.0},{"not_picked":["PiercingWail","Quick Slash+1","Distraction"],"picked":"SKIP","floor":48.0},{"not_picked":["Flechettes","Cloak And Dagger","Infinite Blades"],"picked":"SKIP","floor":48.0}],"player_experience":1978833,"relics_obtained":[{"floor":8.0,"key":"Juzu Bracelet"},{"floor":9.0,"key":"Regal Pillow"},{"floor":12.0,"key":"Pen Nib"},{"floor":24.0,"key":"Dream Catcher"},{"floor":28.0,"key":"Kunai"},{"floor":37.0,"key":"Prayer Wheel"},{"floor":41.0,"key":"Blue Candle"},{"floor":45.0,"key":"Potion Belt"}],"event_choices":[{"damage_healed":0.0,"max_hp_gain":0.0,"max_hp_loss":0.0,"gold_gain":0.0,"event_name":"Liars Game","player_choice":"Ignored","floor":3.0,"gold_loss":0.0,"damage_taken":0.0},{"damage_healed":0.0,"max_hp_gain":0.0,"max_hp_loss":0.0,"gold_gain":0.0,"event_name":"Upgrade Shrine","player_choice":"Upgraded","floor":4.0,"gold_loss":0.0,"damage_taken":0.0,"cards_upgraded":["Finisher"]},{"damage_healed":0.0,"max_hp_gain":0.0,"max_hp_loss":0.0,"gold_gain":0.0,"event_name":"The Mausoleum","player_choice":"Ignored","floor":21.0,"gold_loss":0.0,"damage_taken":0.0},{"damage_healed":0.0,"max_hp_gain":0.0,"max_hp_loss":0.0,"gold_gain":0.0,"event_name":"Ghosts","player_choice":"Ignored","floor":25.0,"gold_loss":0.0,"damage_taken":0.0},{"damage_healed":0.0,"max_hp_gain":0.0,"max_hp_loss":0.0,"gold_gain":0.0,"event_name":"The Library","player_choice":"Read","floor":30.0,"gold_loss":0.0,"damage_taken":0.0,"cards_obtained":["Calculated Gamble"]},{"damage_healed":0.0,"max_hp_gain":0.0,"max_hp_loss":0.0,"gold_gain":0.0,"event_name":"MindBloom","player_choice":"Fight","floor":37.0,"gold_loss":0.0,"damage_taken":0.0},{"damage_healed":0.0,"max_hp_gain":0.0,"max_hp_loss":0.0,"gold_gain":0.0,"event_name":"SensoryStone","player_choice":"Memory 3","floor":46.0,"gold_loss":0.0,"damage_taken":10.0}],"is_beta":false,"boss_relics":[{"not_picked":["SlaversCollar","Busted Crown"],"picked":"Cursed Key"},{"not_picked":["Calling Bell","Tiny House"],"picked":"Astrolabe"}],"items_purged_floors":[14],"is_endless":false,"potions_floor_spawned":[5,7,11,12,19,20,28,31,36,38,41,48],"killed_by":"Shield and Spear","ascension_level":20}}