{"host":"wuernuywc9gl215o","time":1612453484,"event":{"mods":["AchievementEnabler","BaseMod","Block Reminder","Highlight Path","Key Reminder","Minty Spire (QoL Compilation)","Permanent Neow","Potion Indicator Mod","Quick Restart","Relic Stats"],"gold_per_floor":[99,99,99,99,99,99,99,99,99,99,99,79,44,44,44,44,44,44,44,44,44,44,44,44,44,44,44,44,44,44,44,44,44,44],"floor_reached":33,"language":"ENG","playtime":2152,"items_purged":[],"score":618,"play_id":"0b78a172-a334-4fbb-abf0-71207f154cfb","local_time":"20210204154444","is_ascension_mode":true,"campfire_choices":[{"data":"Whirlwind","floor":7.0,"key":"SMITH"},{"floor":15.0,"key":"REST"},{"data":"Ghostly","floor":27.0,"key":"SMITH"},{"data":"Whirlwind","floor":30,"key":"SMITH"},{"data":"Barricade","floor":32,"key":"SMITH"}],"circlet_count":0,"master_deck":["AscendersBane","Strike_R","Strike_R","Strike_R","Strike_R","Strike_R","Defend_R","Defend_R","Defend_R","Defend_R","Bash","Iron Wave","Double Tap","Perfected Strike","Fire Breathing","Armaments","True Grit","Whirlwind+1","Spot Weakness","Feel No Pain","Flame Barrier","Flex","Warcry","Whirlwind+1","Barricade+1","Iron Wave","Warcry","Bloodletting","Havoc","Body Slam","Ghostly+1","Ghostly","Ghostly","Metallicize"],"relics":["Ectoplasm","Lantern","Smiling Mask","Toy Ornithopter","Bag of Marbles","Busted Crown","MutagenicStrength","Ice Cream","Vajra","Pantograph","Ornamental Fan"],"acts_visited":["Exordium","TheCity"],"potions_floor_usage":[28,28,33,33,33,33],"damage_taken":[{"damage":10.0,"enemies":"2 Louse","floor":1.0,"turns":3.0},{"damage":0.0,"enemies":"Cultist","floor":3.0,"turns":2.0},{"damage":0.0,"enemies":"Small Slimes","floor":4.0,"turns":3.0},{"damage":0.0,"enemies":"3 Louse","floor":5.0,"turns":4.0},{"damage":20.0,"enemies":"Gremlin Nob","floor":6.0,"turns":4.0},{"damage":10.0,"enemies":"3 Sentries","floor":8.0,"turns":2.0},{"damage":27.0,"enemies":"Gremlin Nob","floor":10.0,"turns":4.0},{"damage":0.0,"enemies":"Large Slime","floor":11.0,"turns":4.0},{"damage":0.0,"enemies":"Looter","floor":12.0,"turns":2.0},{"damage":0.0,"enemies":"Red Slaver","floor":14.0,"turns":3.0},{"damage":10.0,"enemies":"The Guardian","floor":16.0,"turns":12.0},{"damage":0.0,"enemies":"3 Byrds","floor":18.0,"turns":1.0},{"damage":27.0,"enemies":"Shell Parasite","floor":20.0,"turns":5.0},{"damage":18.0,"enemies":"Centurion and Healer","floor":22.0,"turns":5.0},{"damage":37.0,"enemies":"Book of Stabbing","floor":23.0,"turns":4.0},{"damage":0.0,"enemies":"3 Cultists","floor":24.0,"turns":3.0},{"damage":7,"enemies":"Slavers","floor":28,"turns":3},{"damage":0,"enemies":"Cultist and Chosen","floor":31,"turns":5},{"damage":60,"enemies":"Collector","floor":33,"turns":8}],"seed_played":"-5980565392689576157","potions_obtained":[{"floor":1.0,"key":"Swift Potion"},{"floor":5.0,"key":"Block Potion"},{"floor":11.0,"key":"SkillPotion"},{"floor":12.0,"key":"SkillPotion"},{"floor":20.0,"key":"Ancient Potion"},{"floor":24.0,"key":"Fire Potion"},{"floor":31,"key":"EntropicBrew"}],"is_trial":false,"path_per_floor":["M","?","M","M","M","E","R","E","T","E","M","M","?","M","R","B",null,"M","?","M","?","M","E","M","?","T","R","E","T","R","M","R","B"],"character_chosen":"IRONCLAD","items_purchased":[],"campfire_rested":1,"item_purchase_floors":[],"current_hp_per_floor":[58,58,58,58,58,38,38,28,28,1,1,6,24,24,46,46,68,68,68,41,41,23,42,42,37,37,37,30,30,30,30,30,0,0],"gold":44,"neow_bonus":"BOSS_RELIC","is_daily":false,"chose_seed":false,"campfire_upgraded":4,"win_rate":0.0,"timestamp":1612453484,"path_taken":["M","?","M","M","M","E","R","E","T","E","M","?","?","M","R","BOSS","M","?","M","?","M","E","M","?","T","R","E","?","R","M","R","BOSS"],"items_purchased_type":[],"build_version":"2020-12-22","purchased_purges":0,"victory":false,"max_hp_per_floor":[75,75,75,75,75,75,75,75,75,75,75,75,75,75,75,75,75,75,75,75,75,75,75,75,37,37,37,37,37,37,37,37,37,37],"relic_stats":{"Busted Crown":14,"counters":[19,77],"Ornamental Fan":[8],"Pantograph":7,"Ectoplasm":492,"Smiling Mask":0,"obtain_stats":[{"Ice Cream":23,"Lantern":6,"Busted Crown":17,"Ornamental Fan":29,"MutagenicStrength":19,"Pantograph":28,"Vajra":26,"Ectoplasm":0,"Bag of Marbles":10,"Smiling Mask":8,"Burning Blood":0,"Toy Ornithopter":9},{"Ice Cream":15,"Lantern":5,"Busted Crown":11,"Ornamental Fan":17,"MutagenicStrength":12,"Pantograph":17,"Vajra":16,"Ectoplasm":0,"Bag of Marbles":7,"Smiling Mask":6,"Burning Blood":0,"Toy Ornithopter":6},{"Ice Cream":58,"Lantern":16,"Busted Crown":43,"Ornamental Fan":64,"MutagenicStrength":44,"Pantograph":64,"Vajra":61,"Ectoplasm":0,"Bag of Marbles":22,"Smiling Mask":18,"Burning Blood":0,"Toy Ornithopter":18}],"Toy Ornithopter":26},"card_choices":[{"not_picked":["Second Wind","Flex"],"picked":"Iron Wave","floor":1.0},{"not_picked":["Sword Boomerang","Rupture"],"picked":"Armaments","floor":3.0},{"not_picked":["Anger","Rupture"],"picked":"True Grit","floor":4.0},{"not_picked":["Iron Wave","Armaments"],"picked":"Whirlwind","floor":5.0},{"not_picked":["Limit Break","Seeing Red"],"picked":"Spot Weakness","floor":6.0},{"not_picked":["Spot Weakness","Burning Pact"],"picked":"Feel No Pain","floor":8.0},{"not_picked":["Iron Wave","Impervious"],"picked":"Flame Barrier","floor":10.0},{"not_picked":["Cleave","True Grit"],"picked":"Flex","floor":11.0},{"not_picked":["Havoc","Dropkick"],"picked":"Warcry","floor":12.0},{"not_picked":["Feel No Pain","Heavy Blade"],"picked":"Whirlwind","floor":14.0},{"not_picked":["Double Tap","Juggernaut"],"picked":"Barricade","floor":16.0},{"not_picked":[],"picked":"Iron Wave","floor":18.0},{"not_picked":[],"picked":"Warcry","floor":20.0},{"not_picked":[],"picked":"Bloodletting","floor":22.0},{"not_picked":[],"picked":"Havoc","floor":23.0},{"not_picked":[],"picked":"Body Slam","floor":24.0},{"not_picked":[],"picked":"Metallicize","floor":28},{"not_picked":["Clash+1"],"picked":"SKIP","floor":31}],"player_experience":811746,"relics_obtained":[{"floor":6.0,"key":"Lantern"},{"floor":8.0,"key":"Smiling Mask"},{"floor":9.0,"key":"Toy Ornithopter"},{"floor":10.0,"key":"Bag of Marbles"},{"floor":23.0,"key":"Ice Cream"},{"floor":26.0,"key":"Vajra"},{"floor":28,"key":"Pantograph"},{"floor":29,"key":"Ornamental Fan"}],"event_choices":[{"damage_healed":0.0,"max_hp_gain":0.0,"max_hp_loss":0.0,"gold_gain":0.0,"event_name":"Match and Keep!","player_choice":"3 cards matched","floor":2.0,"gold_loss":0.0,"damage_taken":0.0,"cards_obtained":["Double Tap","Perfected Strike","Fire Breathing"]},{"damage_healed":18.0,"max_hp_gain":0.0,"max_hp_loss":0.0,"gold_gain":0.0,"event_name":"The Cleric","player_choice":"Healed","floor":13.0,"gold_loss":35.0,"damage_taken":0.0},{"damage_healed":0.0,"max_hp_gain":0.0,"max_hp_loss":0.0,"gold_gain":0.0,"event_name":"Drug Dealer","player_choice":"Inject Mutagens","floor":19.0,"gold_loss":0.0,"damage_taken":0.0,"relics_obtained":["MutagenicStrength"]},{"damage_healed":0.0,"max_hp_gain":0.0,"max_hp_loss":38.0,"gold_gain":0.0,"event_name":"Ghosts","player_choice":"Became a Ghost","floor":25.0,"gold_loss":0.0,"damage_taken":0.0,"cards_obtained":["Ghostly","Ghostly","Ghostly"]}],"is_beta":false,"boss_relics":[{"not_picked":["Velvet Choker","Runic Cube"],"picked":"Busted Crown"}],"items_purged_floors":[],"is_endless":false,"potions_floor_spawned":[1,5,11,12,20,24,31],"killed_by":"Collector","ascension_level":20}}