{"host":"awsx6hu75lh7tsqd","time":1612424480,"event":{"mods":["AchievementEnabler","BaseMod","BetterRewards","Colored Map","Evolution","Minty Spire (QoL Compilation)","Shop Mod","StSLib"],"gold_per_floor":[117,128,128,138,156,190,210,235,235,135,150,150,165,178,178,277,277,287,299,310,323,323,323],"floor_reached":22,"language":"ENG","playtime":1599,"items_purged":["Dualcast","Dark Shackles"],"score":439,"play_id":"a29ec71b-838e-48a4-a715-c9c1277cc2b4","local_time":"20210204004120","is_ascension_mode":true,"campfire_choices":[{"data":"White Noise","floor":15,"key":"SMITH"}],"circlet_count":0,"master_deck":["Ball Lightning","Ball Lightning","Ball Lightning","Ball Lightning","Conserve Battery","Conserve Battery","Conserve Battery","Conserve Battery","Zap","Ball Lightning+1","White Noise+1","Ball Lightning+1","Redo","Echo Form"],"relics":["Cracked Core","EVO:Axolotl","Molten Egg 2","Enchiridion","Shuriken","Dead Branch","Bottled Lightning","Pear","SacredBark"],"acts_visited":["Exordium","TheCity"],"potions_floor_usage":[21],"damage_taken":[{"damage":0,"enemies":"Small Slimes","floor":1,"turns":1},{"damage":0,"enemies":"Cultist","floor":2,"turns":2},{"damage":0,"enemies":"2 Louse","floor":4,"turns":1},{"damage":0,"enemies":"Large Slime","floor":5,"turns":3},{"damage":6,"enemies":"Lagavulin","floor":6,"turns":4},{"damage":9,"enemies":"Lots of Slimes","floor":7,"turns":2},{"damage":4,"enemies":"3 Sentries","floor":8,"turns":3},{"damage":0,"enemies":"3 Louse","floor":11,"turns":1},{"damage":3,"enemies":"Exordium Wildlife","floor":13,"turns":3},{"damage":0,"enemies":"Red Slaver","floor":14,"turns":2},{"damage":0,"enemies":"Slime Boss","floor":16,"turns":4},{"damage":6,"enemies":"3 Byrds","floor":18,"turns":3},{"damage":11,"enemies":"2 Thieves","floor":19,"turns":2},{"damage":18,"enemies":"Snake Plant","floor":20,"turns":4},{"damage":18,"enemies":"Chosen and Byrds","floor":21,"turns":5},{"damage":39,"enemies":"Cultist and Chosen","floor":22,"turns":4}],"seed_played":"8694199270772399172","potions_obtained":[{"floor":4,"key":"EntropicBrew"},{"floor":6,"key":"BlessingOfTheForge"},{"floor":11,"key":"SkillPotion"},{"floor":14,"key":"FocusPotion"},{"floor":21,"key":"Ancient Potion"}],"is_trial":false,"path_per_floor":["M","M","?","M","M","E","M","E","T","$","M","?","M","M","R","B",null,"M","M","M","M","M"],"character_chosen":"DEFECT","items_purchased":["Molten Egg 2","Ball Lightning+1"],"campfire_rested":0,"item_purchase_floors":[0,0],"current_hp_per_floor":[58,58,58,58,58,52,43,39,39,39,39,46,43,43,43,43,85,79,68,50,32,0,0],"gold":323,"neow_bonus":"","is_daily":false,"chose_seed":false,"campfire_upgraded":1,"win_rate":0.0,"timestamp":1612424480,"path_taken":["M","M","?","?","M","E","M","E","T","$","M","?","M","M","R","BOSS","M","M","M","M","M"],"items_purchased_type":["Relic","Card"],"build_version":"2020-12-22","purchased_purges":2,"victory":false,"max_hp_per_floor":[75,75,75,75,75,75,75,75,75,75,75,85,85,85,85,85,85,85,85,85,85,85,85],"card_choices":[{"not_picked":["Coolheaded","Redo"],"picked":"White Noise","floor":1},{"not_picked":["Stack","Sweeping Beam+1","Go for the Eyes+1"],"picked":"SKIP","floor":2},{"not_picked":["Sweeping Beam+1","Streamline+1","Conserve Battery"],"picked":"SKIP","floor":4},{"not_picked":["Streamline+1","Loop","Self Repair"],"picked":"SKIP","floor":5},{"not_picked":["Lockon+1","Coolheaded","Hologram"],"picked":"SKIP","floor":6},{"not_picked":["Barrage+1","Conserve Battery"],"picked":"Ball Lightning+1","floor":7},{"not_picked":["Doom and Gloom+1","Compile Driver+1","Beam Cell+1"],"picked":"SKIP","floor":8},{"not_picked":["Core Surge+1","Turbo"],"picked":"Redo","floor":11},{"not_picked":["Static Discharge","Barrage+1","Turbo"],"picked":"SKIP","floor":13},{"not_picked":["Static Discharge","Barrage+1","Turbo"],"picked":"SKIP","floor":13},{"not_picked":["Undo","Cold Snap+1","Go for the Eyes+1"],"picked":"SKIP","floor":14},{"not_picked":["Multi-Cast","Buffer"],"picked":"Echo Form","floor":16},{"not_picked":["Conserve Battery","Compile Driver+1","Gash+1"],"picked":"SKIP","floor":18},{"not_picked":["Beam Cell+1","Streamline+1","Lockon+1"],"picked":"SKIP","floor":19},{"not_picked":["Barrage+1","Beam Cell+1","Hello World"],"picked":"SKIP","floor":20},{"not_picked":["Sunder+1","Steam","Gash+1"],"picked":"SKIP","floor":21}],"player_experience":123716,"relics_obtained":[{"floor":6,"key":"Shuriken"},{"floor":8,"key":"Dead Branch"},{"floor":9,"key":"Bottled Lightning"}],"event_choices":[{"damage_healed":0,"gold_gain":0,"cards_transformed":["Forethought"],"player_choice":"Transformed","damage_taken":0,"max_hp_gain":0,"max_hp_loss":0,"event_name":"Transmorgrifier","floor":3,"gold_loss":0,"cards_obtained":["Dark Shackles"]},{"damage_healed":0,"gold_gain":0,"player_choice":"Success","damage_taken":3,"relics_obtained":["Pear"],"max_hp_gain":0,"max_hp_loss":0,"event_name":"Scrap Ooze","floor":12,"gold_loss":0}],"is_beta":false,"boss_relics":[{"not_picked":["Calling Bell","Pandora\u0027s Box"],"picked":"SacredBark"}],"items_purged_floors":[0,10],"is_endless":false,"potions_floor_spawned":[4,6,11,13,14,21],"killed_by":"Cultist and Chosen","ascension_level":2}}