{"host":"s24sb66hw4a4sfft","time":1612405771,"event":{"mods":["AchievementEnabler","BaseMod","Colored Map","Colored Powertips","Googly Eyes","Hermit","Hubris","Minty Spire (QoL Compilation)","Quick Restart","Shop Mod","StSLib","The Poker Player"],"gold_per_floor":[117,117,133,133,133,133,173,21,67,87,126,126,88,116,116,222,222,250,275,284,304,326,326,362,237,237,41,41,41,41,75,75,185,185,199,106,126,37,60,60,71,71,71,97,126,126,137,154,154,154,154],"floor_reached":50,"language":"ENG","playtime":3200,"items_purged":["hermit:Strike_Hermit","hermit:NoHoldsBarred","hermit:BlackWind"],"score":645,"play_id":"810c38a6-6820-4cb3-b148-b4cede473bcb","local_time":"20210203212931","is_ascension_mode":false,"campfire_choices":[{"data":"hermit:Deadeye","floor":6.0,"key":"SMITH"},{"floor":15.0,"key":"REST"},{"floor":23.0,"key":"REST"},{"floor":30.0,"key":"REST"},{"floor":32.0,"key":"REST"},{"data":"hermit:GoldenBullet","floor":40.0,"key":"SMITH"},{"floor":42.0,"key":"REST"},{"floor":49,"key":"REST"}],"circlet_count":0,"master_deck":["hermit:Strike_Hermit","hermit:Strike_Hermit","hermit:Strike_Hermit","hermit:Defend_Hermit","hermit:Defend_Hermit","hermit:Defend_Hermit","hermit:Defend_Hermit","hermit:Snapshot","hermit:Covet","hermit:Deadeye+1","hermit:Shortfuse+1","hermit:Misfire","hermit:Coalescence","hermit:Maintenance","hermit:Ricochet","hermit:Quickdraw","hermit:GoldenBullet+1","hermit:Showdown","hermit:Maintenance+1","hermit:Brawl","hermit:TakeAim+1","hermit:HighNoon","hermit:EyeOfTheStorm","hermit:Quickdraw","hermit:ShadowCloak","hermit:DeadOrAlive"],"relics":["hermit:Momento","NeowsBlessing","HornCleat","CeramicFish","Matryoshka","Membership Card","Omamori","Vajra","Kunai","hubris:Towel","Calling Bell","hubris:SlimyHat","hubris:PeanutButter","Lizard Tail","Mummified Hand","HandDrill","PreservedInsect","hermit:Spyglass","hubris:SphereOfDissonance","Bag of Marbles","Gremlin Horn","Busted Crown","Bag of Preparation","Pear","Boot"],"acts_visited":["Exordium","TheCity","TheBeyond"],"potions_floor_usage":[50],"damage_taken":[{"damage":0.0,"enemies":"Cultist","floor":1.0,"turns":1.0},{"damage":0.0,"enemies":"Small Slimes","floor":3.0,"turns":1.0},{"damage":0.0,"enemies":"Lagavulin","floor":7.0,"turns":1.0},{"damage":5.0,"enemies":"2 Louse","floor":10.0,"turns":2.0},{"damage":30.0,"enemies":"Gremlin Nob","floor":11.0,"turns":4.0},{"damage":13.0,"enemies":"Exordium Wildlife","floor":14.0,"turns":3.0},{"damage":36.0,"enemies":"The Guardian","floor":16.0,"turns":12.0},{"damage":10.0,"enemies":"Shell Parasite","floor":18.0,"turns":6.0},{"damage":14.0,"enemies":"Spheric Guardian","floor":19.0,"turns":6.0},{"damage":7.0,"enemies":"Centurion and Healer","floor":21.0,"turns":6.0},{"damage":14.0,"enemies":"3 Cultists","floor":22.0,"turns":7.0},{"damage":44.0,"enemies":"Gremlin Leader","floor":24.0,"turns":8.0},{"damage":29.0,"enemies":"Book of Stabbing","floor":31.0,"turns":5.0},{"damage":89.0,"enemies":"hubris:MusketHawk","floor":33.0,"turns":10.0},{"damage":6.0,"enemies":"3 Darklings","floor":35.0,"turns":4.0},{"damage":25.0,"enemies":"3 Shapes","floor":37.0,"turns":4.0},{"damage":13.0,"enemies":"Jaw Worm Horde","floor":39.0,"turns":5.0},{"damage":26.0,"enemies":"Spire Growth","floor":41.0,"turns":4.0},{"damage":10.0,"enemies":"4 Shapes","floor":44.0,"turns":5.0},{"damage":0.0,"enemies":"Nemesis","floor":45.0,"turns":5.0},{"damage":7,"enemies":"Writhing Mass","floor":47,"turns":5},{"damage":2,"enemies":"3 Darklings","floor":48,"turns":6},{"damage":58,"enemies":"Awakened One","floor":50,"turns":4}],"seed_played":"2628369718003822259","potions_obtained":[{"floor":1.0,"key":"Swift Potion"},{"floor":7.0,"key":"LiquidMemories"},{"floor":14.0,"key":"Dexterity Potion"},{"floor":18.0,"key":"SteroidPotion"},{"floor":21.0,"key":"Explosive Potion"},{"floor":35.0,"key":"Fruit Juice"},{"floor":45.0,"key":"hermit:Tonic"}],"is_trial":false,"path_per_floor":["M","T","M","?","?","R","E","$","T","M","E","?","$","M","R","B",null,"M","M","?","M","M","R","E","$","T","$","?","$","R","E","R","B",null,"M","$","M","$","M","R","M","R","T","M","E","?","M","M","R","B"],"character_chosen":"HERMIT","items_purchased":["Membership Card","hermit:Coalescence","HandDrill","hubris:SphereOfDissonance","Bag of Marbles","hermit:EyeOfTheStorm","Bag of Preparation","hermit:Quickdraw"],"campfire_rested":6,"item_purchase_floors":[8,8,25,27,27,36,38,38],"current_hp_per_floor":[75,75,75,72,72,72,72,72,72,67,37,37,37,24,46,10,75,65,51,51,44,30,52,8,8,8,8,8,8,30,1,23,2,75,69,74,49,49,36,36,10,34,44,34,34,34,27,25,52,0,0],"gold":154,"neow_bonus":"THREE_ENEMY_KILL","is_daily":false,"chose_seed":false,"campfire_upgraded":2,"win_rate":0.0,"timestamp":1612405771,"path_taken":["M","?","M","?","?","R","E","$","T","M","E","?","$","M","R","BOSS","M","M","?","M","?","R","E","?","T","$","?","$","R","E","R","BOSS","M","$","M","$","?","R","M","R","T","?","E","?","?","M","R","BOSS"],"items_purchased_type":["Relic","Card","Relic","Relic","Relic","Card","Relic","Card"],"build_version":"2020-12-22","purchased_purges":3,"victory":false,"max_hp_per_floor":[75,75,75,75,75,75,75,75,75,75,75,75,75,75,75,75,75,75,75,75,75,75,75,75,75,75,75,75,75,75,75,75,75,75,75,80,80,80,80,80,80,80,90,90,90,90,90,90,90,90,90],"card_choices":[{"not_picked":["hermit:Dive","hermit:Headshot"],"picked":"hermit:Deadeye","floor":1.0},{"not_picked":["hermit:HoleUp","hermit:Coalescence"],"picked":"hermit:Shortfuse","floor":3.0},{"not_picked":["hermit:Cheat","hermit:Vantage"],"picked":"hermit:Misfire","floor":7.0},{"not_picked":["hermit:LuckOfTheDraw","hermit:Coalescence"],"picked":"hermit:Maintenance","floor":10.0},{"not_picked":["hermit:NoHoldsBarred","hermit:Shortfuse","hermit:Cheat"],"picked":"SKIP","floor":11.0},{"not_picked":["hermit:Shortfuse","hermit:Cheat"],"picked":"hermit:NoHoldsBarred","floor":11.0},{"not_picked":["hermit:ShadowCloak","hermit:Snipe"],"picked":"hermit:Ricochet","floor":14.0},{"not_picked":["hermit:Dissolve","hermit:FinalCanter"],"picked":"hermit:BlackWind","floor":16.0},{"not_picked":["hermit:Glare","hermit:TrackingShot"],"picked":"hermit:Quickdraw","floor":18.0},{"not_picked":["hermit:Malice","hermit:Glare"],"picked":"hermit:GoldenBullet","floor":19.0},{"not_picked":["hermit:Roughhouse","hermit:Grudge"],"picked":"hermit:Maintenance+1","floor":21.0},{"not_picked":["hermit:TakeCover","hermit:Manifest"],"picked":"hermit:Brawl","floor":22.0},{"not_picked":["hermit:FlashPowder","hermit:LuckOfTheDraw"],"picked":"hermit:TakeAim","floor":24.0},{"not_picked":["hermit:Ricochet+1","hermit:ShadowCloak","hermit:Misfire+1"],"picked":"SKIP","floor":31.0},{"not_picked":["hermit:EternalForm","hermit:RoundhouseKick"],"picked":"hermit:HighNoon","floor":33.0},{"not_picked":["hermit:SprayPray"],"picked":"SKIP","floor":35.0},{"not_picked":["hermit:Snipe"],"picked":"SKIP","floor":37.0},{"not_picked":[],"picked":"hermit:ShadowCloak","floor":39.0},{"not_picked":["hermit:Ricochet+1"],"picked":"SKIP","floor":41.0},{"not_picked":[],"picked":"hermit:DeadOrAlive","floor":44.0},{"not_picked":["hermit:Roulette+1"],"picked":"SKIP","floor":45.0},{"not_picked":["hermit:Roulette"],"picked":"SKIP","floor":47},{"not_picked":["hermit:Cheat"],"picked":"SKIP","floor":48}],"player_experience":570528,"relics_obtained":[{"floor":2.0,"key":"HornCleat"},{"floor":7.0,"key":"Matryoshka"},{"floor":9.0,"key":"Omamori"},{"floor":9.0,"key":"Vajra"},{"floor":11.0,"key":"Kunai"},{"floor":17.0,"key":"hubris:SlimyHat"},{"floor":17.0,"key":"hubris:PeanutButter"},{"floor":17.0,"key":"Lizard Tail"},{"floor":24.0,"key":"Mummified Hand"},{"floor":26.0,"key":"PreservedInsect"},{"floor":26.0,"key":"hermit:Spyglass"},{"floor":31.0,"key":"Gremlin Horn"},{"floor":43.0,"key":"Pear"},{"floor":45.0,"key":"Boot"}],"event_choices":[{"damage_healed":0.0,"max_hp_gain":0.0,"max_hp_loss":0.0,"gold_gain":0.0,"event_name":"Scrap Ooze","player_choice":"Success","floor":4.0,"gold_loss":0.0,"damage_taken":3.0,"relics_obtained":["CeramicFish"]},{"damage_healed":0.0,"max_hp_gain":0.0,"max_hp_loss":0.0,"gold_gain":0.0,"event_name":"Living Wall","player_choice":"Grow","floor":5.0,"gold_loss":0.0,"damage_taken":0.0,"cards_upgraded":["hermit:Shortfuse"]},{"damage_healed":0.0,"max_hp_gain":0.0,"max_hp_loss":0.0,"gold_gain":0.0,"event_name":"The Library","player_choice":"Read","floor":20.0,"gold_loss":0.0,"damage_taken":0.0,"cards_obtained":["hermit:Showdown"]},{"damage_healed":0.0,"max_hp_gain":0.0,"max_hp_loss":0.0,"gold_gain":0.0,"event_name":"Upgrade Shrine","player_choice":"Upgraded","floor":46.0,"gold_loss":0.0,"damage_taken":0.0,"cards_upgraded":["hermit:TakeAim"]}],"is_beta":false,"boss_relics":[{"not_picked":["hubris:VirtuousBlindfold","Coffee Dripper"],"picked":"Calling Bell"},{"not_picked":["Fusion Hammer","hubris:CrackedHourglass"],"picked":"Busted Crown"}],"items_purged_floors":[13,25,36],"is_endless":false,"potions_floor_spawned":[1,7,14,18,21,22,35,45],"killed_by":"Awakened One","ascension_level":0}}