{"host":"w8xisjf5mgmfjvmt","time":1612411312,"event":{"mods":["BaseMod","BetterRewards","Challenge The Spire","Conspire","Energized Spire","Filter the Spire","Minty Spire (QoL Compilation)","Quarter Circle Forward PUNCH!","Quick Restart","Relic Filter Mod","Relic Stats","Reliquary","Replay The Spire","Shop Mod","Spicy Shops","StSLib","¡¾ÒÅÎï¿¨ÅÆ¡¿REMEMod","óô»ðÖ¸ÄÏ"],"gold_per_floor":[115,132,148,148,164,164,164],"floor_reached":6,"language":"ZHS","playtime":198,"items_purged":[],"score":76,"play_id":"da525d8f-80f5-4571-ad9f-5f08eb63e5eb","local_time":"20210204120152","is_ascension_mode":true,"campfire_choices":[],"circlet_count":0,"master_deck":["AscendersBane","Strike_G","Strike_G","Strike_G","Defend_G","Defend_G","Survivor","Neutralize","conspire:Purge","Leg Sweep","Heel Hook","Skewer","Envenom","Dagger Spray"],"relics":["Ring of the Snake","REME_ComplimentaryCards","Tough Bandages"],"acts_visited":["Exordium"],"potions_floor_usage":[6],"damage_taken":[{"damage":12,"enemies":"Cultist","floor":1,"turns":5},{"damage":7,"enemies":"2 Louse","floor":2,"turns":4},{"damage":5,"enemies":"Small Slimes","floor":3,"turns":4},{"damage":3,"enemies":"Looter","floor":5,"turns":4},{"damage":13,"enemies":"Gremlin Nob","floor":6,"turns":3}],"seed_played":"8366349916107477301","potions_obtained":[{"floor":2,"key":"PowerPotion"}],"is_trial":false,"path_per_floor":["M","M","M","?","M","E"],"character_chosen":"THE_SILENT","items_purchased":[],"campfire_rested":0,"item_purchase_floors":[],"current_hp_per_floor":[47,40,35,35,32,19,19],"gold":164,"neow_bonus":"ONE_RARE_RELIC","is_daily":false,"chose_seed":false,"campfire_upgraded":0,"win_rate":0.0,"timestamp":1612411312,"path_taken":["M","?","M","?","?","E"],"items_purchased_type":[],"build_version":"2020-12-22","purchased_purges":0,"victory":false,"max_hp_per_floor":[60,60,60,60,60,60,60],"relic_stats":{"Tough Bandages":[9],"counters":[5,20],"obtain_stats":[{"Tough Bandages":0,"Ring of the Snake":0,"REME_ComplimentaryCards":0},{"Tough Bandages":0,"Ring of the Snake":0,"REME_ComplimentaryCards":0},{"Tough Bandages":0,"Ring of the Snake":0,"REME_ComplimentaryCards":0}],"Ring of the Snake":[10]},"card_choices":[{"not_picked":["Cloak And Dagger","Outmaneuver"],"picked":"Leg Sweep","floor":1},{"not_picked":["Tactician","Flying Knee"],"picked":"Heel Hook","floor":2},{"not_picked":["ReplayTheSpireMod:Exploit Weakness","Terror"],"picked":"Skewer","floor":3},{"not_picked":["Catalyst","Deflect"],"picked":"Dagger Spray","floor":5}],"player_experience":1266037,"relics_obtained":[],"event_choices":[{"damage_healed":0,"gold_gain":0,"cards_transformed":["Strike_G"],"player_choice":"Transformed","damage_taken":0,"max_hp_gain":0,"max_hp_loss":0,"event_name":"Transmorgrifier","floor":4,"gold_loss":0,"cards_obtained":["Envenom"]}],"is_beta":false,"boss_relics":[],"items_purged_floors":[],"is_endless":false,"potions_floor_spawned":[2],"killed_by":"Gremlin Nob","ascension_level":20}}