{"host":"lnnm69al9x392px5","time":1612467633,"event":{"mods":["BaseMod","Downfall","Hermit","Minty Spire (QoL Compilation)","Replay The Spire","StSLib","The Cursed"],"gold_per_floor":[99,112,122,141,153,153,153,173,173,207,217,231,247,263,281,281,281,281],"floor_reached":16,"language":"ENG","playtime":600,"items_purged":[],"score":121,"play_id":"ae3ff3d7-fab8-4ae0-a51d-1a4c44c05714","local_time":"20210204114033","is_ascension_mode":true,"campfire_choices":[{"data":"Slimebound:SlimeBarrage","floor":1,"key":"SMITH"}],"circlet_count":0,"master_deck":["Slimebound:Strike_Slimebound","Slimebound:Strike_Slimebound","Slimebound:Tackle","Slimebound:Defend_Slimebound","Slimebound:Defend_Slimebound","Slimebound:Defend_Slimebound","Slimebound:Defend_Slimebound","Slimebound:Split","Slimebound:CorrosiveSpit","Slimebound:SlimeBarrage+1","Slimebound:SplitLeeching","Slimebound:ComboTackle","Slimebound:RollThrough","Slimebound:SplitLeeching","Clumsy","CommonCold","Slimebound:CheckThePlaybook","Slimebound:SelfFormingGoo","Slimebound:Equalize","Slimebound:SlimeBrawl","Slimebound:SplitBruiser","Slimebound:Darklings"],"relics":["Slimebound:AbsorbEndCombat","downfall:ExtraCursedKey","Counterbalance","Pear"],"acts_visited":["Exordium"],"potions_floor_usage":[15,16],"damage_taken":[{"damage":6,"enemies":"Jaw Worm","floor":2,"turns":4},{"damage":5,"enemies":"2 Louse","floor":3,"turns":3},{"damage":3,"enemies":"Cultist","floor":4,"turns":3},{"damage":13,"enemies":"Gremlin Gang","floor":5,"turns":5},{"damage":11,"enemies":"3 Louse","floor":8,"turns":3},{"damage":9,"enemies":"Gremlin Nob","floor":10,"turns":3},{"damage":6,"enemies":"Exordium Thugs","floor":11,"turns":2},{"damage":3,"enemies":"2 Fungi Beasts","floor":12,"turns":2},{"damage":0,"enemies":"Large Slime","floor":13,"turns":2},{"damage":15,"enemies":"3 Louse","floor":14,"turns":2},{"damage":14,"enemies":"2 Fungi Beasts","floor":15,"turns":3},{"damage":15,"enemies":"IC_STATUS_ARCHETYPE","floor":16,"turns":2}],"seed_played":"8910016332507454001","potions_obtained":[{"floor":3,"key":"Languid Potion"},{"floor":8,"key":"champ:CounterPotion"},{"floor":10,"key":"Reflective Coating"},{"floor":15,"key":"LiquidBronze"}],"is_trial":false,"path_per_floor":["R","M","M","M","M","?","T","M","?","E","M","M","M","M","M","B"],"character_chosen":"SLIMEBOUND","items_purchased":[],"campfire_rested":0,"item_purchase_floors":[],"current_hp_per_floor":[65,61,58,57,48,48,48,39,39,40,34,31,31,16,4,0,0,0],"gold":281,"neow_bonus":"TRANSFORM_CARD","is_daily":false,"chose_seed":false,"campfire_upgraded":1,"win_rate":0.0,"timestamp":1612467633,"path_taken":["R","M","M","M","M","?","T","M","?","E","M","M","?","M","M","BOSS"],"items_purchased_type":[],"build_version":"2020-12-22","purchased_purges":0,"victory":false,"max_hp_per_floor":[65,65,65,65,65,65,65,65,65,75,75,75,75,75,75,75,75,75],"card_choices":[{"not_picked":["Slimebound:SlimeSpikes","Slimebound:SplitMire"],"picked":"Slimebound:SplitLeeching","floor":2},{"not_picked":["Slimebound:ProtectTheBoss","Slimebound:SplitMire"],"picked":"Slimebound:ComboTackle","floor":3},{"not_picked":["Slimebound:Equalize","Slimebound:Schlurp"],"picked":"Slimebound:RollThrough","floor":4},{"not_picked":["Slimebound:Recollect","Slimebound:SpikyOuterGoop"],"picked":"Slimebound:SplitLeeching","floor":5},{"not_picked":["Slimebound:GoopTackle","Slimebound:SlimeSpikes"],"picked":"Slimebound:CheckThePlaybook","floor":8},{"not_picked":["Slimebound:ItLooksTasty","Slimebound:Prepare","Slimebound:LivingWall"],"picked":"SKIP","floor":10},{"not_picked":["Slimebound:ViciousTackle","Slimebound:SlimeSpikes"],"picked":"Slimebound:SelfFormingGoo","floor":11},{"not_picked":["Slimebound:BestDefense","Slimebound:LeechEnergy"],"picked":"Slimebound:Equalize","floor":12},{"not_picked":["Slimebound:SamplingLick","Slimebound:SlimeSpikes"],"picked":"Slimebound:SlimeBrawl","floor":13},{"not_picked":["Slimebound:SplitMire","Slimebound:Schlurp"],"picked":"Slimebound:SplitBruiser","floor":14},{"not_picked":["Slimebound:RollThrough","Slimebound:ComboTackle"],"picked":"Slimebound:Darklings","floor":15}],"player_experience":357649,"relics_obtained":[{"floor":7,"key":"Counterbalance"},{"floor":10,"key":"Pear"}],"event_choices":[],"is_beta":false,"boss_relics":[],"items_purged_floors":[],"is_endless":false,"potions_floor_spawned":[3,8,10,13,14,15],"killed_by":"IC_STATUS_ARCHETYPE","ascension_level":2}}