{"host":"5w7hw1ne5h7avrl9","time":1612412205,"event":{"mods":["AchievementEnabler","BaseMod","Colored Map","Colored Powertips","Displayed Cursed Tome","Googly Eyes","Minty Spire (QoL Compilation)","SuperFastMode"],"gold_per_floor":[110,10,22,36,52,52,52,62,109,109,109,125,136,136,136,136,136],"floor_reached":16,"language":"ENG","playtime":687,"items_purged":["Zap"],"score":103,"play_id":"836333b8-17a7-424c-81fc-a94f237e0c3e","local_time":"20210203201645","is_ascension_mode":true,"campfire_choices":[{"floor":6,"key":"REST"},{"data":"Capacitor","floor":10,"key":"SMITH"},{"floor":15,"key":"REST"}],"circlet_count":0,"master_deck":["Strike_B","Strike_B","Strike_B","Strike_B","Defend_B","Defend_B","Defend_B","Defend_B","Dualcast","Blizzard","Coolheaded","Tempest","Blizzard","Cold Snap","Capacitor+1","Aggregate","Conserve Battery"],"relics":["Black Star","Ancient Tea Set","Singing Bowl","CultistMask"],"acts_visited":["Exordium"],"potions_floor_usage":[5,5],"damage_taken":[{"damage":1,"enemies":"Cultist","floor":1,"turns":3},{"damage":7,"enemies":"2 Louse","floor":3,"turns":4},{"damage":10,"enemies":"Small Slimes","floor":4,"turns":5},{"damage":42,"enemies":"Gremlin Gang","floor":5,"turns":5},{"damage":5,"enemies":"Red Slaver","floor":8,"turns":6},{"damage":17,"enemies":"Exordium Wildlife","floor":12,"turns":6},{"damage":9,"enemies":"Looter","floor":13,"turns":5},{"damage":33,"enemies":"The Guardian","floor":16,"turns":4}],"seed_played":"-8661687076185145238","potions_obtained":[{"floor":1,"key":"ColorlessPotion"},{"floor":4,"key":"BlessingOfTheForge"}],"is_trial":false,"path_per_floor":["M","$","M","M","M","R","?","M","T","R","?","M","M","?","R","B"],"character_chosen":"DEFECT","items_purchased":["Coolheaded"],"campfire_rested":2,"item_purchase_floors":[2],"current_hp_per_floor":[74,74,67,57,15,37,37,32,32,32,32,15,6,6,28,0,0],"gold":136,"neow_bonus":"BOSS_RELIC","is_daily":false,"chose_seed":false,"campfire_upgraded":1,"win_rate":0.0,"timestamp":1612412205,"path_taken":["M","$","?","M","M","R","?","M","T","R","?","?","M","?","R","BOSS"],"items_purchased_type":["Card"],"build_version":"2020-12-22","purchased_purges":1,"victory":false,"max_hp_per_floor":[75,75,75,75,75,75,75,75,75,75,75,75,75,75,75,75,75],"card_choices":[{"not_picked":["Gash","Hologram"],"picked":"Blizzard","floor":1},{"not_picked":["Leap","Double Energy"],"picked":"Tempest","floor":3},{"not_picked":["Compile Driver","White Noise"],"picked":"Blizzard","floor":4},{"not_picked":["Streamline","Steam"],"picked":"Cold Snap","floor":5},{"not_picked":["Rebound","Go for the Eyes"],"picked":"Capacitor","floor":8},{"not_picked":["Storm","Thunder Strike"],"picked":"Aggregate","floor":12},{"not_picked":["Stack","Coolheaded"],"picked":"Conserve Battery","floor":13}],"player_experience":180433,"relics_obtained":[{"floor":9,"key":"Ancient Tea Set"},{"floor":11,"key":"Singing Bowl"}],"event_choices":[{"damage_healed":0,"gold_gain":0,"player_choice":"Ignored","damage_taken":0,"max_hp_gain":0,"max_hp_loss":0,"event_name":"Liars Game","floor":7,"gold_loss":0},{"damage_healed":0,"gold_gain":0,"player_choice":"Relic","damage_taken":0,"max_hp_gain":0,"max_hp_loss":0,"event_name":"Wheel of Change","floor":11,"gold_loss":0},{"damage_healed":0,"gold_gain":0,"player_choice":"Trade","damage_taken":0,"relics_obtained":["CultistMask"],"max_hp_gain":0,"max_hp_loss":0,"event_name":"FaceTrader","floor":14,"gold_loss":0}],"is_beta":false,"boss_relics":[],"items_purged_floors":[2],"is_endless":false,"potions_floor_spawned":[1,4],"killed_by":"The Guardian","ascension_level":2}}