{"host":"aas8f8jvicx6tcxp","time":1612412922,"event":{"mods":["BaseMod","Better Third Choice","BetterRewards","Clockwork Mod","Downfall","Minty Spire (QoL Compilation)","Shop Mod","StSLib","The Cursed"],"gold_per_floor":[114,134,154,76,128,159,174,174,199,219,236,93,93,93,93,93,93],"floor_reached":16,"language":"ENG","playtime":936,"items_purged":[],"score":107,"play_id":"23e4ed2f-f7f0-4b7b-87fe-a769b7564e99","local_time":"20210203222842","is_ascension_mode":true,"campfire_choices":[{"floor":8,"key":"REST"},{"floor":13,"key":"REST"},{"floor":15,"key":"REST"}],"circlet_count":0,"master_deck":["Strike_R","Strike_R","Strike_R","Strike_R","Strike_R","Defend_R","Defend_R","Defend_R","Defend_R","Bash","Shame","Berserk","Twin Strike","Searing Blow","Metallicize","Whirlwind","Iron Wave","Spot Weakness","Armaments","Entrench","Clash","Dropkick","Pommel Strike"],"relics":["Burning Blood","Bag of Preparation","Orrery"],"acts_visited":["Exordium"],"potions_floor_usage":[16,16],"damage_taken":[{"damage":9,"enemies":"2 Louse","floor":1,"turns":4},{"damage":10,"enemies":"Small Slimes","floor":2,"turns":3},{"damage":9,"enemies":"Cultist","floor":3,"turns":3},{"damage":61,"enemies":"Lagavulin","floor":6,"turns":7},{"damage":14,"enemies":"Blue Slaver","floor":7,"turns":5},{"damage":14,"enemies":"Looter","floor":10,"turns":4},{"damage":15,"enemies":"Gremlin Gang","floor":11,"turns":3},{"damage":63,"enemies":"The Guardian","floor":16,"turns":6}],"seed_played":"-2177480890802103273","potions_obtained":[{"floor":6,"key":"Swift Potion"},{"floor":10,"key":"Swift Potion"},{"floor":11,"key":"SmokeBomb"}],"is_trial":false,"path_per_floor":["M","M","M","$","?","E","M","R","T","M","M","$","R","?","R","B"],"character_chosen":"IRONCLAD","items_purchased":["Metallicize","Orrery"],"campfire_rested":3,"item_purchase_floors":[4,12],"current_hp_per_floor":[77,73,70,70,70,15,7,31,31,23,14,14,38,38,62,0,0],"gold":93,"neow_bonus":"THREE_RARE_CARDS","is_daily":false,"chose_seed":false,"campfire_upgraded":0,"win_rate":0.0,"timestamp":1612412922,"path_taken":["M","M","M","$","?","E","M","R","T","M","M","$","R","?","R","BOSS"],"items_purchased_type":["Card","Relic"],"build_version":"2020-12-22","purchased_purges":0,"victory":false,"max_hp_per_floor":[80,80,80,80,80,80,80,80,80,80,80,80,80,80,80,80,80],"card_choices":[{"not_picked":["Exhume","Offering"],"picked":"Berserk","floor":0},{"not_picked":["Warcry","Sever Soul"],"picked":"Twin Strike","floor":1},{"not_picked":["Second Wind","Sentinel","Body Slam"],"picked":"SKIP","floor":2},{"not_picked":["Dark Embrace","Uppercut"],"picked":"Searing Blow","floor":3},{"not_picked":["Bloodletting","Rage","Wild Strike"],"picked":"SKIP","floor":6},{"not_picked":["Sever Soul","Cleave"],"picked":"Whirlwind","floor":7},{"not_picked":["Warcry","Uppercut"],"picked":"Iron Wave","floor":10},{"not_picked":["Clash","Anger"],"picked":"Spot Weakness","floor":11},{"not_picked":["Rupture","Flame Barrier"],"picked":"Armaments","floor":12},{"not_picked":["Thunderclap","Heavy Blade"],"picked":"Entrench","floor":12},{"not_picked":["Shrug It Off","Cleave"],"picked":"Clash","floor":12},{"not_picked":["Hemokinesis","Shockwave"],"picked":"Dropkick","floor":12},{"not_picked":["Wild Strike","Whirlwind"],"picked":"Pommel Strike","floor":12}],"player_experience":360873,"relics_obtained":[{"floor":6,"key":"Bag of Preparation"}],"event_choices":[{"damage_healed":0,"gold_gain":52,"player_choice":"Gained Gold","damage_taken":0,"max_hp_gain":0,"max_hp_loss":0,"event_name":"Golden Wing","floor":5,"gold_loss":0},{"damage_healed":0,"gold_gain":0,"player_choice":"Searched \u00271\u0027 times","damage_taken":0,"max_hp_gain":0,"max_hp_loss":0,"event_name":"Dead Adventurer","floor":14,"gold_loss":0}],"is_beta":false,"boss_relics":[],"items_purged_floors":[],"is_endless":false,"potions_floor_spawned":[6,10,11],"killed_by":"The Guardian","ascension_level":1}}