{"host":"mai03x2ekbjy4059","time":1612465309,"event":{"mods":["2.2 Compatiblity","BaseMod","Colored Map","DeckTracker","Keyboard Shortcuts","Minty Spire (QoL Compilation)","Permanent Neow","Quick Restart","SuperFastMode","everything is the same but u backflip on backflip"],"gold_per_floor":[20,20,95,111,132,163,163,199,199,199,199],"floor_reached":10,"language":"KOR","playtime":236,"items_purged":[],"score":80,"play_id":"41ff542b-b912-456b-b13f-c5cee77eeb5e","local_time":"20210205040149","is_ascension_mode":true,"campfire_choices":[{"data":"Caltrops","floor":7.0,"key":"SMITH"}],"circlet_count":0,"master_deck":["Strike_G","Strike_G","Strike_G","Strike_G","Strike_G","Defend_G","Defend_G","Defend_G","Defend_G","Defend_G","Survivor","Neutralize","Caltrops+1","Backflip"],"relics":["Ring of the Snake","The Specimen","Golden Idol","Paper Crane","Juzu Bracelet"],"acts_visited":["Exordium"],"potions_floor_usage":[8,10],"damage_taken":[{"damage":0.0,"enemies":"Small Slimes","floor":1.0,"turns":4.0},{"damage":0.0,"enemies":"Cultist","floor":4.0,"turns":4.0},{"damage":0.0,"enemies":"2 Louse","floor":5.0,"turns":3.0},{"damage":23.0,"enemies":"Gremlin Nob","floor":6.0,"turns":6.0},{"damage":22,"enemies":"3 Sentries","floor":8,"turns":9},{"damage":0,"enemies":"Gremlin Nob","floor":10,"turns":1}],"seed_played":"8859624510894006623","potions_obtained":[{"floor":4.0,"key":"GhostInAJar"},{"floor":5.0,"key":"GamblersBrew"},{"floor":8,"key":"Swift Potion"}],"is_trial":false,"path_per_floor":["M","?","?","M","M","E","R","E","T","E"],"character_chosen":"THE_SILENT","items_purchased":[],"campfire_rested":0,"item_purchase_floors":[],"current_hp_per_floor":[70,53,46,46,46,23,23,1,1,1,1],"gold":199,"neow_bonus":"ONE_RARE_RELIC","is_daily":false,"chose_seed":false,"campfire_upgraded":1,"win_rate":0.0,"timestamp":1612465309,"path_taken":["M","?","?","?","M","E","R","E","T","E"],"items_purchased_type":[],"build_version":"2020-12-22","purchased_purges":0,"victory":false,"max_hp_per_floor":[70,70,70,70,70,70,70,70,70,70,70],"card_choices":[{"not_picked":["Bane","Backflip","Prepared"],"picked":"SKIP","floor":1.0},{"not_picked":["Backflip","All Out Attack","Concentrate"],"picked":"SKIP","floor":4.0},{"not_picked":["Dagger Spray","PiercingWail"],"picked":"Caltrops","floor":5.0},{"not_picked":["Quick Slash","Setup","Cloak And Dagger"],"picked":"SKIP","floor":6.0},{"not_picked":["Bane","PiercingWail"],"picked":"Backflip","floor":8}],"player_experience":1170325,"relics_obtained":[{"floor":6.0,"key":"Paper Crane"},{"floor":8,"key":"Juzu Bracelet"}],"event_choices":[{"damage_healed":0.0,"max_hp_gain":0.0,"max_hp_loss":0.0,"gold_gain":0.0,"event_name":"Golden Idol","player_choice":"Take Damage","floor":2.0,"gold_loss":0.0,"damage_taken":17.0,"relics_obtained":["Golden Idol"]},{"damage_healed":0.0,"max_hp_gain":0.0,"max_hp_loss":0.0,"gold_gain":75.0,"event_name":"FaceTrader","player_choice":"Touch","floor":3.0,"gold_loss":0.0,"damage_taken":7.0}],"is_beta":false,"boss_relics":[],"items_purged_floors":[],"is_endless":false,"potions_floor_spawned":[4,5,8],"killed_by":"Gremlin Nob","ascension_level":1}}