{"host":"onfdonezo2qmaex3","time":1612440965,"event":{"mods":["2.2 Compatiblity","AchievementEnabler","Aspiration","BaseMod","Colored Powertips","Downfall","Friendly Minions","Hermit","Highlight Path","Jorbs\u0027s Wanderer Trilogy","Marisa????????","Marked Mod","Minty Spire (QoL Compilation)","Quick Restart","Reliquary","Shop Mod","StSLib","The Disciple","The Hayseed","The Marked","The Runesmith"],"gold_per_floor":[99,118,133,143,153,153,222,241,274,174,192,202,102,102,120,120,120,120],"floor_reached":16,"language":"ENG","playtime":1415,"items_purged":[],"score":106,"play_id":"022a6276-68a3-4bfd-8eec-4f72374d5d03","local_time":"20210204131605","is_ascension_mode":false,"campfire_choices":[{"data":"champ:Taunt","floor":1,"key":"SMITH"},{"floor":10,"key":"RECALL"},{"data":"champ:CalledShot","floor":13,"key":"SMITH"}],"circlet_count":0,"master_deck":["champ:Strike","champ:Strike","champ:Strike","champ:Strike","champ:Defend","champ:Defend","champ:Defend","champ:Defend","champ:Execute","champ:Taunt+1","champ:ViciousMockery","champ:FlashCut","champ:PreciseThrust","champ:GutPunch","champ:CalledShot+1","champ:Shatter","champ:Circumvent"],"relics":["champ:ChampionCrown","aspiration:BabyByrd","reliquary:BoilingFlask","reliquary:PrincelyHelmet","downfall:HeartBlessingGreen","downfall:HeartBlessingRed"],"acts_visited":["Exordium"],"potions_floor_usage":[],"damage_taken":[{"damage":21,"enemies":"Cultist","floor":2,"turns":4},{"damage":10,"enemies":"2 Louse","floor":3,"turns":4},{"damage":1,"enemies":"Jaw Worm","floor":4,"turns":5},{"damage":29,"enemies":"Exordium Wildlife","floor":5,"turns":6},{"damage":11,"enemies":"Blue Slaver","floor":8,"turns":4},{"damage":43,"enemies":"Gremlin Nob","floor":9,"turns":5},{"damage":24,"enemies":"Gremlin Gang","floor":11,"turns":3},{"damage":13,"enemies":"Lots of Slimes","floor":12,"turns":4},{"damage":14,"enemies":"Exordium Thugs","floor":15,"turns":5},{"damage":59,"enemies":"WA_ARCHETYPE_RETAIN","floor":16,"turns":6}],"seed_played":"-2439473934590736531","potions_obtained":[{"floor":4,"key":"BlessingOfTheForge"},{"floor":9,"key":"Fire Potion"},{"floor":12,"key":"GamblersBrew"}],"is_trial":false,"path_per_floor":["R","M","M","M","M","?","T","M","E","R","M","M","R","?","M","B"],"character_chosen":"THE_CHAMP","items_purchased":[],"campfire_rested":0,"item_purchase_floors":[],"current_hp_per_floor":[99,98,98,97,88,88,88,77,49,49,45,42,42,42,38,0,0,0],"gold":120,"neow_bonus":"TEN_PERCENT_HP_BONUS","is_daily":false,"chose_seed":false,"campfire_upgraded":2,"win_rate":0.0,"timestamp":1612440965,"path_taken":["R","M","M","M","M","?","T","M","E","R","M","M","R","?","M","BOSS"],"items_purchased_type":[],"build_version":"2020-12-22","purchased_purges":0,"victory":false,"max_hp_per_floor":[99,99,99,99,99,99,99,99,99,99,99,99,99,99,99,99,99,99],"card_choices":[{"not_picked":["champ:ShieldSigil","champ:Circumvent"],"picked":"champ:ViciousMockery","floor":2},{"not_picked":["champ:CrownThrow","champ:Haymaker","champ:SkillfulDodge"],"picked":"SKIP","floor":3},{"not_picked":["champ:CrownThrow","champ:BladeFlurry"],"picked":"champ:FlashCut","floor":4},{"not_picked":["champ:Encircle","champ:EnGarde"],"picked":"champ:PreciseThrust","floor":5},{"not_picked":["champ:RisingSlash","champ:FocusedBerserking"],"picked":"champ:GutPunch","floor":8},{"not_picked":["champ:EnGarde","champ:SkillfulDodge","champ:BladeFlurry"],"picked":"SKIP","floor":9},{"not_picked":["champ:TornadoPunch","champ:GladiatorStyle"],"picked":"champ:CalledShot","floor":11},{"not_picked":["champ:CalledShot","champ:EnragedBash"],"picked":"champ:Shatter","floor":12},{"not_picked":["champ:FocusedDefense","champ:GladiatorStyle"],"picked":"champ:Circumvent","floor":15}],"player_experience":159655,"relics_obtained":[{"floor":7,"key":"reliquary:BoilingFlask"},{"floor":9,"key":"reliquary:PrincelyHelmet"}],"event_choices":[],"is_beta":false,"boss_relics":[],"items_purged_floors":[],"is_endless":false,"potions_floor_spawned":[4,9,12,15],"killed_by":"WA_ARCHETYPE_RETAIN","ascension_level":0}}