{"host":"qrt7o4dq2qslzw13","time":1612447496,"event":{"mods":["AchievementEnabler","BaseMod","Colored Map","Colored Powertips","Minty Spire (QoL Compilation)","Quick Restart","StSLib","SuperFastMode"],"gold_per_floor":[113,83,94,104,104,104,104],"floor_reached":6,"language":"ENG","playtime":115,"items_purged":[],"score":58,"play_id":"cb9ed8ed-276f-4442-8de1-c6b3692cf4d1","local_time":"20210204090456","is_ascension_mode":true,"campfire_choices":[],"circlet_count":0,"master_deck":["AscendersBane","Strike_G","Strike_G","Strike_G","Strike_G","Strike_G","Defend_G","Defend_G","Defend_G","Defend_G","Defend_G","Survivor","Neutralize","Grand Finale","Prepared","Choke+1","Prepared"],"relics":["Ring of the Snake"],"acts_visited":["Exordium"],"potions_floor_usage":[6,6],"damage_taken":[{"damage":13,"enemies":"Small Slimes","floor":1,"turns":5},{"damage":6,"enemies":"Cultist","floor":3,"turns":5},{"damage":12,"enemies":"Jaw Worm","floor":4,"turns":5},{"damage":13,"enemies":"Gremlin Nob","floor":6,"turns":4}],"seed_played":"5267570304344079625","potions_obtained":[{"floor":2,"key":"EssenceOfSteel"},{"floor":2,"key":"FearPotion"}],"is_trial":false,"path_per_floor":["M","?","M","M","?","E"],"character_chosen":"THE_SILENT","items_purchased":[],"campfire_rested":0,"item_purchase_floors":[],"current_hp_per_floor":[32,32,26,14,14,1,1],"gold":104,"neow_bonus":"THREE_RARE_CARDS","is_daily":false,"chose_seed":false,"campfire_upgraded":0,"win_rate":0.0,"timestamp":1612447496,"path_taken":["M","?","?","M","?","E"],"items_purchased_type":[],"build_version":"2020-12-22","purchased_purges":0,"victory":false,"max_hp_per_floor":[70,70,70,70,70,70,70],"card_choices":[{"not_picked":["Wraith Form v2","Venomology"],"picked":"Grand Finale","floor":0},{"not_picked":["Caltrops","Leg Sweep"],"picked":"Prepared","floor":1},{"not_picked":["Flying Knee","Outmaneuver"],"picked":"Choke","floor":3},{"not_picked":["Infinite Blades","Bane"],"picked":"Prepared","floor":4}],"player_experience":625702,"relics_obtained":[],"event_choices":[{"damage_healed":0,"gold_gain":0,"player_choice":"Bought 2 Potions","damage_taken":0,"max_hp_gain":0,"max_hp_loss":0,"event_name":"The Woman in Blue","floor":2,"gold_loss":0},{"damage_healed":0,"gold_gain":0,"player_choice":"Grow","damage_taken":0,"max_hp_gain":0,"max_hp_loss":0,"event_name":"Living Wall","floor":5,"gold_loss":0,"cards_upgraded":["Choke"]}],"is_beta":false,"boss_relics":[],"items_purged_floors":[],"is_endless":false,"potions_floor_spawned":[3],"killed_by":"Gremlin Nob","ascension_level":12}}