{"host":"lreod2rejfd0az5i","time":1612396998,"event":{"mods":["AchievementEnabler","Aspiration","BaseMod","Colored Powertips","Conspire","Downfall","Highlight Path","Hubris","Infinite Spire","Mad Scientist","Minty Spire (QoL Compilation)","Rare Cards Sparkle","Relic Stats","Replay The Spire","StSLib","The Bug Knight","The Jungle"],"gold_per_floor":[114,114,128,2,2,35,35,35,35,35,35,35,54,69,69,143,143,162,162,77,91,141,141,141,141,195,195,195,212,212,212],"floor_reached":30,"language":"ENG","playtime":947,"items_purged":["Strike_G","Regret"],"score":448,"play_id":"c0edcc12-df78-48d1-8eb0-c2b75fc128e7","local_time":"20210203170318","is_ascension_mode":true,"campfire_choices":[{"floor":7,"key":"REST"},{"data":"Glass Knife","floor":12,"key":"SMITH"},{"data":"Finisher","floor":15,"key":"SMITH"},{"floor":23,"key":"REST"},{"data":"Blade Dance","floor":23,"key":"SMITH"},{"floor":25,"key":"REST"},{"data":"Venomology","floor":25,"key":"SMITH"},{"floor":28,"key":"REST"},{"data":"Predator","floor":28,"key":"SMITH"}],"circlet_count":0,"master_deck":["AscendersBane","Strike_G","Strike_G","Strike_G","Strike_G","Defend_G","Defend_G","Defend_G","Defend_G","Defend_G","Survivor","Neutralize+1","Predator+1","Glass Knife+1","Blade Dance+1","Finisher+1","Venomology+1","Backflip","Cloak And Dagger"],"relics":["Ring of the Snake","conspire:GiftBox","Ninja Scroll","Replay:Bottled Steam","Paper Crane","Black Star","OrangePellets","infinitespire:Magic Flask","MutagenicStrength","aspiration:TomeofQuesting","Replay:Blank Codex"],"acts_visited":["Exordium","TheCity"],"potions_floor_usage":[6,16,16,29,29,30,30],"damage_taken":[{"damage":5,"enemies":"2 Louse","floor":1,"turns":4},{"damage":4,"enemies":"Jaw Worm","floor":3,"turns":5},{"damage":23,"enemies":"3 Sentries","floor":6,"turns":7},{"damage":0,"enemies":"Small Slimes","floor":13,"turns":1},{"damage":3,"enemies":"Looter","floor":14,"turns":2},{"damage":48,"enemies":"Fading Forest","floor":16,"turns":13},{"damage":21,"enemies":"2 Thieves","floor":18,"turns":3},{"damage":16,"enemies":"Cultist and Chosen","floor":21,"turns":6},{"damage":36,"enemies":"Shelled Parasite and Fungi","floor":29,"turns":4},{"damage":24,"enemies":"conspire:HollyBat","floor":30,"turns":5}],"seed_played":"-1812841225156309617","potions_obtained":[{"floor":3,"key":"Block Potion"},{"floor":6,"key":"Weak Potion"},{"floor":14,"key":"Strength Potion"},{"floor":21,"key":"ColorlessPotion"}],"is_trial":false,"path_per_floor":["M","?","M","$","?","E","R","?","T","$","?","R","M","M","R","B",null,"M","AVR","?","M","?","R","?","R","T","?","R","M","M"],"character_chosen":"THE_SILENT","items_purchased":["Blade Dance"],"campfire_rested":4,"item_purchase_floors":[4],"current_hp_per_floor":[54,54,50,50,50,27,46,46,46,46,46,46,46,43,43,3,50,29,29,29,13,13,32,32,51,51,30,49,13,0,0],"gold":212,"neow_bonus":"UPGRADE_CARD","is_daily":false,"chose_seed":false,"campfire_upgraded":5,"win_rate":0.0,"timestamp":1612396998,"path_taken":["M","?","M","$","?","E","R","?","T","$","?","R","?","M","R","BOSS","M","AVR","?","M","?","R","?","R","T","?","R","M","?"],"items_purchased_type":["Card"],"build_version":"2020-12-22","purchased_purges":2,"victory":false,"max_hp_per_floor":[66,66,66,66,66,66,66,66,66,66,66,66,66,66,66,66,66,66,66,66,66,66,66,66,66,66,66,66,66,66,66],"relic_stats":{"OrangePellets":[0],"counters":[10,50],"Black Star":0,"obtain_stats":[{"OrangePellets":19,"conspire:GiftBox":2,"Ninja Scroll":5,"MutagenicStrength":24,"aspiration:TomeofQuesting":26,"Black Star":17,"infinitespire:Magic Flask":20,"Paper Crane":9,"Replay:Blank Codex":27,"Ring of the Snake":0,"Replay:Bottled Steam":6},{"OrangePellets":7,"conspire:GiftBox":1,"Ninja Scroll":2,"MutagenicStrength":8,"aspiration:TomeofQuesting":8,"Black Star":6,"infinitespire:Magic Flask":7,"Paper Crane":3,"Replay:Blank Codex":8,"Ring of the Snake":0,"Replay:Bottled Steam":3},{"OrangePellets":35,"conspire:GiftBox":4,"Ninja Scroll":9,"MutagenicStrength":41,"aspiration:TomeofQuesting":41,"Black Star":32,"infinitespire:Magic Flask":35,"Paper Crane":16,"Replay:Blank Codex":41,"Ring of the Snake":0,"Replay:Bottled Steam":16}],"Ring of the Snake":[20]},"card_choices":[{"not_picked":["Dodge and Roll","Heel Hook"],"picked":"Predator","floor":1},{"not_picked":["ReplayTheSpireMod:Necrosis","ReplayTheSpireMod:From All Sides"],"picked":"Glass Knife","floor":2},{"not_picked":["hubris:Counter","Endless Agony","Bouncing Flask"],"picked":"SKIP","floor":3},{"not_picked":["Die Die Die","Infinite Blades"],"picked":"Finisher","floor":6},{"not_picked":["Prepared","PiercingWail","Dagger Spray"],"picked":"SKIP","floor":13},{"not_picked":["Outmaneuver","Quick Slash","Malaise"],"picked":"SKIP","floor":14},{"not_picked":["Burst","Doppelganger"],"picked":"Venomology","floor":16},{"not_picked":["Dagger Throw","ReplayTheSpireMod:Scrap Shanks","Hidden Blade"],"picked":"SKIP","floor":18},{"not_picked":["ReplayTheSpireMod:Shiv Toss","Backstab"],"picked":"Backflip","floor":21},{"not_picked":["Acrobatics","hubris:SlightOfHand"],"picked":"Cloak And Dagger","floor":29}],"player_experience":890641,"relics_obtained":[{"floor":2,"key":"conspire:GiftBox"},{"floor":6,"key":"Replay:Bottled Steam"},{"floor":9,"key":"Paper Crane"},{"floor":26,"key":"aspiration:TomeofQuesting"},{"floor":27,"key":"Replay:Blank Codex"}],"event_choices":[{"damage_healed":0,"gold_gain":0,"player_choice":"Box","damage_taken":0,"relics_obtained":["Ninja Scroll"],"max_hp_gain":0,"max_hp_loss":0,"event_name":"Big Fish","floor":5,"gold_loss":0,"cards_obtained":["Regret"]},{"damage_healed":0,"gold_gain":0,"player_choice":"Ignored","damage_taken":0,"max_hp_gain":0,"max_hp_loss":0,"event_name":"Liars Game","floor":11,"gold_loss":0},{"damage_healed":0,"gold_gain":0,"player_choice":"Obtained Relic","damage_taken":0,"relics_obtained":["infinitespire:Magic Flask"],"max_hp_gain":0,"max_hp_loss":0,"event_name":"Addict","floor":20,"gold_loss":85},{"damage_healed":0,"gold_gain":50,"player_choice":"Stole From Cult","damage_taken":0,"max_hp_gain":0,"max_hp_loss":0,"event_name":"Nest","floor":22,"gold_loss":0},{"damage_healed":0,"gold_gain":0,"player_choice":"Inject Mutagens","damage_taken":0,"relics_obtained":["MutagenicStrength"],"max_hp_gain":0,"max_hp_loss":0,"event_name":"Drug Dealer","floor":24,"gold_loss":0},{"damage_healed":0,"gold_gain":0,"player_choice":"Obtained Book","damage_taken":21,"max_hp_gain":0,"max_hp_loss":0,"event_name":"Cursed Tome","floor":27,"gold_loss":0}],"is_beta":false,"boss_relics":[{"not_picked":["Velvet Choker","Runic Dome"],"picked":"Black Star"}],"items_purged_floors":[4,19],"is_endless":false,"potions_floor_spawned":[3,6,14,21],"killed_by":"conspire:HollyBat","ascension_level":20}}