{"host":"6gwm7y0tp7acoxay","time":1612438178,"event":{"mods":["BaseMod","Colored Map","Keyboard Shortcuts","Minty Spire (QoL Compilation)","Quick Restart","StSLib","SuperFastMode","everything is the same but u backflip on backflip"],"gold_per_floor":[112,126,126,126,139,170,220,220,246,272,287,322,59,74,74,146,146,165,165,165,165,165,199,232,264,264,284,284,310,338,370,370,447,447,462,474,316,336,336,368,393,425,437,389,416,416,443,458,458,458,458,458,458,70,95,95],"floor_reached":57,"language":"KOR","playtime":2207,"items_purged":["Thunderclap"],"score":3804,"play_id":"6327083a-b87d-45ba-9ebe-0b5f115fa24b","local_time":"20210204202938","daily_mods":["SealedDeck","Heirloom","Flight"],"is_ascension_mode":true,"campfire_choices":[{"data":"Armaments","floor":8,"key":"SMITH"},{"floor":15,"key":"DIG"},{"floor":28,"key":"DIG"},{"floor":32,"key":"RECALL"},{"floor":46,"key":"DIG"},{"floor":49,"key":"DIG"},{"floor":53,"key":"DIG"}],"circlet_count":0,"master_deck":["AscendersBane","Flame Barrier+1","Headbutt+1","Body Slam","Second Wind","Shrug It Off","Evolve","Armaments+1","Uppercut","Demon Form","Shockwave+1","Battle Trance+1","Barricade+1","Impervious","Reaper","Master of Strategy","Berserk+1","Finesse","Impatience","Feel No Pain+1","Disarm","Power Through"],"relics":["Burning Blood","Shovel","Oddly Smooth Stone","Red Skull","Singing Bowl","Frozen Egg 2","HornCleat","Bottled Tornado","SlaversCollar","TungstenRod","Bag of Marbles","Mummified Hand","Ancient Tea Set","War Paint","The Courier","FossilizedHelix","Fusion Hammer","Paper Frog","Calipers","MawBank","Blue Candle","Incense Burner","Prayer Wheel","PreservedInsect","Akabeko","Letter Opener","Ice Cream","HandDrill","Pear"],"acts_visited":["Exordium","TheCity","TheBeyond","TheEnding"],"potions_floor_usage":[16,25,27],"damage_taken":[{"damage":0.0,"enemies":"Jaw Worm","floor":1.0,"turns":3.0},{"damage":0.0,"enemies":"Small Slimes","floor":2.0,"turns":2.0},{"damage":0.0,"enemies":"2 Louse","floor":5.0,"turns":3.0},{"damage":4.0,"enemies":"3 Sentries","floor":6.0,"turns":5.0},{"damage":18,"enemies":"Gremlin Nob","floor":10,"turns":4},{"damage":5,"enemies":"Gremlin Gang","floor":11,"turns":6},{"damage":3,"enemies":"Lagavulin","floor":12,"turns":5},{"damage":4,"enemies":"Large Slime","floor":14,"turns":5},{"damage":18,"enemies":"The Guardian","floor":16,"turns":8},{"damage":0,"enemies":"3 Byrds","floor":18,"turns":3},{"damage":23,"enemies":"Book of Stabbing","floor":23,"turns":6},{"damage":5,"enemies":"Gremlin Leader","floor":24,"turns":7},{"damage":47,"enemies":"Slavers","floor":25,"turns":7},{"damage":8,"enemies":"2 Thieves","floor":27,"turns":5},{"damage":4,"enemies":"Book of Stabbing","floor":29,"turns":5},{"damage":13,"enemies":"Slavers","floor":30,"turns":6},{"damage":4,"enemies":"Gremlin Leader","floor":31,"turns":6},{"damage":0,"enemies":"Collector","floor":33,"turns":6},{"damage":0,"enemies":"Orb Walker","floor":35,"turns":4},{"damage":0,"enemies":"3 Shapes","floor":36,"turns":5},{"damage":0,"enemies":"Writhing Mass","floor":38,"turns":5},{"damage":16,"enemies":"Reptomancer","floor":40,"turns":5},{"damage":0,"enemies":"Mind Bloom Boss Battle","floor":41,"turns":5},{"damage":0,"enemies":"Nemesis","floor":42,"turns":5},{"damage":0,"enemies":"Reptomancer","floor":45,"turns":6},{"damage":0,"enemies":"Nemesis","floor":47,"turns":3},{"damage":13,"enemies":"3 Darklings","floor":48,"turns":4},{"damage":0,"enemies":"Time Eater","floor":50,"turns":6},{"damage":0,"enemies":"Awakened One","floor":51,"turns":8},{"damage":0,"enemies":"Shield and Spear","floor":55,"turns":4},{"damage":1,"enemies":"The Heart","floor":56,"turns":7}],"seed_played":"269633344480958566","potions_obtained":[{"floor":5.0,"key":"DistilledChaos"},{"floor":11,"key":"Ancient Potion"},{"floor":16,"key":"BloodPotion"},{"floor":25,"key":"ColorlessPotion"},{"floor":30,"key":"ElixirPotion"}],"is_trial":true,"path_per_floor":["M","M","?","?","M","E","?","R","T","E","M","E","$","M","R","B",null,"M","?","?","?","?","E","E","E","T","M","R","E","E","E","R","B",null,"M","M","$","M","?","E","?","E","T","$","E","R","E","M","R","B","B",null,"R","$","E","B",null],"character_chosen":"IRONCLAD","items_purchased":["HornCleat","Master of Strategy","Ice Cream","HandDrill"],"campfire_rested":0,"item_purchase_floors":[13,37,54,54],"current_hp_per_floor":[74,75,52,52,58,60,53,53,53,41,44,47,47,51,51,41,71,79,79,79,55,98,83,84,65,65,65,65,67,62,64,64,70,97,105,110,110,110,103,102,114,114,114,114,116,116,118,120,120,120,120,120,120,120,132,132],"gold":95,"neow_bonus":"","is_daily":false,"chose_seed":false,"campfire_upgraded":1,"win_rate":0.0,"timestamp":1612438178,"path_taken":["M","M","?","?","M","E","?","R","T","E","?","E","$","M","R","BOSS","M","?","?","?","?","E","E","E","T","?","R","E","E","E","R","BOSS","M","?","$","M","?","E","?","E","T","$","E","R","E","M","R","BOSS","BOSS","R","$","E","BOSS"],"items_purchased_type":["Relic","Card","Relic","Relic"],"build_version":"2020-12-22","purchased_purges":1,"victory":true,"max_hp_per_floor":[75,75,75,75,75,75,75,75,75,75,77,77,77,79,79,81,81,83,83,83,88,98,100,100,102,102,104,104,104,106,106,106,106,106,108,110,110,110,112,112,114,114,114,114,116,116,118,120,120,120,120,120,120,120,132,132],"card_choices":[{"not_picked":["Hemokinesis","Armaments","Perfected Strike"],"picked":"SKIP","floor":1.0},{"not_picked":["Rampage","Cleave","Headbutt"],"picked":"SKIP","floor":2.0},{"not_picked":["Wild Strike","Pommel Strike","Warcry"],"picked":"SKIP","floor":5.0},{"not_picked":["Infernal Blade","Inflame"],"picked":"Exhume","floor":6.0},{"not_picked":["Inflame","Shockwave"],"picked":"Demon Form","floor":10},{"not_picked":["Wild Strike","Iron Wave","Body Slam"],"picked":"Singing Bowl","floor":11},{"not_picked":["Perfected Strike","Twin Strike"],"picked":"Shockwave","floor":12},{"not_picked":["Brutality+1","Evolve+1","Flex"],"picked":"Singing Bowl","floor":14},{"not_picked":["Brutality+1","Exhume","Bludgeon"],"picked":"Singing Bowl","floor":16},{"not_picked":["Anger","Iron Wave+1","Flame Barrier"],"picked":"Singing Bowl","floor":18},{"not_picked":["Heavy Blade","Shockwave","Havoc"],"picked":"Singing Bowl","floor":23},{"not_picked":["Pommel Strike","Rupture+1"],"picked":"Battle Trance","floor":24},{"not_picked":["Sentinel","Shrug It Off","Headbutt"],"picked":"Singing Bowl","floor":25},{"not_picked":["Shrug It Off+1","Sentinel","Headbutt"],"picked":"Singing Bowl","floor":27},{"not_picked":["True Grit","Twin Strike+1"],"picked":"Barricade+1","floor":29},{"not_picked":["Cleave+1","Wild Strike","Intimidate"],"picked":"Singing Bowl","floor":30},{"not_picked":["Intimidate","Second Wind"],"picked":"Impervious","floor":31},{"not_picked":["Bludgeon","Berserk+1"],"picked":"Reaper","floor":33},{"not_picked":["Headbutt","Shockwave","Anger"],"picked":"Singing Bowl","floor":35},{"not_picked":["Sever Soul","Sentinel","Twin Strike+1"],"picked":"Singing Bowl","floor":36},{"not_picked":["Anger","Perfected Strike"],"picked":"Berserk+1","floor":38},{"not_picked":["The Bomb","Mayhem+1"],"picked":"Finesse","floor":39},{"not_picked":["Secret Technique","Dramatic Entrance"],"picked":"Impatience","floor":39},{"not_picked":["Bandage Up","Metamorphosis","Madness"],"picked":"Singing Bowl","floor":39},{"not_picked":["Wild Strike","Cleave"],"picked":"Feel No Pain+1","floor":40},{"not_picked":["Shrug It Off","Pommel Strike","Thunderclap"],"picked":"Singing Bowl","floor":41},{"not_picked":["Iron Wave","Clash"],"picked":"Disarm","floor":42},{"not_picked":["Blood for Blood+1","Cleave+1","Reckless Charge+1"],"picked":"Singing Bowl","floor":45},{"not_picked":["Dropkick","Pommel Strike+1","Havoc"],"picked":"Singing Bowl","floor":47},{"not_picked":["Dropkick","Exhume"],"picked":"Power Through","floor":48},{"not_picked":["Armaments","Uppercut","Intimidate+1"],"picked":"Singing Bowl","floor":48},{"not_picked":["Havoc","Searing Blow","Feel No Pain+1"],"picked":"Singing Bowl","floor":55}],"player_experience":4475964,"relics_obtained":[{"floor":6.0,"key":"Oddly Smooth Stone"},{"floor":9,"key":"Red Skull"},{"floor":10,"key":"Singing Bowl"},{"floor":12,"key":"Frozen Egg 2"},{"floor":15,"key":"Bottled Tornado"},{"floor":23,"key":"TungstenRod"},{"floor":24,"key":"Bag of Marbles"},{"floor":25,"key":"Mummified Hand"},{"floor":28,"key":"Ancient Tea Set"},{"floor":29,"key":"War Paint"},{"floor":30,"key":"The Courier"},{"floor":31,"key":"FossilizedHelix"},{"floor":40,"key":"Paper Frog"},{"floor":41,"key":"Calipers"},{"floor":42,"key":"MawBank"},{"floor":43,"key":"Blue Candle"},{"floor":45,"key":"Incense Burner"},{"floor":46,"key":"Prayer Wheel"},{"floor":47,"key":"PreservedInsect"},{"floor":49,"key":"Akabeko"},{"floor":53,"key":"Letter Opener"},{"floor":55,"key":"Pear"}],"event_choices":[{"damage_healed":0.0,"max_hp_gain":0.0,"max_hp_loss":0.0,"gold_gain":0.0,"event_name":"Shining Light","player_choice":"Entered Light","floor":3.0,"gold_loss":0.0,"damage_taken":23.0,"cards_upgraded":["Flame Barrier","Headbutt"]},{"damage_healed":0.0,"max_hp_gain":0.0,"max_hp_loss":0.0,"gold_gain":0.0,"event_name":"Scrap Ooze","player_choice":"Fled","floor":4.0,"gold_loss":0.0,"damage_taken":0.0},{"damage_healed":0,"gold_gain":50,"player_choice":"Touch","damage_taken":7,"max_hp_gain":0,"max_hp_loss":0,"event_name":"FaceTrader","floor":7,"gold_loss":0},{"damage_healed":0,"gold_gain":0,"player_choice":"Ignored","damage_taken":0,"max_hp_gain":0,"max_hp_loss":0,"event_name":"Ghosts","floor":19,"gold_loss":0},{"cards_removed":["Wild Strike"],"damage_healed":0,"gold_gain":0,"player_choice":"Elegance","damage_taken":0,"max_hp_gain":0,"max_hp_loss":0,"event_name":"Back to Basics","floor":20,"gold_loss":0},{"damage_healed":0,"gold_gain":0,"player_choice":"Shed Blood","damage_taken":29,"max_hp_gain":5,"max_hp_loss":0,"event_name":"Forgotten Altar","floor":21,"gold_loss":0},{"cards_removed":["Exhume"],"damage_healed":33,"gold_gain":0,"player_choice":"Offered Rare","damage_taken":0,"max_hp_gain":10,"max_hp_loss":0,"event_name":"Bonfire Elementals","floor":22,"gold_loss":0},{"damage_healed":0,"gold_gain":0,"player_choice":"Memory 3","damage_taken":10,"max_hp_gain":0,"max_hp_loss":0,"event_name":"SensoryStone","floor":39,"gold_loss":0},{"damage_healed":0,"gold_gain":0,"player_choice":"Fight","damage_taken":0,"max_hp_gain":0,"max_hp_loss":0,"event_name":"MindBloom","floor":41,"gold_loss":0}],"is_beta":false,"boss_relics":[{"not_picked":["Philosopher\u0027s Stone","Runic Cube"],"picked":"SlaversCollar"},{"not_picked":["Calling Bell","Mark of Pain"],"picked":"Fusion Hammer"}],"items_purged_floors":[44],"is_endless":false,"potions_floor_spawned":[5,11,16,18,23,25,30,40,45,47,48],"ascension_level":20}}