{"host":"qrt7o4dq2qslzw13","time":1612447069,"event":{"mods":["AchievementEnabler","BaseMod","Colored Map","Colored Powertips","Minty Spire (QoL Compilation)","Quick Restart","StSLib","SuperFastMode"],"gold_per_floor":[210,385,453,469,480,480,508,508,557,557,572,164,177,5,5,110,110,121,121,135,147,8,8,33,53,79,92,102,102,102,127,127,127,127],"floor_reached":33,"language":"ENG","playtime":872,"items_purged":["Doubt"],"score":459,"play_id":"f10e4176-5fa0-4287-afc7-dd697cea6b31","local_time":"20210204085749","is_ascension_mode":true,"campfire_choices":[{"data":"Glass Knife","floor":6.0,"key":"SMITH"},{"floor":8.0,"key":"REST"},{"data":"Skewer","floor":10.0,"key":"SMITH"},{"data":"1","floor":15,"key":"LIFT"},{"data":"2","floor":23,"key":"LIFT"},{"floor":30,"key":"REST"},{"floor":32,"key":"REST"}],"circlet_count":0,"master_deck":["AscendersBane","Strike_G","Strike_G","Strike_G","Strike_G","Strike_G","Defend_G","Defend_G","Defend_G","Defend_G","Defend_G","Survivor","Neutralize","Acrobatics","Glass Knife+1","Skewer+1","Poisoned Stab","Escape Plan","Calculated Gamble","Predator","Caltrops","Impatience","Bullet Time","Dash","Reflex","Night Terror","Prepared","Writhe","Bane","Bane+1"],"relics":["Ring of the Snake","Eternal Feather","Tough Bandages","Bag of Marbles","Girya","Cursed Key","InkBottle","Omamori","Question Card"],"acts_visited":["Exordium","TheCity"],"potions_floor_usage":[24],"damage_taken":[{"damage":4.0,"enemies":"Small Slimes","floor":1.0,"turns":4.0},{"damage":14.0,"enemies":"Jaw Worm","floor":4.0,"turns":8.0},{"damage":0.0,"enemies":"Cultist","floor":5.0,"turns":4.0},{"damage":19.0,"enemies":"3 Sentries","floor":7.0,"turns":8.0},{"damage":5.0,"enemies":"Gremlin Gang","floor":11.0,"turns":5.0},{"damage":0,"enemies":"Exordium Thugs","floor":13,"turns":3},{"damage":32,"enemies":"Hexaghost","floor":16,"turns":9},{"damage":0,"enemies":"Spheric Guardian","floor":18,"turns":3},{"damage":2,"enemies":"Chosen","floor":20,"turns":2},{"damage":11,"enemies":"Sentry and Sphere","floor":21,"turns":4},{"damage":21,"enemies":"Gremlin Leader","floor":24,"turns":6},{"damage":7,"enemies":"Centurion and Healer","floor":25,"turns":6},{"damage":10,"enemies":"Snecko","floor":27,"turns":4},{"damage":0,"enemies":"3 Cultists","floor":28,"turns":5},{"damage":53,"enemies":"Book of Stabbing","floor":31,"turns":6},{"damage":19,"enemies":"Automaton","floor":33,"turns":6}],"seed_played":"7760973153779904981","potions_obtained":[{"floor":5.0,"key":"ColorlessPotion"},{"floor":13,"key":"FearPotion"},{"floor":24,"key":"LiquidMemories"}],"is_trial":false,"path_per_floor":["M","?","T","M","M","R","E","R","T","R","M","$","M","$","R","B",null,"M","$","M","M","$","R","E","M","T","M","M","?","R","E","R","B"],"character_chosen":"THE_SILENT","items_purchased":["Girya","Calculated Gamble","Caltrops","Impatience","Night Terror"],"campfire_rested":3,"item_purchase_floors":[12,12,14,14,22],"current_hp_per_floor":[59,59,59,45,45,54,35,65,65,70,65,65,65,65,70,38,62,62,62,60,49,49,64,43,36,36,26,26,26,62,9,48,29,29],"gold":127,"neow_bonus":"HUNDRED_GOLD","is_daily":false,"chose_seed":false,"campfire_upgraded":2,"win_rate":0.0,"timestamp":1612447069,"path_taken":["M","?","?","?","M","R","E","R","T","R","M","$","M","$","R","BOSS","M","$","M","M","$","R","E","M","T","M","?","?","R","E","R","BOSS"],"items_purchased_type":["Relic","Card","Card","Card","Card"],"build_version":"2020-12-22","purchased_purges":1,"victory":false,"max_hp_per_floor":[70,70,70,70,70,70,70,70,70,70,70,70,70,70,70,70,70,70,70,70,70,70,70,70,70,70,70,70,70,70,70,70,70,70],"card_choices":[{"not_picked":["Endless Agony","Outmaneuver"],"picked":"Acrobatics","floor":1.0},{"not_picked":["Quick Slash","Flying Knee"],"picked":"Glass Knife","floor":4.0},{"not_picked":["Masterful Stab","Quick Slash"],"picked":"Skewer","floor":5.0},{"not_picked":["Choke","Prepared"],"picked":"Poisoned Stab","floor":7.0},{"not_picked":["Blade Dance","Infinite Blades"],"picked":"Escape Plan","floor":11.0},{"not_picked":["Acrobatics","Poisoned Stab"],"picked":"Predator","floor":13},{"not_picked":["Grand Finale","A Thousand Cuts"],"picked":"Bullet Time","floor":16},{"not_picked":["Deflect","Underhanded Strike","Dagger Spray"],"picked":"SKIP","floor":18},{"not_picked":["Dagger Spray","Escape Plan"],"picked":"Dash","floor":20},{"not_picked":["Prepared","PiercingWail"],"picked":"Reflex","floor":21},{"not_picked":["Flying Knee","Deadly Poison"],"picked":"Prepared","floor":24},{"not_picked":["Dodge and Roll","Deadly Poison","Flying Knee"],"picked":"SKIP","floor":25},{"not_picked":["Acrobatics","Well Laid Plans","Blade Dance"],"picked":"SKIP","floor":27},{"not_picked":["Bane","Underhanded Strike","Heel Hook"],"picked":"SKIP","floor":28},{"not_picked":["Underhanded Strike","Heel Hook"],"picked":"Bane","floor":28},{"not_picked":["Eviscerate","Riddle With Holes"],"picked":"Bane+1","floor":31}],"player_experience":625702,"relics_obtained":[{"floor":3.0,"key":"Eternal Feather"},{"floor":7.0,"key":"Tough Bandages"},{"floor":9.0,"key":"Bag of Marbles"},{"floor":24,"key":"InkBottle"},{"floor":26,"key":"Omamori"},{"floor":31,"key":"Question Card"}],"event_choices":[{"damage_healed":0.0,"max_hp_gain":0.0,"max_hp_loss":0.0,"gold_gain":175.0,"event_name":"Liars Game","player_choice":"AGREE","floor":2.0,"gold_loss":0.0,"damage_taken":0.0,"cards_obtained":["Doubt"]},{"damage_healed":0,"gold_gain":0,"player_choice":"Ignored","damage_taken":0,"max_hp_gain":0,"max_hp_loss":0,"event_name":"Ghosts","floor":29,"gold_loss":0}],"is_beta":false,"boss_relics":[{"not_picked":["HoveringKite","Ectoplasm"],"picked":"Cursed Key"}],"items_purged_floors":[12],"is_endless":false,"potions_floor_spawned":[5,13,18,24,25,31],"killed_by":"Automaton","ascension_level":12}}