{"host":"fzjk61lpi4bwj033","time":1612407710,"event":{"mods":["Ascension Unlocker","BaseMod","Bestiary","Conspire","Hermit","Hubris","Infinite Spire","Jorbs\u0027s Wanderer Trilogy","Minty Spire (QoL Compilation)","Rare Cards Sparkle","Replay The Spire","StSLib","The Jungle"],"gold_per_floor":[112,112,123,140,154,184,184,184,184],"floor_reached":8,"language":"ENG","playtime":423,"items_purged":[],"score":116,"play_id":"105c90d9-d444-4107-8d2d-3240cd25b462","local_time":"20210203210150","is_ascension_mode":true,"campfire_choices":[{"data":"hermit:HeroicBravado","floor":7,"key":"SMITH"}],"circlet_count":0,"master_deck":["AscendersBane","hermit:Strike_Hermit","hermit:Strike_Hermit","hermit:Strike_Hermit","hermit:Defend_Hermit","hermit:Defend_Hermit","hermit:Defend_Hermit","hermit:Defend_Hermit","hermit:Snapshot","hermit:Covet","hermit:HighCaliber","hermit:Gestalt","hermit:HeroicBravado+1","hermit:LowProfile","hermit:HoleUp"],"relics":["hermit:Momento","NeowsBlessing","Anchor"],"acts_visited":["Exordium"],"potions_floor_usage":[],"damage_taken":[{"damage":0,"enemies":"conspire:RoseBush","floor":1,"turns":1},{"damage":0,"enemies":"Cultist","floor":3,"turns":1},{"damage":0,"enemies":"Jaw Worm","floor":4,"turns":1},{"damage":15,"enemies":"conspire:2 RoseBushes","floor":5,"turns":8},{"damage":25,"enemies":"Lagavulin","floor":6,"turns":11},{"damage":21,"enemies":"3 Sentries","floor":8,"turns":16}],"seed_played":"4113108303803761266","potions_obtained":[],"is_trial":false,"path_per_floor":["M","?","M","M","M","E","R","E"],"character_chosen":"HERMIT","items_purchased":[],"campfire_rested":0,"item_purchase_floors":[],"current_hp_per_floor":[64,64,64,64,49,24,24,3,3],"gold":184,"neow_bonus":"THREE_ENEMY_KILL","is_daily":false,"chose_seed":false,"campfire_upgraded":1,"win_rate":0.0,"timestamp":1612407710,"path_taken":["M","?","?","M","M","E","R","E"],"items_purchased_type":[],"build_version":"2020-12-22","purchased_purges":0,"victory":false,"max_hp_per_floor":[71,71,71,71,71,71,71,71,71],"card_choices":[{"not_picked":["hermit:Virtue","hermit:DeadMansHand"],"picked":"hermit:HighCaliber","floor":1},{"not_picked":["hermit:Snipe","hermit:Roulette"],"picked":"hermit:Gestalt","floor":3},{"not_picked":["hermit:WideOpen","hermit:Enervate"],"picked":"hermit:HeroicBravado","floor":4},{"not_picked":["hermit:CalledShot","hermit:TakeAim"],"picked":"hermit:LowProfile","floor":5},{"not_picked":["hermit:LoneWolf","hermit:Misfire"],"picked":"hermit:HoleUp","floor":6}],"player_experience":779447,"relics_obtained":[{"floor":6,"key":"Anchor"}],"event_choices":[{"cards_removed":["hermit:Strike_Hermit"],"damage_healed":0,"gold_gain":0,"player_choice":"Purged","damage_taken":0,"max_hp_gain":0,"max_hp_loss":0,"event_name":"Purifier","floor":2,"gold_loss":0}],"is_beta":false,"boss_relics":[],"items_purged_floors":[],"is_endless":false,"potions_floor_spawned":[],"killed_by":"3 Sentries","ascension_level":20}}