{"host":"l2dnabsh5e0fsksb","time":1612448453,"event":{"mods":["2.2 Compatiblity","BaseMod","Downfall","Minty Spire (QoL Compilation)","Quick Restart","StSLib"],"gold_per_floor":[99,99,99,99,99,133,133,133,152,165,219,234,34,49,69,143,143,43,59,59,71,71,71,71,71,71,71],"floor_reached":25,"language":"ENG","playtime":1237,"items_purged":[],"score":358,"play_id":"6448c8f6-29ff-4f63-a425-000065c8f7d4","local_time":"20210205005053","is_ascension_mode":true,"campfire_choices":[{"floor":1.0,"key":"RECALL"},{"floor":13,"key":"REST"},{"data":"bronze:Format","floor":18,"key":"SMITH"}],"circlet_count":0,"master_deck":["AscendersBane","bronze:Strike+1","bronze:Strike+1","bronze:Strike+1","bronze:Strike+1","bronze:Defend+1","bronze:Defend+1","bronze:Defend+1","bronze:Defend+1","bronze:Replicate","bronze:Iterate","bronze:Separator","bronze:Iterate","bronze:BronzeOrb","bronze:AlphaBuild","bronze:Constructor","bronze:BuggyMess","bronze:ItsAFeature","bronze:OilSpill","bronze:ItsAFeature","bronze:Format+1","bronze:Branch","Necronomicurse"],"relics":["bronze:BronzeCore","downfall:HeartsMalice","Mercury Hourglass","Darkstone Periapt","downfall:HeartBlessingBlue","downfall:HeartBlessingRed","Black Star","downfall:HeartBlessingGreen","Necronomicon","bronze:CableSpool"],"acts_visited":["Exordium","TheCity"],"potions_floor_usage":[16,21],"damage_taken":[{"damage":0.0,"enemies":"2 Louse","floor":2.0,"turns":1.0},{"damage":0.0,"enemies":"Cultist","floor":4.0,"turns":1.0},{"damage":0.0,"enemies":"Jaw Worm","floor":5.0,"turns":1.0},{"damage":24.0,"enemies":"Lagavulin","floor":6.0,"turns":7.0},{"damage":13.0,"enemies":"Exordium Wildlife","floor":9.0,"turns":3.0},{"damage":7.0,"enemies":"Red Slaver","floor":10.0,"turns":3.0},{"damage":0,"enemies":"Large Slime","floor":12,"turns":4},{"damage":0,"enemies":"2 Fungi Beasts","floor":14,"turns":2},{"damage":0,"enemies":"Blue Slaver","floor":15,"turns":3},{"damage":16,"enemies":"SI_SHIV_ARCHETYPE","floor":16,"turns":7},{"damage":19,"enemies":"Spheric Guardian","floor":19,"turns":4},{"damage":13,"enemies":"Shelled Parasite and Fungi","floor":21,"turns":6},{"damage":19,"enemies":"Centurion and Healer","floor":25,"turns":3}],"seed_played":"3683155010320182345","potions_obtained":[{"floor":3.0,"key":"bronze:BurnAndBuffPotion"},{"floor":3.0,"key":"SmokeBomb"},{"floor":6.0,"key":"SkillPotion"},{"floor":12,"key":"ColorlessPotion"},{"floor":16,"key":"BlessingOfTheForge"}],"is_trial":false,"path_per_floor":["R","M","?","M","M","E","T","?","M","M","T","M","R","M","M","B",null,"R","M","?","M","?","?","T","M"],"character_chosen":"THE_AUTOMATON","items_purchased":[],"campfire_rested":1,"item_purchase_floors":[],"current_hp_per_floor":[57,57,57,57,57,33,33,33,20,13,13,13,44,44,44,28,62,62,43,28,15,15,15,15,0,0,0],"gold":71,"neow_bonus":"THREE_ENEMY_KILL","is_daily":false,"chose_seed":false,"campfire_upgraded":1,"win_rate":0.0,"timestamp":1612448453,"path_taken":["R","M","?","M","?","E","T","?","M","M","?","?","R","M","M","BOSS","R","M","?","M","?","?","T","M"],"items_purchased_type":[],"build_version":"2020-12-22","purchased_purges":0,"victory":false,"max_hp_per_floor":[63,63,63,63,63,63,63,63,63,63,63,63,73,73,73,73,73,73,73,79,79,79,79,79,79,79,79],"card_choices":[{"not_picked":["bronze:Constructor","bronze:DigitalCarnage"],"picked":"bronze:Iterate","floor":2.0},{"not_picked":["bronze:MaxOutput","bronze:NullPointer"],"picked":"bronze:Separator","floor":4.0},{"not_picked":["bronze:Overheat","bronze:BugBarrage"],"picked":"bronze:Iterate","floor":5.0},{"not_picked":["bronze:Terminator","bronze:Allocate"],"picked":"bronze:BronzeOrb","floor":6.0},{"not_picked":["bronze:Shield","bronze:Safeguard"],"picked":"bronze:Constructor","floor":9.0},{"not_picked":["bronze:Refactor","bronze:ClassDefault"],"picked":"bronze:BuggyMess","floor":10.0},{"not_picked":["bronze:FineTuning","bronze:SpaghettiCode"],"picked":"bronze:ItsAFeature","floor":12},{"not_picked":["bronze:Turbo","bronze:Deprecate"],"picked":"bronze:OilSpill","floor":14},{"not_picked":["bronze:Turbo","bronze:Frontload"],"picked":"bronze:ItsAFeature","floor":15},{"not_picked":["bronze:RecursiveStrike","bronze:HyperBeam"],"picked":"bronze:Format","floor":16},{"not_picked":["bronze:BuggyMess","bronze:Invalidate"],"picked":"bronze:Branch","floor":19},{"not_picked":["bronze:Fortify","bronze:Frontload","bronze:OilSpill"],"picked":"SKIP","floor":21}],"player_experience":1902621,"relics_obtained":[{"floor":6.0,"key":"Mercury Hourglass"},{"floor":7.0,"key":"Darkstone Periapt"},{"floor":20,"key":"Necronomicon"},{"floor":24,"key":"bronze:CableSpool"}],"event_choices":[{"damage_healed":0.0,"max_hp_gain":0.0,"max_hp_loss":0.0,"gold_gain":0.0,"event_name":"Lab","player_choice":"Got Potions","floor":3.0,"gold_loss":0.0,"damage_taken":0.0},{"damage_healed":0,"gold_gain":0,"player_choice":"Ignored","damage_taken":0,"max_hp_gain":0,"max_hp_loss":0,"event_name":"Ghosts","floor":23,"gold_loss":0}],"is_beta":false,"boss_relics":[{"not_picked":["Philosopher\u0027s Stone","Snecko Eye"],"picked":"Black Star"}],"items_purged_floors":[],"is_endless":false,"potions_floor_spawned":[6,9,12,15,16],"killed_by":"Centurion and Healer","ascension_level":16}}