{"host":"¿à÷økuyou","time":1612422726,"event":{"mods":["ATMod(°¢èªMod)","Act Like it!","BaseMod","BetterRewards","Minty Spire (QoL Compilation)","Quick Restart","StSLib"],"gold_per_floor":[144,144,189,234,279,369,369,414,414,459,459,504,549,639,639,939,939,984,1029,149,149,194,284,284,374,424,424,469,101,146,191,191,491,491,536,581,456,501,501,591,591,178,178,28,118,118,118,163,163,163],"floor_reached":51,"language":"ZHS","playtime":1739,"items_purged":["AT_HeatAcrobatics","Clothesline","Scrape"],"score":861,"play_id":"61277199-3392-4dd9-b286-97482b69af56","local_time":"20210204151206","daily_mods":["Insanity","Red Cards","Midas"],"is_ascension_mode":false,"campfire_choices":[{"floor":7.0,"key":"REST"},{"floor":15.0,"key":"REST"},{"floor":24,"key":"REST"},{"floor":27,"key":"REST"},{"floor":32,"key":"REST"},{"floor":49,"key":"REST"}],"circlet_count":0,"master_deck":["Streamline","Anger","Compile Driver","Rip and Tear","Rip and Tear","Wild Strike","Loop","Warcry","Pommel Strike","Redo","Flex","Ball Lightning","AT_DrawKnifeCut","Spot Weakness","Anger","Armaments+1","Reinforced Body","Flex","Shockwave","Beam Cell","Whirlwind","Shrug It Off","Auto Shields","Go for the Eyes","Streamline","Gash","AT_IchimonjiDouble","Rebound","Consume","Sword Boomerang","Clash","Havoc","Rage","Spot Weakness","Flame Barrier","Evolve","Fusion","Loop","Whirlwind","Turbo","Warcry","Streamline","Auto Shields","AT_IchimonjiDouble","Darkness","AT_HeatAcrobatics","Ball Lightning","Hologram","Chill","Consume+1","Armaments+1","Ball Lightning","AT_BodySlamDance+1","Hologram+1","AT_WaterDrop","Core Surge","CurseOfTheBell","Fire Breathing","AT_FamilyPortrait+1","AT_WaterDrop","Hyperbeam","Second Wind+1","True Grit+1","Power Through+1","Defragment","AT_EmpoweredMortalDraw","Juggernaut","Shrug It Off+1","Rip and Tear+1","Creative AI","Defragment","Coolheaded+1","Recycle+1","Cold Snap","Shrug It Off+1"],"relics":["Cracked Core","AT_ATBox","Toxic Egg 2","StrikeDummy","AT_BladeRuinedKing","Calling Bell","DataDisk","Pantograph","Mango","Sundial","Blue Candle","Bag of Preparation","White Beast Statue","Nunchaku","Black Star","InkBottle","Bird Faced Urn","Boot","Ornamental Fan","ClockworkSouvenir","Ginger","AT_ImmortalShieldbow","Incense Burner"],"acts_visited":["Exordium","TheCity","TheBeyond"],"potions_floor_usage":[23,25,40,45,45,45,45,50,50,50],"damage_taken":[{"damage":0.0,"enemies":"Small Slimes","floor":1.0,"turns":2.0},{"damage":0.0,"enemies":"Cultist","floor":3.0,"turns":2.0},{"damage":0.0,"enemies":"2 Louse","floor":4.0,"turns":1.0},{"damage":4.0,"enemies":"Exordium Thugs","floor":5.0,"turns":3.0},{"damage":9.0,"enemies":"3 Sentries","floor":6.0,"turns":3.0},{"damage":10.0,"enemies":"Looter","floor":8.0,"turns":2.0},{"damage":10.0,"enemies":"Large Slime","floor":10.0,"turns":5.0},{"damage":13.0,"enemies":"Exordium Wildlife","floor":12.0,"turns":3.0},{"damage":0.0,"enemies":"3 Louse","floor":13.0,"turns":1.0},{"damage":31.0,"enemies":"Lagavulin","floor":14.0,"turns":6.0},{"damage":8.0,"enemies":"Hexaghost","floor":16.0,"turns":6.0},{"damage":7.0,"enemies":"Shell Parasite","floor":18.0,"turns":3.0},{"damage":0.0,"enemies":"3 Byrds","floor":19.0,"turns":3.0},{"damage":23,"enemies":"Snake Plant","floor":22,"turns":3},{"damage":45,"enemies":"Slavers","floor":23,"turns":5},{"damage":9,"enemies":"Book of Stabbing","floor":25,"turns":5},{"damage":22,"enemies":"Sentry and Sphere","floor":28,"turns":4},{"damage":0,"enemies":"Chosen and Byrds","floor":30,"turns":5},{"damage":11,"enemies":"Shelled Parasite and Fungi","floor":31,"turns":4},{"damage":33,"enemies":"Collector","floor":33,"turns":8},{"damage":10,"enemies":"Orb Walker","floor":35,"turns":2},{"damage":10,"enemies":"3 Shapes","floor":36,"turns":7},{"damage":24,"enemies":"Jaw Worm Horde","floor":38,"turns":3},{"damage":54,"enemies":"Reptomancer","floor":40,"turns":6},{"damage":3,"enemies":"Nemesis","floor":45,"turns":5},{"damage":19,"enemies":"Sphere and 2 Shapes","floor":48,"turns":6},{"damage":74,"enemies":"Time Eater","floor":50,"turns":10}],"seed_played":"2514053361250750194","potions_obtained":[{"floor":5.0,"key":"Weak Potion"},{"floor":6.0,"key":"Dexterity Potion"},{"floor":13.0,"key":"PotionOfCapacity"},{"floor":14.0,"key":"EntropicBrew"},{"floor":16.0,"key":"SkillPotion"},{"floor":22,"key":"FocusPotion"},{"floor":25,"key":"LiquidMemories"},{"floor":28,"key":"Swift Potion"},{"floor":30,"key":"CultistPotion"},{"floor":36,"key":"Regen Potion"},{"floor":40,"key":"BlessingOfTheForge"},{"floor":45,"key":"Ancient Potion"}],"is_trial":false,"path_per_floor":["M","?","M","M","M","E","R","M","T","M","?","M","M","E","R","B",null,"M","M","$","?","M","E","R","E","T","R","M","$","M","M","R","B",null,"M","M","$","M","?","E","?","$","T","$","E","?","?","M","R","B",null],"character_chosen":"DEFECT","items_purchased":["Sundial","Blue Candle","AT_FamilyPortrait+1","AT_WaterDrop","Defragment","AT_EmpoweredMortalDraw","Defragment","Coolheaded+1","Boot","Recycle+1","Regen Potion","ClockworkSouvenir"],"campfire_rested":6,"item_purchase_floors":[20,20,20,20,29,29,42,42,42,42,42,44],"current_hp_per_floor":[75,75,75,75,71,62,75,65,65,55,55,42,42,11,33,25,89,82,82,82,82,59,14,40,31,31,57,35,35,35,24,50,42,89,79,69,69,45,45,6,6,6,6,6,23,23,23,18,43,24],"gold":163,"neow_bonus":"","is_daily":true,"chose_seed":false,"campfire_upgraded":0,"win_rate":0.0,"timestamp":1612422726,"path_taken":["M","?","?","M","M","E","R","M","T","?","?","M","?","E","R","BOSS","M","M","$","?","M","E","R","E","T","R","M","?","M","M","R","BOSS","M","M","$","M","?","E","?","$","T","?","E","?","?","M","R","BOSS"],"items_purchased_type":["Relic","Relic","Card","Card","Card","Card","Card","Card","Relic","Card","Potion","Relic"],"build_version":"2020-12-18","purchased_purges":3,"victory":true,"max_hp_per_floor":[75,75,75,75,75,75,75,75,75,75,75,75,75,75,75,75,89,89,89,89,89,89,89,89,89,89,89,89,89,89,89,89,89,89,89,89,89,89,89,89,89,89,89,89,89,85,85,85,85,85],"card_choices":[{"not_picked":["Body Slam","Redo"],"picked":"Ball Lightning","floor":1.0},{"not_picked":["Rebound","Compile Driver","Redo"],"picked":"SKIP","floor":3.0},{"not_picked":["Iron Wave","Clothesline"],"picked":"Hologram","floor":4.0},{"not_picked":["Genetic Algorithm","AT_IchimonjiDouble"],"picked":"Chill","floor":5.0},{"not_picked":["Reaper","Storm"],"picked":"Consume+1","floor":6.0},{"not_picked":["Clash","Clothesline"],"picked":"Armaments+1","floor":8.0},{"not_picked":["Doom and Gloom","Battle Trance+1"],"picked":"Ball Lightning","floor":10.0},{"not_picked":["Sweeping Beam","Redo+1"],"picked":"AT_BodySlamDance+1","floor":12.0},{"not_picked":["Dropkick","True Grit+1"],"picked":"Hologram+1","floor":13.0},{"not_picked":["Hemokinesis","AT_EMC2+1"],"picked":"AT_WaterDrop","floor":14.0},{"not_picked":["Double Tap+1","Bludgeon"],"picked":"Core Surge","floor":16.0},{"not_picked":["AT_BodySlamDance+1","Melter","Headbutt"],"picked":"SKIP","floor":18.0},{"not_picked":["Pommel Strike","Redo+1"],"picked":"Fire Breathing","floor":19.0},{"not_picked":["Turbo+1","True Grit+1"],"picked":"Second Wind+1","floor":22},{"not_picked":["Reckless Charge","Ghostly Armor+1","Twin Strike"],"picked":"SKIP","floor":23},{"not_picked":["Rebound","Sever Soul+1"],"picked":"True Grit+1","floor":25},{"not_picked":["Reinforced Body+1","Sword Boomerang"],"picked":"Power Through+1","floor":28},{"not_picked":["Battle Trance+1","Turbo+1","Clash+1"],"picked":"SKIP","floor":30},{"not_picked":["Melter","FTL","Perfected Strike"],"picked":"SKIP","floor":31},{"not_picked":["Feed","Buffer"],"picked":"Juggernaut","floor":33},{"not_picked":["Clash","Cleave+1","Rebound"],"picked":"SKIP","floor":35},{"not_picked":["Blood for Blood","Combust"],"picked":"Shrug It Off+1","floor":36},{"not_picked":["Havoc+1","True Grit+1"],"picked":"Rip and Tear+1","floor":38},{"not_picked":["Glacier+1","Conserve Battery+1"],"picked":"Creative AI","floor":40},{"not_picked":["AT_HeatAcrobatics+1","Iron Wave+1"],"picked":"Cold Snap","floor":45},{"not_picked":["Perfected Strike","Sword Boomerang+1"],"picked":"Shrug It Off+1","floor":48}],"player_experience":196419,"relics_obtained":[{"floor":6.0,"key":"Toxic Egg 2"},{"floor":9.0,"key":"StrikeDummy"},{"floor":14.0,"key":"AT_BladeRuinedKing"},{"floor":17.0,"key":"DataDisk"},{"floor":17.0,"key":"Pantograph"},{"floor":17.0,"key":"Mango"},{"floor":23,"key":"Bag of Preparation"},{"floor":25,"key":"White Beast Statue"},{"floor":26,"key":"Nunchaku"},{"floor":40,"key":"InkBottle"},{"floor":40,"key":"Bird Faced Urn"},{"floor":43,"key":"Ornamental Fan"},{"floor":45,"key":"Ginger"},{"floor":45,"key":"AT_ImmortalShieldbow"}],"event_choices":[{"damage_healed":0.0,"max_hp_gain":0.0,"max_hp_loss":0.0,"gold_gain":0.0,"event_name":"Accursed Blacksmith","player_choice":"Forge","floor":2.0,"gold_loss":0.0,"damage_taken":0.0,"cards_upgraded":["Armaments"]},{"damage_healed":0.0,"max_hp_gain":0.0,"max_hp_loss":0.0,"gold_gain":0.0,"event_name":"The Woman in Blue","player_choice":"Bought 0 Potions","floor":11.0,"gold_loss":0.0,"damage_taken":0.0},{"damage_healed":0,"gold_gain":0,"player_choice":"1 cards matched","damage_taken":0,"max_hp_gain":0,"max_hp_loss":0,"event_name":"Match and Keep!","floor":21,"gold_loss":0,"cards_obtained":["Hyperbeam"]},{"cards_removed":["Pommel Strike"],"damage_healed":0,"gold_gain":0,"player_choice":"Removed Attack","damage_taken":0,"max_hp_gain":0,"max_hp_loss":0,"event_name":"Falling","floor":39,"gold_loss":0},{"damage_healed":0,"gold_gain":0,"player_choice":"Ignored","damage_taken":0,"max_hp_gain":0,"max_hp_loss":0,"event_name":"Tomb of Lord Red Mask","floor":41,"gold_loss":0},{"damage_healed":0,"gold_gain":0,"player_choice":"Max HP","damage_taken":0,"max_hp_gain":0,"max_hp_loss":4,"event_name":"Winding Halls","floor":46,"gold_loss":0},{"cards_removed":["AT_HeatAcrobatics"],"damage_healed":0,"gold_gain":0,"player_choice":"Gave Card","damage_taken":0,"relics_obtained":["Incense Burner"],"max_hp_gain":0,"max_hp_loss":0,"event_name":"WeMeetAgain","floor":47,"gold_loss":0}],"is_beta":true,"boss_relics":[{"not_picked":["FrozenCore","Runic Pyramid"],"picked":"Calling Bell"},{"not_picked":["Velvet Choker","Coffee Dripper"],"picked":"Black Star"}],"items_purged_floors":[20,29,37],"is_endless":false,"potions_floor_spawned":[5,6,13,14,16,19,22,25,28,30,31,33,35,36,38,40,45,48],"ascension_level":0}}