{"host":"2qv44oxt58ptq59r","time":1612464095,"event":{"mods":["AchievementEnabler","BaseMod","Colored Powertips","Highlight Path","Minty Spire (QoL Compilation)","Permanent Neow","StSLib"],"gold_per_floor":[112,112,126,3,3,3,27,27,79,98,128,147,147,164,164,266,266,286,286,297,310,323,323,598,598,653,13,28,28,47,63,63,167,167,180,180,200,8,28,28,42,57,107,120,120,135,151,169,169,169,169,169,17,17,17],"floor_reached":54,"language":"ENG","playtime":13015,"items_purged":["Strike_R","Regret"],"score":697,"play_id":"42c7ca6c-966d-476b-9a7a-4749a0aaa6bd","local_time":"20210204184135","is_ascension_mode":false,"campfire_choices":[{"data":"Rupture","floor":6.0,"key":"SMITH"},{"data":"Spot Weakness","floor":15.0,"key":"SMITH"},{"floor":23.0,"key":"REST"},{"floor":25.0,"key":"REST"},{"floor":29.0,"key":"RECALL"},{"data":"Combust","floor":32.0,"key":"SMITH"},{"data":"Limit Break","floor":40.0,"key":"SMITH"},{"floor":45,"key":"REST"},{"floor":49,"key":"REST"},{"data":"Reaper","floor":52,"key":"SMITH"}],"circlet_count":0,"master_deck":["Strike_R","Strike_R","Strike_R","Strike_R","Defend_R","Defend_R","Defend_R","Defend_R","Bash+1","Rupture+1","Shrug It Off+1","Fire Breathing","Bash","Shockwave","Reaper+1","Heavy Blade","Spot Weakness+1","Juggernaut","RitualDagger","Heavy Blade+1","Flame Barrier+1","Shrug It Off+1","Bandage Up","Shockwave","Combust+1","Limit Break+1","Feed","Rupture+1","Power Through","Clothesline","Warcry+1","Parasite"],"relics":["Black Blood","Pear","Anchor","Nunchaku","Happy Flower","Gremlin Horn","Ancient Tea Set","Ginger","Tiny Chest","Busted Crown","HandDrill","Pen Nib"],"acts_visited":["Exordium","TheCity","TheBeyond","TheEnding"],"potions_floor_usage":[50,54],"damage_taken":[{"damage":1.0,"enemies":"Cultist","floor":1.0,"turns":3.0},{"damage":0.0,"enemies":"Jaw Worm","floor":3.0,"turns":6.0},{"damage":0.0,"enemies":"2 Louse","floor":10.0,"turns":2.0},{"damage":39.0,"enemies":"Lagavulin","floor":11.0,"turns":11.0},{"damage":8.0,"enemies":"Exordium Thugs","floor":12.0,"turns":6.0},{"damage":6.0,"enemies":"Large Slime","floor":14.0,"turns":6.0},{"damage":51.0,"enemies":"The Guardian","floor":16.0,"turns":10.0},{"damage":0.0,"enemies":"3 Byrds","floor":18.0,"turns":3.0},{"damage":18.0,"enemies":"Spheric Guardian","floor":20.0,"turns":5.0},{"damage":39.0,"enemies":"Snake Plant","floor":21.0,"turns":5.0},{"damage":43.0,"enemies":"Shelled Parasite and Fungi","floor":22.0,"turns":7.0},{"damage":18.0,"enemies":"Snecko","floor":28.0,"turns":5.0},{"damage":22.0,"enemies":"Sentry and Sphere","floor":30.0,"turns":4.0},{"damage":6.0,"enemies":"Centurion and Healer","floor":31.0,"turns":5.0},{"damage":89.0,"enemies":"Champ","floor":33.0,"turns":13.0},{"damage":0.0,"enemies":"3 Shapes","floor":35.0,"turns":4.0},{"damage":26.0,"enemies":"Orb Walker","floor":37.0,"turns":5.0},{"damage":43.0,"enemies":"3 Darklings","floor":39.0,"turns":6.0},{"damage":8.0,"enemies":"4 Shapes","floor":41.0,"turns":4.0},{"damage":18.0,"enemies":"Transient","floor":42.0,"turns":5.0},{"damage":56,"enemies":"Writhing Mass","floor":44,"turns":6},{"damage":47,"enemies":"Spire Growth","floor":46,"turns":5},{"damage":7,"enemies":"Jaw Worm Horde","floor":47,"turns":4},{"damage":15,"enemies":"Writhing Mass","floor":48,"turns":5},{"damage":76,"enemies":"Donu and Deca","floor":50,"turns":8},{"damage":121,"enemies":"Shield and Spear","floor":54,"turns":6}],"seed_played":"7272692316535654865","potions_obtained":[{"floor":1.0,"key":"PowerPotion"},{"floor":3.0,"key":"Ancient Potion"},{"floor":12.0,"key":"LiquidBronze"},{"floor":16.0,"key":"EssenceOfSteel"},{"floor":20.0,"key":"Strength Potion"},{"floor":28.0,"key":"Fire Potion"},{"floor":31.0,"key":"Regen Potion"},{"floor":33.0,"key":"DuplicationPotion"},{"floor":35.0,"key":"Energy Potion"},{"floor":41.0,"key":"ElixirPotion"},{"floor":42.0,"key":"DuplicationPotion"}],"is_trial":false,"path_per_floor":["M","?","M","$","?","R","T","?","T","M","E","M","?","M","R","B",null,"M","?","M","M","M","R","?","R","T","$","M","R","M","M","R","B",null,"M","?","M","$","M","R","M","M","T","M","R","M","M","M","R","B",null,"R","$","E"],"character_chosen":"IRONCLAD","items_purchased":["Block Potion","Ginger","Tiny Chest","Bandage Up","HandDrill","BloodPotion","Pen Nib"],"campfire_rested":4,"item_purchase_floors":[4,27,27,27,38,38,53],"current_hp_per_floor":[80,78,84,84,84,84,84,84,84,90,57,67,67,73,73,40,90,90,84,78,51,20,47,47,74,74,74,84,84,81,90,90,61,90,90,90,86,86,78,78,86,84,84,47,74,49,54,58,86,68,96,96,96,0,0],"gold":17,"neow_bonus":"UPGRADE_CARD","is_daily":false,"chose_seed":false,"campfire_upgraded":5,"win_rate":0.0,"timestamp":1612464095,"path_taken":["M","?","M","$","?","R","?","?","T","?","E","M","?","M","R","BOSS","M","?","M","M","M","R","?","R","T","$","?","R","M","M","R","BOSS","M","?","M","$","?","R","M","M","T","M","R","M","M","M","R","BOSS","R","$","E"],"items_purchased_type":["Potion","Relic","Relic","Card","Relic","Potion","Relic"],"build_version":"2020-12-22","purchased_purges":2,"victory":false,"max_hp_per_floor":[80,90,90,90,90,90,90,90,90,90,90,90,90,90,90,90,90,90,90,90,90,90,90,90,90,90,90,90,90,90,90,90,90,90,90,90,90,90,90,90,90,90,90,93,93,93,93,96,96,96,96,96,96,96,96],"card_choices":[{"not_picked":["Bloodletting","Sentinel"],"picked":"Rupture","floor":1.0},{"not_picked":["Clash","Hemokinesis"],"picked":"Shrug It Off","floor":3.0},{"not_picked":["Cleave","Clash"],"picked":"Shockwave","floor":10.0},{"not_picked":["Metallicize","Shrug It Off"],"picked":"Reaper","floor":11.0},{"not_picked":["Rupture","Warcry"],"picked":"Heavy Blade","floor":12.0},{"not_picked":["Warcry","Thunderclap"],"picked":"Spot Weakness","floor":14.0},{"not_picked":["Offering","Impervious"],"picked":"Juggernaut","floor":16.0},{"not_picked":["Twin Strike","True Grit","Anger"],"picked":"SKIP","floor":18.0},{"not_picked":["Shrug It Off","Cleave"],"picked":"Heavy Blade+1","floor":20.0},{"not_picked":["Clash+1","Iron Wave"],"picked":"Flame Barrier+1","floor":21.0},{"not_picked":["Havoc","Sword Boomerang"],"picked":"Shrug It Off+1","floor":22.0},{"not_picked":["Rampage+1","Iron Wave"],"picked":"Shockwave","floor":28.0},{"not_picked":["Searing Blow+1","Twin Strike","Infernal Blade"],"picked":"SKIP","floor":30.0},{"not_picked":["Immolate","Shrug It Off"],"picked":"Combust","floor":31.0},{"not_picked":["Bludgeon","Fiend Fire"],"picked":"Limit Break","floor":33.0},{"not_picked":["Anger+1"],"picked":"SKIP","floor":35.0},{"not_picked":["Flex"],"picked":"SKIP","floor":37.0},{"not_picked":[],"picked":"Rupture+1","floor":39.0},{"not_picked":["True Grit"],"picked":"SKIP","floor":41.0},{"not_picked":[],"picked":"Power Through","floor":42.0},{"not_picked":[],"picked":"Clothesline","floor":44},{"not_picked":[],"picked":"Warcry+1","floor":46},{"not_picked":["Burning Pact"],"picked":"SKIP","floor":47},{"not_picked":["Havoc"],"picked":"SKIP","floor":48}],"player_experience":5582353,"relics_obtained":[{"floor":7.0,"key":"Anchor"},{"floor":9.0,"key":"Nunchaku"},{"floor":11.0,"key":"Happy Flower"},{"floor":26.0,"key":"Ancient Tea Set"}],"event_choices":[{"damage_healed":0.0,"max_hp_gain":0.0,"max_hp_loss":0.0,"gold_gain":0.0,"event_name":"Scrap Ooze","player_choice":"Success","floor":2.0,"gold_loss":0.0,"damage_taken":12.0,"relics_obtained":["Pear"]},{"damage_healed":0.0,"max_hp_gain":0.0,"max_hp_loss":0.0,"gold_gain":0.0,"event_name":"Living Wall","player_choice":"Grow","floor":5.0,"gold_loss":0.0,"damage_taken":0.0,"cards_upgraded":["Shrug It Off"]},{"damage_healed":0.0,"max_hp_gain":0.0,"max_hp_loss":0.0,"gold_gain":0.0,"event_name":"Match and Keep!","player_choice":"2 cards matched","floor":8.0,"gold_loss":0.0,"damage_taken":0.0,"cards_obtained":["Fire Breathing","Bash"]},{"damage_healed":0.0,"max_hp_gain":0.0,"max_hp_loss":0.0,"gold_gain":0.0,"event_name":"Dead Adventurer","player_choice":"Searched \u00272\u0027 times","floor":13.0,"gold_loss":0.0,"damage_taken":0.0,"relics_obtained":["Gremlin Horn"]},{"damage_healed":0.0,"max_hp_gain":0.0,"max_hp_loss":0.0,"gold_gain":0.0,"event_name":"Nest","player_choice":"Joined the Cult","floor":19.0,"gold_loss":0.0,"damage_taken":6.0,"cards_obtained":["RitualDagger"]},{"damage_healed":0.0,"max_hp_gain":0.0,"max_hp_loss":0.0,"gold_gain":275.0,"event_name":"Golden Shrine","player_choice":"Desecrate","floor":24.0,"gold_loss":0.0,"damage_taken":0.0,"cards_obtained":["Regret"]},{"damage_healed":0.0,"max_hp_gain":0.0,"max_hp_loss":0.0,"gold_gain":0.0,"event_name":"Match and Keep!","player_choice":"1 cards matched","floor":36.0,"gold_loss":0.0,"damage_taken":0.0,"cards_obtained":["Feed"]}],"is_beta":false,"boss_relics":[{"not_picked":["Astrolabe","Runic Dome"],"picked":"Black Blood"},{"not_picked":["Mark of Pain","Pandora\u0027s Box"],"picked":"Busted Crown"}],"items_purged_floors":[4,27],"is_endless":false,"potions_floor_spawned":[1,3,12,16,20,28,31,33,35,41,42],"killed_by":"Shield and Spear","ascension_level":0}}