{"host":"if46sxignvy4ka0k","time":1612411497,"event":{"mods":["BaseMod","Minty Spire (QoL Compilation)","StSLib","The Cursed"],"gold_per_floor":[111,111,123,142,417,417,445,445,520,530,99,110,100,134,134,134,134],"floor_reached":16,"language":"ENG","playtime":903,"items_purged":[],"score":112,"play_id":"e50445cc-f9ec-4851-bb95-eefdbe44a514","local_time":"20210203220457","is_ascension_mode":false,"campfire_choices":[{"data":"TheCursedMod:LuckyCharm","floor":6,"key":"SMITH"},{"data":"TheCursedMod:OutForBlood","floor":8,"key":"SMITH"},{"floor":15,"key":"REST"}],"circlet_count":0,"master_deck":["TheCursedMod:Strike_TheCursed","TheCursedMod:Strike_TheCursed","TheCursedMod:Strike_TheCursed","TheCursedMod:Defend_TheCursed","TheCursedMod:Defend_TheCursed","TheCursedMod:Defend_TheCursed","TheCursedMod:Defend_TheCursed","TheCursedMod:CursedWand","TheCursedMod:CleanUpWorkshop","TheCursedMod:Dregs","TheCursedMod:Evocation","TheCursedMod:SpitefulStrike","Pain","TheCursedMod:LuckyCharm+1","TheCursedMod:FleshFromBone","Regret","TheCursedMod:OutForBlood+1","TheCursedMod:CircleOfFlame","TheCursedMod:CircleOfBlood+1","TheCursedMod:SpitefulPlan","TheCursedMod:Torture+1","TheCursedMod:CursedArmor+1","TheCursedMod:Torture+1"],"relics":["TheCursedMod:BlackMagic101","WarpedTongs","Toy Ornithopter","Gremlin Horn","Toxic Egg 2","Vajra"],"acts_visited":["Exordium"],"potions_floor_usage":[7,13,14],"damage_taken":[{"damage":0,"enemies":"2 Louse","floor":1,"turns":4},{"damage":1,"enemies":"Cultist","floor":3,"turns":3},{"damage":2,"enemies":"Jaw Worm","floor":4,"turns":3},{"damage":24,"enemies":"Gremlin Nob","floor":7,"turns":6},{"damage":1,"enemies":"Looter","floor":10,"turns":4},{"damage":13,"enemies":"Blue Slaver","floor":12,"turns":4},{"damage":35,"enemies":"Exordium Thugs","floor":13,"turns":4},{"damage":22,"enemies":"3 Sentries","floor":14,"turns":8},{"damage":34,"enemies":"Slime Boss","floor":16,"turns":3}],"seed_played":"1389742008833391302","potions_obtained":[{"floor":7,"key":"Fruit Juice"},{"floor":10,"key":"Energy Potion"},{"floor":13,"key":"DistilledChaos"}],"is_trial":false,"path_per_floor":["M","?","M","M","?","R","E","R","T","M","$","M","M","E","R","B"],"character_chosen":"THE_CURSED","items_purchased":["Toxic Egg 2","TheCursedMod:CircleOfBlood+1","TheCursedMod:SpitefulPlan","TheCursedMod:Torture+1"],"campfire_rested":1,"item_purchase_floors":[11,11,11,11],"current_hp_per_floor":[75,75,74,72,72,72,58,58,58,57,57,44,14,5,29,0,0],"gold":134,"neow_bonus":"TRANSFORM_CARD","is_daily":false,"chose_seed":false,"campfire_upgraded":2,"win_rate":0.0,"timestamp":1612411497,"path_taken":["M","?","?","M","?","R","E","R","T","M","$","?","M","E","R","BOSS"],"items_purchased_type":["Relic","Card","Card","Card"],"build_version":"2020-12-22","purchased_purges":0,"victory":false,"max_hp_per_floor":[75,75,75,75,75,75,80,80,80,80,80,80,80,80,80,80,80],"card_choices":[{"not_picked":["TheCursedMod:CursedMace","TheCursedMod:CursedShiv"],"picked":"TheCursedMod:SpitefulStrike","floor":1},{"not_picked":["TheCursedMod:SmokeScreen","TheCursedMod:FleshFromBone"],"picked":"TheCursedMod:LuckyCharm","floor":3},{"not_picked":["TheCursedMod:Stretching","TheCursedMod:CursedAmulet"],"picked":"TheCursedMod:FleshFromBone","floor":4},{"not_picked":["TheCursedMod:WearCloak","TheCursedMod:RavingStaff"],"picked":"TheCursedMod:OutForBlood","floor":7},{"not_picked":["TheCursedMod:SpitefulStrike","TheCursedMod:CursedMace"],"picked":"TheCursedMod:CircleOfFlame","floor":10},{"not_picked":["TheCursedMod:Torture+1","TheCursedMod:CursedMace"],"picked":"TheCursedMod:CursedArmor+1","floor":12},{"not_picked":["TheCursedMod:SpitefulStrike","TheCursedMod:PrepareRite+1","TheCursedMod:Grudge+1"],"picked":"SKIP","floor":13},{"not_picked":["TheCursedMod:CursedMace","TheCursedMod:CursedShiv"],"picked":"TheCursedMod:Torture+1","floor":14}],"player_experience":2127841,"relics_obtained":[{"floor":7,"key":"Toy Ornithopter"},{"floor":9,"key":"Gremlin Horn"},{"floor":14,"key":"Vajra"}],"event_choices":[{"damage_healed":0,"gold_gain":0,"player_choice":"Rummage","damage_taken":0,"relics_obtained":["WarpedTongs"],"max_hp_gain":0,"max_hp_loss":0,"event_name":"Accursed Blacksmith","floor":2,"gold_loss":0,"cards_obtained":["Pain"]},{"damage_healed":0,"gold_gain":275,"player_choice":"Desecrate","damage_taken":0,"max_hp_gain":0,"max_hp_loss":0,"event_name":"Golden Shrine","floor":5,"gold_loss":0,"cards_obtained":["Regret"]}],"is_beta":false,"boss_relics":[],"items_purged_floors":[],"is_endless":false,"potions_floor_spawned":[7,10,13],"killed_by":"Slime Boss","ascension_level":0}}