{"host":"mi0eibewekhugwl1","time":1612412675,"event":{"mods":["AchievementEnabler","BaseMod","Colored Map","Colored Powertips","DeckTracker","Keyboard Shortcuts","Minty Spire (QoL Compilation)","Quick Restart","Rare Cards Sparkle","Relic Stats","StSLib","SuperFastMode","everything is the same but u backflip on backflip"],"gold_per_floor":[14,32,42,52,52,52,82,93,93,126,126,126,126,126,126,126,126],"floor_reached":16,"language":"KOR","playtime":216,"items_purged":[],"score":220,"play_id":"ab51df55-f9ba-42c4-ab9c-466ffaf0aa8c","local_time":"20210204132435","is_ascension_mode":true,"campfire_choices":[{"data":"Bludgeon","floor":6,"key":"SMITH"},{"floor":15,"key":"REST"}],"circlet_count":0,"master_deck":["AscendersBane","Strike_R","Strike_R","Strike_R","Strike_R","Strike_R","Defend_R","Defend_R","Defend_R","Defend_R","Bash","Bludgeon+1","Battle Trance","Power Through","Burning Pact","Intimidate"],"relics":["Burning Blood","Du-Vu Doll","Juzu Bracelet","Lantern","Turnip","Golden Idol"],"acts_visited":["Exordium"],"potions_floor_usage":[7,10,16],"damage_taken":[{"damage":1,"enemies":"Cultist","floor":1,"turns":3},{"damage":12,"enemies":"Small Slimes","floor":2,"turns":3},{"damage":9,"enemies":"Jaw Worm","floor":3,"turns":3},{"damage":13,"enemies":"Blue Slaver","floor":4,"turns":3},{"damage":25,"enemies":"3 Sentries","floor":7,"turns":8},{"damage":11,"enemies":"3 Louse","floor":8,"turns":4},{"damage":16,"enemies":"Lagavulin","floor":10,"turns":5},{"damage":0,"enemies":"The Guardian","floor":16,"turns":2}],"seed_played":"-3495138979616226091","potions_obtained":[{"floor":1,"key":"LiquidMemories"},{"floor":2,"key":"EssenceOfSteel"},{"floor":7,"key":"ColorlessPotion"}],"is_trial":false,"path_per_floor":["M","M","M","M","$","R","E","M","T","E","?","?","T","?","R","B"],"character_chosen":"IRONCLAD","items_purchased":[],"campfire_rested":1,"item_purchase_floors":[],"current_hp_per_floor":[73,67,64,57,57,57,38,33,33,23,28,28,28,28,49,49,49],"gold":126,"neow_bonus":"THREE_RARE_CARDS","is_daily":false,"chose_seed":false,"campfire_upgraded":1,"win_rate":0.0,"timestamp":1612412675,"path_taken":["M","M","M","M","$","R","E","?","T","E","?","?","?","?","R","BOSS"],"items_purchased_type":[],"build_version":"2020-12-22","purchased_purges":0,"victory":false,"max_hp_per_floor":[75,75,75,75,75,75,75,75,75,75,80,80,80,72,72,72,72],"relic_stats":{"counters":[8,31],"Golden Idol":0,"Turnip":[0],"Juzu Bracelet":0,"obtain_stats":[{"Du-Vu Doll":7,"Lantern":10,"Golden Idol":14,"Turnip":13,"Juzu Bracelet":9,"Burning Blood":0},{"Du-Vu Doll":5,"Lantern":7,"Golden Idol":7,"Turnip":7,"Juzu Bracelet":6,"Burning Blood":0},{"Du-Vu Doll":20,"Lantern":29,"Golden Idol":29,"Turnip":29,"Juzu Bracelet":24,"Burning Blood":0}],"Burning Blood":42},"card_choices":[{"not_picked":["Brutality","Juggernaut"],"picked":"Bludgeon","floor":0},{"not_picked":["Heavy Blade","Pommel Strike"],"picked":"Battle Trance","floor":1},{"not_picked":["Armaments","Warcry","Sword Boomerang"],"picked":"SKIP","floor":2},{"not_picked":["Armaments","Heavy Blade"],"picked":"Power Through","floor":3},{"not_picked":["Sever Soul","Blood for Blood"],"picked":"Burning Pact","floor":4},{"not_picked":["Burning Pact","Combust"],"picked":"Intimidate","floor":7},{"not_picked":["Searing Blow","Headbutt","Anger"],"picked":"SKIP","floor":8},{"not_picked":["Body Slam","Spot Weakness","Armaments"],"picked":"SKIP","floor":10}],"player_experience":1778839,"relics_obtained":[{"floor":7,"key":"Du-Vu Doll"},{"floor":9,"key":"Juzu Bracelet"},{"floor":10,"key":"Lantern"},{"floor":13,"key":"Turnip"}],"event_choices":[{"damage_healed":0,"gold_gain":0,"player_choice":"Donut","damage_taken":0,"max_hp_gain":5,"max_hp_loss":0,"event_name":"Big Fish","floor":11,"gold_loss":0},{"damage_healed":0,"gold_gain":0,"player_choice":"Ignored","damage_taken":0,"max_hp_gain":0,"max_hp_loss":0,"event_name":"Liars Game","floor":12,"gold_loss":0},{"damage_healed":0,"gold_gain":0,"player_choice":"Lose Max HP","damage_taken":0,"relics_obtained":["Golden Idol"],"max_hp_gain":0,"max_hp_loss":8,"event_name":"Golden Idol","floor":14,"gold_loss":0}],"is_beta":false,"boss_relics":[],"items_purged_floors":[],"is_endless":false,"potions_floor_spawned":[1,2,7,8],"killed_by":"The Guardian","ascension_level":20}}