{"host":"7iv10lxbxedtd0qh","time":1612467897,"event":{"mods":["BaseMod","Colored Map","Colored Powertips","Downfall","Minty Spire (QoL Compilation)","StSLib"],"gold_per_floor":[0,19,19,4,4,65,65,65,50,75,75,88,88,99,111,206,206,206,226,236,236,249,349,375,400,400,418,429,429,429,455,471,576,576,576,588,605,618,56,88,88,106,106,106,106,106],"floor_reached":44,"language":"ENG","playtime":2979,"items_purged":["Guardian:CurlUp"],"score":764,"play_id":"12e99993-4989-4d2b-8b98-73bf5bc7a4ca","local_time":"20210204204457","is_ascension_mode":true,"campfire_choices":[{"data":"Guardian:TwinSlam","floor":1.0,"key":"SMITH"},{"data":"downfall:Malfunctioning","floor":8.0,"key":"PURGE"},{"data":"Guardian:Strike_Guardian","floor":11.0,"key":"PURGE"},{"data":"Guardian:Strike_Guardian","floor":13.0,"key":"PURGE"},{"data":"Guardian:Strike_Guardian+1","floor":18.0,"key":"PURGE"},{"data":"Guardian:MultiBeam","floor":26.0,"key":"SMITH"},{"data":"Guardian:Defend_Guardian","floor":29.0,"key":"PURGE"},{"data":"Guardian:Defend_Guardian","floor":35.0,"key":"PURGE"}],"circlet_count":0,"master_deck":["Guardian:Defend_Guardian+1","Guardian:Defend_Guardian+1","Guardian:TwinSlam+1","Guardian:Reroute","Guardian:MultiBeam+1","Guardian:SphericShield","Guardian:Planning","Guardian:ShieldCharger","Guardian:TimeCapacitor","Guardian:GatlingBeam+1","Guardian:ShieldCharger+1","Guardian:FierceBash+1","Guardian:Gem_Purple","Guardian:ShieldCharger+1","Guardian:Gem_White","Guardian:ChargeUp+1","expansioncontent:Chronoboost"],"relics":["Guardian:ModeShifter","Peace Pipe","Blood Vial","bronze:DecasWashers","Lantern","Philosopher\u0027s Stone","White Beast Statue","Bronze Scales","Ginger","Mercury Hourglass","Runic Dome","Gremlin Horn","Whetstone","Dream Catcher","Nunchaku"],"acts_visited":["Exordium","TheCity","TheBeyond"],"potions_floor_usage":[40,40,44],"damage_taken":[{"damage":7.0,"enemies":"Small Slimes","floor":2.0,"turns":5.0},{"damage":5.0,"enemies":"downfall:FleeingMerchant","floor":4.0,"turns":4.0},{"damage":22.0,"enemies":"3 Sentries","floor":6.0,"turns":5.0},{"damage":5.0,"enemies":"downfall:FleeingMerchant","floor":9.0,"turns":4.0},{"damage":19.0,"enemies":"Lagavulin","floor":10.0,"turns":8.0},{"damage":0.0,"enemies":"Cultist","floor":12.0,"turns":2.0},{"damage":0.0,"enemies":"2 Louse","floor":14.0,"turns":1.0},{"damage":0.0,"enemies":"Large Slime","floor":15.0,"turns":6.0},{"damage":23.0,"enemies":"SI_SHIV_ARCHETYPE","floor":16.0,"turns":15.0},{"damage":7.0,"enemies":"Shell Parasite","floor":19.0,"turns":6.0},{"damage":12.0,"enemies":"Chosen","floor":20.0,"turns":5.0},{"damage":17.0,"enemies":"Centurion and Healer","floor":22.0,"turns":6.0},{"damage":27.0,"enemies":"downfall:LadyInBlue","floor":23.0,"turns":12.0},{"damage":0.0,"enemies":"Book of Stabbing","floor":25.0,"turns":5.0},{"damage":19.0,"enemies":"Shelled Parasite and Fungi","floor":27.0,"turns":5.0},{"damage":6.0,"enemies":"Snecko","floor":28.0,"turns":5.0},{"damage":0.0,"enemies":"Slavers","floor":31.0,"turns":4.0},{"damage":7.0,"enemies":"Snake Plant","floor":32.0,"turns":4.0},{"damage":11.0,"enemies":"WA_ARCHETYPE_CALM","floor":33.0,"turns":8.0},{"damage":8.0,"enemies":"3 Darklings","floor":36.0,"turns":3.0},{"damage":4.0,"enemies":"Orb Walker","floor":37.0,"turns":4.0},{"damage":20.0,"enemies":"4 Shapes","floor":38.0,"turns":1.0},{"damage":0.0,"enemies":"downfall:FleeingMerchant","floor":39.0,"turns":4.0},{"damage":18,"enemies":"Nemesis","floor":40,"turns":7},{"damage":14,"enemies":"Spire Growth","floor":42,"turns":5},{"damage":47,"enemies":"Giant Head","floor":44,"turns":7}],"seed_played":"8599327291299040680","potions_obtained":[{"floor":2.0,"key":"LiquidMemories"},{"floor":14.0,"key":"Energy Potion"},{"floor":15.0,"key":"Fruit Juice"},{"floor":19.0,"key":"Fruit Juice"},{"floor":22.0,"key":"bronze:BurnAndBuffPotion"},{"floor":23.0,"key":"LiquidBronze"},{"floor":23.0,"key":"BlessingOfTheForge"},{"floor":23.0,"key":"Fire Potion"},{"floor":25.0,"key":"Explosive Potion"},{"floor":27.0,"key":"Block Potion"},{"floor":28.0,"key":"Guardian:BlockOnCardUsePotion"},{"floor":30.0,"key":"CultistPotion"},{"floor":31.0,"key":"Fruit Juice"},{"floor":32.0,"key":"Regen Potion"},{"floor":33.0,"key":"Explosive Potion"},{"floor":36.0,"key":"hexamod:SoulburnPotion"},{"floor":37.0,"key":"SteroidPotion"},{"floor":38.0,"key":"AttackPotion"},{"floor":40,"key":"Explosive Potion"},{"floor":42,"key":"Block Potion"}],"is_trial":false,"path_per_floor":["R","M","?","$","?","?","T","R","$","E","R","M","R","M","M","B",null,"R","M","M","?","M","?","T","E","R","M","M","R","?","E","M","B",null,"R","M","M","M","$","E","T","M","?","E"],"character_chosen":"GUARDIAN","items_purchased":["Guardian:Gem_White","Gremlin Horn","Whetstone"],"campfire_rested":0,"item_purchase_floors":[39,39,39],"current_hp_per_floor":[72,65,65,60,60,38,38,38,35,18,18,20,20,22,24,3,61,61,56,46,72,57,42,42,44,44,27,23,23,23,25,25,31,79,79,73,71,53,55,39,39,27,27,0,0,0],"gold":106,"neow_bonus":"ONE_RARE_RELIC","is_daily":false,"chose_seed":false,"campfire_upgraded":2,"win_rate":0.0,"timestamp":1612467897,"path_taken":["R","M","?","?","?","?","T","R","$","E","R","M","R","?","M","BOSS","R","M","M","?","M","?","T","E","R","M","?","R","?","E","M","BOSS","R","M","M","M","$","E","T","M","?","E"],"items_purchased_type":["Card","Relic","Relic"],"build_version":"2020-12-22","purchased_purges":1,"victory":false,"max_hp_per_floor":[80,80,80,80,80,80,80,80,80,80,80,80,80,80,80,80,80,80,80,80,80,80,90,90,90,90,90,90,90,90,90,95,95,95,95,95,95,95,95,95,95,95,95,95,95,95],"card_choices":[{"not_picked":["Guardian:Emergency","Guardian:PiercingHide"],"picked":"Guardian:Reroute","floor":2.0},{"not_picked":["Guardian:Reroute","Guardian:Gem_Lightblue"],"picked":"Guardian:MultiBeam","floor":4.0},{"not_picked":["Guardian:DonusPower","Guardian:Recover"],"picked":"Guardian:SphericShield","floor":9.0},{"not_picked":["Guardian:Preprogram","Guardian:CrystalBeam","Guardian:Gem_Green"],"picked":"SKIP","floor":10.0},{"not_picked":["Guardian:Incinerate","Guardian:Gem_Green"],"picked":"Guardian:Planning","floor":12.0},{"not_picked":["Guardian:Incinerate","Guardian:Gem_Green"],"picked":"Guardian:ShieldCharger","floor":14.0},{"not_picked":["Guardian:Gem_Fragmented","Guardian:AncientConstruct"],"picked":"Guardian:TimeCapacitor","floor":15.0},{"not_picked":["Guardian:StasisEngine","Guardian:CompilePackage"],"picked":"Guardian:GatlingBeam","floor":16.0},{"not_picked":["Guardian:Planning","Guardian:Preprogram","Guardian:Suspension"],"picked":"SKIP","floor":19.0},{"not_picked":["Guardian:WalkerClaw","Guardian:Gem_Blue","Guardian:VentSteam+1"],"picked":"SKIP","floor":20.0},{"not_picked":["Guardian:PiercingHide+1","Guardian:Recover+1","Guardian:Gem_Red"],"picked":"SKIP","floor":22.0},{"not_picked":["Guardian:TemporalStrike+1","Guardian:GuardianWhirl+1","Guardian:Incinerate"],"picked":"SKIP","floor":25.0},{"not_picked":["Guardian:TemporalShield+1","Guardian:WalkerClaw"],"picked":"Guardian:Gem_Cyan","floor":27.0},{"not_picked":["Guardian:ArmoredProtocol","Guardian:Gem_Green","Guardian:SentryBeam"],"picked":"SKIP","floor":28.0},{"not_picked":["Guardian:ArmoredProtocol","Guardian:CompilePackage"],"picked":"Guardian:ShieldCharger+1","floor":31.0},{"not_picked":["Guardian:BronzeOrb","Guardian:Incinerate","Guardian:Preprogram"],"picked":"SKIP","floor":32.0},{"not_picked":["Guardian:RevengeProtocol","Guardian:AncientConstruct"],"picked":"Guardian:FierceBash","floor":33.0},{"not_picked":["Guardian:BronzeOrb","Guardian:ShieldSpikes+1"],"picked":"Guardian:Gem_Purple","floor":36.0},{"not_picked":["Guardian:Incinerate+1","Guardian:Emergency+1"],"picked":"Guardian:ShieldCharger+1","floor":37.0},{"not_picked":["Guardian:VentSteam+1","Guardian:RollAttack+1","Guardian:PolyBeam"],"picked":"SKIP","floor":38.0},{"not_picked":["Guardian:WalkerClaw+1","Guardian:Incinerate+1","Guardian:TemporalStrike+1"],"picked":"SKIP","floor":39.0},{"not_picked":["Guardian:Incinerate","Guardian:RefractedBeam+1","Guardian:Suspension"],"picked":"SKIP","floor":40},{"not_picked":["Guardian:CrystalBeam+1","Guardian:GemFinder"],"picked":"Guardian:ChargeUp+1","floor":42},{"not_picked":["expansioncontent:YouAreMine","expansioncontent:Hexaburn"],"picked":"expansioncontent:Chronoboost","floor":43}],"player_experience":825238,"relics_obtained":[{"floor":6.0,"key":"Blood Vial"},{"floor":7.0,"key":"bronze:DecasWashers"},{"floor":10.0,"key":"Lantern"},{"floor":23.0,"key":"White Beast Statue"},{"floor":24.0,"key":"Bronze Scales"},{"floor":25.0,"key":"Ginger"},{"floor":31.0,"key":"Mercury Hourglass"},{"floor":40,"key":"Dream Catcher"},{"floor":41,"key":"Nunchaku"}],"event_choices":[{"cards_removed":["Guardian:Strike_Guardian"],"damage_healed":0.0,"max_hp_gain":0.0,"max_hp_loss":0.0,"gold_gain":0.0,"event_name":"Bonfire Elementals","player_choice":"Offered Basic","floor":3.0,"gold_loss":0.0,"damage_taken":0.0},{"damage_healed":26.0,"max_hp_gain":0.0,"max_hp_loss":0.0,"gold_gain":0.0,"event_name":"The Library","player_choice":"Heal","floor":21.0,"gold_loss":0.0,"damage_taken":0.0}],"is_beta":false,"boss_relics":[{"not_picked":["Runic Pyramid","Astrolabe"],"picked":"Philosopher\u0027s Stone"},{"not_picked":["Calling Bell","SacredBark"],"picked":"Runic Dome"}],"items_purged_floors":[39],"is_endless":false,"potions_floor_spawned":[2,14,15,19,22,23,25,27,28,31,32,33,36,37,38,39,40,42],"killed_by":"Giant Head","ascension_level":8}}