{"host":"5n1fl7z5i1vf7jan","time":1612412991,"event":{"mods":["BaseMod","Minty Spire (QoL Compilation)","Quick Restart","Relic Stats"],"gold_per_floor":[113,113,125,194,319,319,329,329,329,406,419,451,463,488,488,562,562,580,905,973,973,973],"floor_reached":21,"language":"ENG","playtime":701,"items_purged":[],"score":372,"play_id":"7dcca961-382e-49a7-b50e-d88975f6f314","local_time":"20210203202951","is_ascension_mode":true,"campfire_choices":[{"data":"Eruption","floor":6.0,"key":"SMITH"},{"floor":8.0,"key":"REST"},{"floor":15.0,"key":"REST"}],"circlet_count":0,"master_deck":["AscendersBane","Strike_P","Strike_P","Strike_P","Strike_P","Defend_P","Defend_P","Defend_P","Defend_P","Eruption+1","Vigilance","BowlingBash","Adaptation","SashWhip","Protect","Consecrate","BowlingBash","ConjureBlade","ThirdEye","MasterReality","CurseOfTheBell","LikeWater","Regret","EmptyBody+1"],"relics":["PureWater","NeowsBlessing","SsserpentHead","Shuriken","MealTicket","Thread and Needle","Regal Pillow","Calling Bell","Vajra","Darkstone Periapt","CloakClasp"],"acts_visited":["Exordium","TheCity"],"potions_floor_usage":[20],"damage_taken":[{"damage":0.0,"enemies":"Jaw Worm","floor":1.0,"turns":1.0},{"damage":0.0,"enemies":"Cultist","floor":3.0,"turns":1.0},{"damage":0.0,"enemies":"Small Slimes","floor":4.0,"turns":1.0},{"damage":12.0,"enemies":"Exordium Wildlife","floor":7.0,"turns":3.0},{"damage":10.0,"enemies":"Blue Slaver","floor":11.0,"turns":6.0},{"damage":30.0,"enemies":"Gremlin Nob","floor":12.0,"turns":4.0},{"damage":3.0,"enemies":"3 Louse","floor":13.0,"turns":5.0},{"damage":26.0,"enemies":"Lagavulin","floor":14.0,"turns":8.0},{"damage":12.0,"enemies":"The Guardian","floor":16.0,"turns":11.0},{"damage":22,"enemies":"Shell Parasite","floor":18,"turns":10},{"damage":2,"enemies":"2 Thieves","floor":20,"turns":4},{"damage":40,"enemies":"Chosen and Byrds","floor":21,"turns":5}],"seed_played":"-2056295443096236616","potions_obtained":[{"floor":3.0,"key":"Regen Potion"},{"floor":7.0,"key":"Fire Potion"},{"floor":13.0,"key":"LiquidBronze"},{"floor":18,"key":"DistilledChaos"}],"is_trial":false,"path_per_floor":["M","?","M","M","?","R","M","R","T","T","M","E","M","E","R","B",null,"M","?","M","M"],"character_chosen":"WATCHER","items_purchased":[],"campfire_rested":2,"item_purchase_floors":[],"current_hp_per_floor":[61,61,61,61,50,50,38,58,58,58,48,18,29,3,38,26,58,36,42,40,0,0],"gold":973,"neow_bonus":"THREE_ENEMY_KILL","is_daily":false,"chose_seed":false,"campfire_upgraded":1,"win_rate":0.0,"timestamp":1612412991,"path_taken":["M","?","M","?","?","R","M","R","T","?","M","E","M","E","R","BOSS","M","?","?","M"],"items_purchased_type":[],"build_version":"2020-12-22","purchased_purges":0,"victory":false,"max_hp_per_floor":[68,68,68,68,68,68,68,68,68,68,68,68,68,68,68,68,68,68,74,74,74,74],"relic_stats":{"Darkstone Periapt":6,"SsserpentHead":250,"Regal Pillow":15,"counters":[12,59],"Shuriken":[11],"MealTicket":0,"CloakClasp":[41],"obtain_stats":[{"Calling Bell":17,"Darkstone Periapt":17,"SsserpentHead":2,"Regal Pillow":14,"NeowsBlessing":0,"Shuriken":9,"Vajra":17,"MealTicket":10,"Thread and Needle":12,"CloakClasp":17,"PureWater":0},{"Calling Bell":9,"Darkstone Periapt":9,"SsserpentHead":1,"Regal Pillow":8,"NeowsBlessing":0,"Shuriken":4,"Vajra":9,"MealTicket":4,"Thread and Needle":6,"CloakClasp":9,"PureWater":0},{"Calling Bell":40,"Darkstone Periapt":40,"SsserpentHead":1,"Regal Pillow":29,"NeowsBlessing":0,"Shuriken":6,"Vajra":40,"MealTicket":6,"Thread and Needle":16,"CloakClasp":40,"PureWater":0}]},"card_choices":[{"not_picked":["Evaluate","Halt"],"picked":"BowlingBash","floor":1.0},{"not_picked":["InnerPeace","Nirvana"],"picked":"Adaptation","floor":3.0},{"not_picked":["EmptyBody","Crescendo"],"picked":"SashWhip","floor":4.0},{"not_picked":["Meditate","Sanctity"],"picked":"Protect","floor":7.0},{"not_picked":["FearNoEvil","Perseverance"],"picked":"Consecrate","floor":11.0},{"not_picked":["EmptyMind","Consecrate"],"picked":"BowlingBash","floor":12.0},{"not_picked":["Pray","Consecrate"],"picked":"ConjureBlade","floor":13.0},{"not_picked":["EmptyBody","Protect"],"picked":"ThirdEye","floor":14.0},{"not_picked":["ConjureBlade","DevaForm"],"picked":"MasterReality","floor":16.0},{"not_picked":["BattleHymn","JustLucky"],"picked":"LikeWater","floor":18},{"not_picked":["SandsOfTime","CrushJoints+1"],"picked":"EmptyBody+1","floor":20}],"player_experience":306751,"relics_obtained":[{"floor":9.0,"key":"Shuriken"},{"floor":10.0,"key":"MealTicket"},{"floor":12.0,"key":"Thread and Needle"},{"floor":14.0,"key":"Regal Pillow"},{"floor":17.0,"key":"Vajra"},{"floor":17.0,"key":"Darkstone Periapt"},{"floor":17.0,"key":"CloakClasp"}],"event_choices":[{"damage_healed":0.0,"max_hp_gain":0.0,"max_hp_loss":0.0,"gold_gain":0.0,"event_name":"FaceTrader","player_choice":"Trade","floor":2.0,"gold_loss":0.0,"damage_taken":0.0,"relics_obtained":["SsserpentHead"]},{"damage_healed":0.0,"max_hp_gain":0.0,"max_hp_loss":0.0,"gold_gain":75.0,"event_name":"World of Goop","player_choice":"Gather Gold","floor":5.0,"gold_loss":0.0,"damage_taken":11.0},{"damage_healed":0,"gold_gain":275,"player_choice":"Desecrate","damage_taken":0,"max_hp_gain":0,"max_hp_loss":0,"event_name":"Golden Shrine","floor":19,"gold_loss":0,"cards_obtained":["Regret"]}],"is_beta":false,"boss_relics":[{"not_picked":["Runic Pyramid","Fusion Hammer"],"picked":"Calling Bell"}],"items_purged_floors":[],"is_endless":false,"potions_floor_spawned":[3,7,11,13,18],"killed_by":"Chosen and Byrds","ascension_level":19}}