{"host":"bxn2em57qlx5u4i0","time":1612406846,"event":{"mods":["BaseMod","Colored Map","Colored Powertips","Highlight Path","Minty Spire (QoL Compilation)","Random Character Button","Relic Sorter","Relic Stats","StSLib","SuperFastMode"],"gold_per_floor":[111,111,111,111,127,167,167,202,241,289,344,356,406,449,461,562,574,599,627,639,304,343,381,381,417,467,505,505,548,120,120,120,216,216,230,28,361,361,381,415,415,444,470,504,7,32,32,51,51,51,51,51,51,51,84,84],"floor_reached":57,"language":"ENG","playtime":1696,"items_purged":["Anger","Reckless Charge","Shame","Writhe"],"score":4358,"play_id":"852236db-65c1-4ce0-8028-7397f4bd11a6","local_time":"20210203214726","daily_mods":["SealedDeck","Heirloom","Time Dilation","Flight","DeadlyEvents","Elite Swarm","Lethality"],"is_ascension_mode":true,"campfire_choices":[{"data":"Flex","floor":7.0,"key":"SMITH"},{"data":"Feed","floor":12.0,"key":"SMITH"},{"data":"Exhume","floor":15.0,"key":"SMITH"},{"data":"Impervious","floor":24,"key":"SMITH"},{"floor":28,"key":"RECALL"},{"data":"Impervious","floor":32,"key":"SMITH"},{"data":"Impervious","floor":41,"key":"SMITH"},{"data":"Impervious","floor":49,"key":"SMITH"},{"data":"True Grit","floor":53,"key":"SMITH"}],"circlet_count":0,"master_deck":["AscendersBane","Shrug It Off","True Grit+1","Burning Pact","Pommel Strike","Pommel Strike","Twin Strike","Anger","Flex+1","Impervious+1","Feed+1","Impervious+1","Exhume+1","Demon Form+1","Corruption+1","Feel No Pain+1","Offering","Impervious+1","Impervious+1","Limit Break","Corruption+1","Feel No Pain+1","Disarm+1","Impervious+1","Sentinel+1","Havoc+1","True Grit+1","Reaper","Shockwave+1","Rage+1","Impervious+1"],"relics":["Burning Blood","Calipers","Bag of Preparation","Lantern","MawBank","PreservedInsect","Mango","Frozen Egg 2","Dead Branch","Cursed Key","Shuriken","Ice Cream","Red Skull","Matryoshka","Boot","Ancient Tea Set","Toxic Egg 2","Gambling Chip","Pen Nib","SlaversCollar","Ornamental Fan","Bottled Tornado","Dream Catcher","Toy Ornithopter","Strawberry","OrangePellets","Incense Burner","CaptainsWheel"],"acts_visited":["Exordium","TheCity","TheBeyond","TheEnding"],"potions_floor_usage":[39,56],"damage_taken":[{"damage":0.0,"enemies":"Small Slimes","floor":1.0,"turns":1.0},{"damage":0.0,"enemies":"2 Louse","floor":5.0,"turns":1.0},{"damage":0.0,"enemies":"Gremlin Nob","floor":6.0,"turns":2.0},{"damage":0.0,"enemies":"Lagavulin","floor":8.0,"turns":3.0},{"damage":13.0,"enemies":"3 Sentries","floor":10.0,"turns":4.0},{"damage":0.0,"enemies":"Gremlin Nob","floor":11.0,"turns":2.0},{"damage":0.0,"enemies":"3 Sentries","floor":13.0,"turns":3.0},{"damage":0.0,"enemies":"Gremlin Nob","floor":14.0,"turns":1.0},{"damage":13.0,"enemies":"Hexaghost","floor":16.0,"turns":8.0},{"damage":0.0,"enemies":"Spheric Guardian","floor":18.0,"turns":4.0},{"damage":0.0,"enemies":"Shell Parasite","floor":19.0,"turns":2.0},{"damage":6,"enemies":"Gremlin Leader","floor":22,"turns":3},{"damage":6,"enemies":"Slavers","floor":23,"turns":3},{"damage":6,"enemies":"Gremlin Leader","floor":25,"turns":3},{"damage":6,"enemies":"Book of Stabbing","floor":27,"turns":3},{"damage":0,"enemies":"Gremlin Leader","floor":29,"turns":2},{"damage":12,"enemies":"Automaton","floor":33,"turns":5},{"damage":0,"enemies":"Orb Walker","floor":35,"turns":6},{"damage":6,"enemies":"3 Shapes","floor":39,"turns":3},{"damage":0,"enemies":"Reptomancer","floor":40,"turns":3},{"damage":0,"enemies":"Nemesis","floor":42,"turns":1},{"damage":3,"enemies":"Giant Head","floor":44,"turns":1},{"damage":6,"enemies":"Reptomancer","floor":46,"turns":1},{"damage":0,"enemies":"Writhing Mass","floor":48,"turns":2},{"damage":6,"enemies":"Donu and Deca","floor":50,"turns":4},{"damage":6,"enemies":"Time Eater","floor":51,"turns":9},{"damage":6,"enemies":"Shield and Spear","floor":55,"turns":3},{"damage":8,"enemies":"The Heart","floor":56,"turns":4}],"seed_played":"-6162392607548739754","potions_obtained":[{"floor":5.0,"key":"Block Potion"},{"floor":8.0,"key":"Energy Potion"},{"floor":29,"key":"Fruit Juice"},{"floor":39,"key":"Energy Potion"}],"is_trial":true,"path_per_floor":["M","?","?","T","M","E","R","E","T","E","E","R","E","E","R","B",null,"M","M","?","$","E","E","R","E","T","E","R","E","$","?","R","B",null,"M","$","?","?","M","E","R","E","T","E","$","E","T","M","R","B","B",null,"R","$","E","B",null],"character_chosen":"IRONCLAD","items_purchased":["Shuriken","Pen Nib","Feel No Pain+1","Disarm+1","Havoc+1","True Grit+1","OrangePellets","Shockwave+1","Rage+1"],"campfire_rested":0,"item_purchase_floors":[21,30,30,30,36,36,45,45,45],"current_hp_per_floor":[74,74,48,48,54,60,60,66,66,62,82,82,92,100,100,97,102,108,112,112,112,116,120,120,124,124,128,128,132,132,132,132,130,135,140,140,140,140,149,153,153,157,157,168,168,172,172,176,176,180,184,184,184,184,188,192],"gold":84,"neow_bonus":"","is_daily":false,"chose_seed":false,"campfire_upgraded":8,"win_rate":0.0,"timestamp":1612406846,"path_taken":["M","?","?","?","?","E","R","E","T","E","E","R","E","?","R","BOSS","M","?","?","$","?","E","R","E","T","E","R","E","$","?","R","BOSS","M","$","?","?","?","E","R","E","T","E","$","E","?","M","R","BOSS","BOSS","R","$","E","BOSS"],"items_purchased_type":["Relic","Relic","Card","Card","Card","Card","Relic","Card","Card"],"build_version":"2020-12-22","purchased_purges":4,"victory":true,"max_hp_per_floor":[75,75,75,75,75,75,75,75,75,78,92,92,96,100,100,104,104,108,112,112,112,116,120,120,124,124,128,128,132,132,132,132,136,136,140,140,140,140,149,153,153,157,157,168,168,172,172,176,176,180,184,184,184,184,188,192],"relic_stats":{"counters":[28,87],"Dead Branch":[431],"PreservedInsect":680,"Pen Nib":[7],"Bag of Preparation":[54],"MawBank":156,"Cursed Key":2,"Boot":[0],"Burning Blood":118,"OrangePellets":[10],"Dream Catcher":0,"Shuriken":[19],"Ornamental Fan":[36],"Gambling Chip":[17],"obtain_stats":[{"Ice Cream":22,"Lantern":6,"Calipers":0,"Mango":11,"Bag of Preparation":4,"Incense Burner":46,"Bottled Tornado":42,"Cursed Key":17,"Boot":26,"Ancient Tea Set":26,"Burning Blood":0,"Dream Catcher":43,"Matryoshka":25,"Gambling Chip":29,"Strawberry":44,"Toxic Egg 2":27,"Red Skull":23,"Golden Idol":3,"Dead Branch":14,"PreservedInsect":10,"Pen Nib":30,"Frozen Egg 2":13,"MawBank":8,"SlaversCollar":34,"OrangePellets":45,"CaptainsWheel":55,"Shuriken":21,"Ornamental Fan":40,"Toy Ornithopter":43},{"Ice Cream":12,"Lantern":3,"Calipers":0,"Mango":6,"Bag of Preparation":1,"Incense Burner":23,"Bottled Tornado":21,"Cursed Key":9,"Boot":14,"Ancient Tea Set":14,"Burning Blood":0,"Dream Catcher":21,"Matryoshka":14,"Gambling Chip":16,"Strawberry":22,"Toxic Egg 2":15,"Red Skull":13,"Golden Idol":1,"Dead Branch":8,"PreservedInsect":5,"Pen Nib":16,"Frozen Egg 2":7,"MawBank":4,"SlaversCollar":17,"OrangePellets":22,"CaptainsWheel":27,"Shuriken":11,"Ornamental Fan":20,"Toy Ornithopter":21},{"Ice Cream":34,"Lantern":4,"Calipers":0,"Mango":13,"Bag of Preparation":1,"Incense Burner":65,"Bottled Tornado":63,"Cursed Key":25,"Boot":40,"Ancient Tea Set":40,"Burning Blood":0,"Dream Catcher":63,"Matryoshka":40,"Gambling Chip":45,"Strawberry":64,"Toxic Egg 2":43,"Red Skull":37,"Golden Idol":1,"Dead Branch":17,"PreservedInsect":11,"Pen Nib":45,"Frozen Egg 2":16,"MawBank":7,"SlaversCollar":50,"OrangePellets":64,"CaptainsWheel":83,"Shuriken":31,"Ornamental Fan":62,"Toy Ornithopter":63}],"Toy Ornithopter":2},"card_choices":[{"not_picked":["Clash","Uppercut","Cleave"],"picked":"SKIP","floor":1.0},{"not_picked":["Perfected Strike","Hemokinesis","Body Slam"],"picked":"SKIP","floor":5.0},{"not_picked":["Fiend Fire","Exhume"],"picked":"Impervious","floor":6.0},{"not_picked":["Barricade","Reaper"],"picked":"Feed","floor":8.0},{"not_picked":["Reaper","Immolate"],"picked":"Impervious","floor":10.0},{"not_picked":["Double Tap","Corruption","Fiend Fire"],"picked":"SKIP","floor":11.0},{"not_picked":["Juggernaut+1","Double Tap"],"picked":"Exhume","floor":13.0},{"not_picked":["Brutality+1","Bludgeon"],"picked":"Demon Form+1","floor":14.0},{"not_picked":["Berserk+1","Reaper"],"picked":"Corruption+1","floor":16.0},{"not_picked":["Iron Wave","Sword Boomerang","Dark Embrace+1"],"picked":"SKIP","floor":18.0},{"not_picked":["Spot Weakness+1","Perfected Strike"],"picked":"Feel No Pain+1","floor":19.0},{"not_picked":["Limit Break","Exhume"],"picked":"Impervious","floor":22},{"not_picked":["Barricade+1","Reaper"],"picked":"Impervious","floor":23},{"not_picked":["Berserk+1","Double Tap"],"picked":"Limit Break","floor":25},{"not_picked":["Juggernaut+1","Barricade+1"],"picked":"Corruption+1","floor":27},{"not_picked":["Juggernaut+1","Bludgeon","Demon Form+1"],"picked":"SKIP","floor":29},{"not_picked":["Juggernaut+1","Berserk+1"],"picked":"Impervious+1","floor":33},{"not_picked":["Headbutt","Clash+1"],"picked":"Sentinel+1","floor":35},{"not_picked":["Headbutt","Thunderclap","Heavy Blade"],"picked":"SKIP","floor":39},{"not_picked":["Barricade+1","Double Tap+1"],"picked":"Reaper","floor":40},{"not_picked":["Berserk+1","Demon Form+1","Barricade+1"],"picked":"SKIP","floor":42},{"not_picked":["Demon Form+1","Brutality+1","Double Tap+1"],"picked":"SKIP","floor":44},{"not_picked":["Demon Form+1","Bludgeon","Berserk+1"],"picked":"SKIP","floor":46},{"not_picked":["Heavy Blade+1","Clothesline","Perfected Strike"],"picked":"SKIP","floor":48},{"not_picked":["Feed","Barricade+1"],"picked":"Impervious+1","floor":55}],"player_experience":3008736,"relics_obtained":[{"floor":4.0,"key":"Bag of Preparation"},{"floor":6.0,"key":"Lantern"},{"floor":8.0,"key":"MawBank"},{"floor":10.0,"key":"PreservedInsect"},{"floor":11.0,"key":"Mango"},{"floor":13.0,"key":"Frozen Egg 2"},{"floor":14.0,"key":"Dead Branch"},{"floor":22,"key":"Ice Cream"},{"floor":23,"key":"Red Skull"},{"floor":25,"key":"Matryoshka"},{"floor":26,"key":"Boot"},{"floor":26,"key":"Ancient Tea Set"},{"floor":27,"key":"Toxic Egg 2"},{"floor":29,"key":"Gambling Chip"},{"floor":40,"key":"Ornamental Fan"},{"floor":42,"key":"Bottled Tornado"},{"floor":43,"key":"Dream Catcher"},{"floor":43,"key":"Toy Ornithopter"},{"floor":44,"key":"Strawberry"},{"floor":46,"key":"Incense Burner"},{"floor":55,"key":"CaptainsWheel"}],"event_choices":[{"damage_healed":0.0,"max_hp_gain":0.0,"max_hp_loss":0.0,"gold_gain":0.0,"event_name":"Liars Game","player_choice":"Ignored","floor":2.0,"gold_loss":0.0,"damage_taken":0.0},{"damage_healed":0.0,"max_hp_gain":0.0,"max_hp_loss":0.0,"gold_gain":0.0,"event_name":"Golden Idol","player_choice":"Take Damage","floor":3.0,"gold_loss":0.0,"damage_taken":26.0,"relics_obtained":["Golden Idol"]},{"damage_healed":0,"gold_gain":0,"player_choice":"1 cards matched","damage_taken":0,"max_hp_gain":0,"max_hp_loss":0,"event_name":"Match and Keep!","floor":20,"gold_loss":0,"cards_obtained":["Offering"]},{"damage_healed":0,"gold_gain":0,"player_choice":"Ignored","damage_taken":0,"max_hp_gain":0,"max_hp_loss":0,"event_name":"Ghosts","floor":31,"gold_loss":0},{"damage_healed":0,"gold_gain":333,"player_choice":"Gave Idol","damage_taken":0,"max_hp_gain":0,"max_hp_loss":0,"event_name":"The Moai Head","floor":37,"relics_lost":["Golden Idol"],"gold_loss":0},{"damage_healed":0,"gold_gain":0,"player_choice":"Ignored","damage_taken":0,"max_hp_gain":0,"max_hp_loss":0,"event_name":"Tomb of Lord Red Mask","floor":38,"gold_loss":0}],"is_beta":false,"boss_relics":[{"not_picked":["Empty Cage","Ectoplasm"],"picked":"Cursed Key"},{"not_picked":["Mark of Pain","Fusion Hammer"],"picked":"SlaversCollar"}],"items_purged_floors":[21,30,36,45],"is_endless":false,"potions_floor_spawned":[5,8,16,22,23,27,29,39,42,46,48],"ascension_level":20}}