{"host":"lq2h7q9ca6uwu60x","time":1612451351,"event":{"mods":["Act Like it!","BaseMod","Gensokyo","Minty Spire (QoL Compilation)","StSLib","The Animator"],"gold_per_floor":[265,279,38,38,20,58,58,74,99,99,99,179,489,522,522,632,632,648,281,281,297,297,297,324,324,375,375,392,422,436,316,316,432,432,445,445,22,22,37,71,71,284,284,311,323,362,374,713,725,737,749,761,635,685,740,812,812,194,269,349,349,349,444,525,525,108,223,223,223],"floor_reached":70,"language":"ZHS","playtime":7522,"items_purged":["animator:Geryuganshoop","animator:Shichika","animator:Layla"],"score":1394,"play_id":"b916aeda-e96b-451b-a88a-29cc3e542459","local_time":"20210204230911","is_ascension_mode":true,"campfire_choices":[{"data":"animator:Layla","floor":7.0,"key":"SMITH"},{"data":"animator:AcuraShin","floor":10.0,"key":"SMITH"},{"data":"animator:Shuna","floor":15.0,"key":"SMITH"},{"data":"Gensokyo:FourOfAKind","floor":23.0,"key":"SMITH"},{"data":"Gensokyo:FourOfAKind","floor":25.0,"key":"SMITH"},{"data":"animator:Wiz","floor":27.0,"key":"SMITH"},{"data":"animator:HigakiRinne","floor":32.0,"key":"SMITH"},{"data":"animator:Ainz","floor":41.0,"key":"SMITH"},{"floor":49.0,"key":"RECALL"},{"data":"Gensokyo:FourOfAKind","floor":52.0,"key":"SMITH"},{"floor":62.0,"key":"REST"},{"floor":68,"key":"REST"}],"circlet_count":0,"master_deck":["animator:Shimakaze+1","animator:Rimuru","animator:Wiz+1","animator:AcuraShin+1","animator:HigakiRinne+1","animator:Shuna+1","animator:Eris+1","Gensokyo:FourOfAKind+1","Gensokyo:FourOfAKind+1","Gensokyo:FourOfAKind+1","Gensokyo:FourOfAKind+1","animator:Wiz+1","animator:Rimuru","animator:Guy+1","animator:Ainz+1","animator:Vesta+1","animator:Hans+1","Clumsy","animator:Fredrika+1","animator:Guy+1","animator:Sonic+1","animator:Wiz+1","animator:Hibiki+1","animator:Eris+1"],"relics":["animator:TheWolleyCore","animator:AncientMedallion"],"acts_visited":["Exordium","Gensokyo:Gensokyo","Gensokyo:Gensokyoer","TheEnding","EYB:TheUnnamedReign"],"potions_floor_usage":[67,67,69,69],"damage_taken":[{"damage":0.0,"enemies":"Gensokyo:3_Fairies","floor":1.0,"turns":3.0},{"damage":8.0,"enemies":"Gensokyo:Python","floor":2.0,"turns":3.0},{"damage":34.0,"enemies":"Gensokyo:Cirno","floor":6.0,"turns":6.0},{"damage":0.0,"enemies":"Gensokyo:Gryphon","floor":8.0,"turns":2.0},{"damage":0.0,"enemies":"Gensokyo:LivingMonolith","floor":13.0,"turns":3.0},{"damage":0.0,"enemies":"Gensokyo:Aya","floor":14.0,"turns":3.0},{"damage":0.0,"enemies":"Gensokyo:Yukari","floor":16.0,"turns":5.0},{"damage":11.0,"enemies":"Gensokyo:3_Dogs","floor":18.0,"turns":4.0},{"damage":2.0,"enemies":"Gensokyo:CosmicMonolith","floor":21.0,"turns":4.0},{"damage":16.0,"enemies":"Gensokyo:Koishi","floor":24.0,"turns":4.0},{"damage":48.0,"enemies":"Gensokyo:Slime_Group","floor":28.0,"turns":4.0},{"damage":24.0,"enemies":"Gensokyo:Tenshi","floor":29.0,"turns":4.0},{"damage":7.0,"enemies":"Gensokyo:Chomper_and_Gloop","floor":30.0,"turns":3.0},{"damage":2.0,"enemies":"Gensokyo:Eiki","floor":33.0,"turns":4.0},{"damage":0.0,"enemies":"Gensokyo:3_Bats","floor":35.0,"turns":4.0},{"damage":36.0,"enemies":"Gensokyo:3_Boulders","floor":39.0,"turns":7.0},{"damage":31.0,"enemies":"Gensokyo:Marisa","floor":40.0,"turns":4.0},{"damage":50.0,"enemies":"Gensokyo:Sharpion","floor":42.0,"turns":8.0},{"damage":0.0,"enemies":"Gensokyo:SeedOfUnknown","floor":44.0,"turns":3.0},{"damage":44.0,"enemies":"Gensokyo:Doremy","floor":46.0,"turns":5.0},{"damage":49.0,"enemies":"Gensokyo:Kasen","floor":48.0,"turns":6.0},{"damage":4.0,"enemies":"Gensokyo:Yuyuko","floor":50.0,"turns":4.0},{"damage":0.0,"enemies":"animator:UNNAMED_CULTIST_1","floor":54.0,"turns":9.0},{"damage":0.0,"enemies":"animator:UNNAMED_HAT","floor":55.0,"turns":6.0},{"damage":5.0,"enemies":"animator:UNNAMED_CULTIST_2","floor":59.0,"turns":6.0},{"damage":16.0,"enemies":"animator:TRIPLE_LAGAVULIN","floor":60.0,"turns":7.0},{"damage":10,"enemies":"animator:ULTIMATE_CRYSTAL","floor":63,"turns":4},{"damage":1,"enemies":"animator:ULTIMATE_CUBE","floor":67,"turns":7}],"seed_played":"-6932822830841051790","potions_obtained":[{"floor":2.0,"key":"SmokeBomb"},{"floor":6.0,"key":"ColorlessPotion"},{"floor":8.0,"key":"SmokeBomb"},{"floor":13.0,"key":"Strength Potion"},{"floor":21.0,"key":"FearPotion"},{"floor":29.0,"key":"Weak Potion"},{"floor":33.0,"key":"SteroidPotion"},{"floor":35.0,"key":"BlessingOfTheForge"},{"floor":40.0,"key":"SkillPotion"},{"floor":48.0,"key":"BlessingOfTheForge"},{"floor":54.0,"key":"animator:FalseLifePotion"},{"floor":55.0,"key":"animator:FalseLifePotion"},{"floor":59.0,"key":"animator:FalseLifePotion"},{"floor":67,"key":"animator:FalseLifePotion"}],"is_trial":false,"path_per_floor":["M","M","$","?","COS","E","R","M","T","R","?","?","M","E","R","B",null,"M","$","?","M","T","R","E","R","T","R","M","E","M","?","R","B",null,"M","?","COS","T","M","E","R","M","T","M","?","E","?","E","R","B",null,"R","??","M","M","T","?","$","M","M","?","R","E","T","?","$","E","R","B",null],"character_chosen":"THE_ANIMATOR","items_purchased":["animator:ColorlessFragment","Tiny Chest","animator:CerealBox","animator:AncientMedallion","animator:AncientMedallion","animator:Hibiki","animator:AncientMedallion"],"campfire_rested":2,"item_purchase_floors":[3,19,19,58,58,66,66],"current_hp_per_floor":[66,58,58,45,45,11,11,23,23,23,17,17,29,41,41,41,66,58,58,47,47,47,47,47,47,47,47,17,20,25,25,25,38,47,47,47,47,47,35,17,17,49,49,49,49,41,41,22,22,22,49,49,98,98,98,98,98,98,93,82,12,41,47,47,47,47,98,98,95],"gold":223,"neow_bonus":"BOSS_RELIC","is_daily":false,"chose_seed":false,"campfire_upgraded":9,"win_rate":0.0,"timestamp":1612451351,"path_taken":["M","?","$","?","COS","E","R","M","T","R","?","?","?","E","R","BOSS","M","$","?","?","?","R","E","R","T","R","?","E","M","?","R","BOSS","M","?","COS","?","?","E","R","M","T","M","?","E","?","E","R","BOSS","R","??","M","M","T","?","$","M","M","?","R","E","T","?","$","E","R","BOSS"],"items_purchased_type":["Relic","Relic","Relic","Relic","Relic","Card","Relic"],"build_version":"2020-12-22","purchased_purges":3,"victory":true,"max_hp_per_floor":[66,66,66,66,66,66,66,66,66,66,66,66,66,66,66,66,66,66,66,47,47,47,47,47,47,47,47,47,47,47,47,47,47,47,47,47,47,47,47,48,48,49,49,49,49,49,49,49,49,49,49,49,98,98,98,98,98,98,98,98,98,98,98,98,98,98,98,98,98],"card_choices":[{"not_picked":["animator:PandorasActor","animator:Genos","animator:Kuribayashi"],"picked":"SKIP","floor":1.0},{"not_picked":["animator:UneriGinkaku","animator:Gillette","animator:Entoma"],"picked":"SKIP","floor":2.0},{"not_picked":["animator:MumenRider","animator:Azekura"],"picked":"animator:HigakiRinne","floor":6.0},{"not_picked":["animator:PandorasActor","animator:Viivi","animator:Azekura"],"picked":"SKIP","floor":8.0},{"not_picked":["animator:Benimaru","animator:Shion"],"picked":"animator:Shuna","floor":13.0},{"not_picked":["animator:Emonzaemon","animator:Demiurge","animator:Benimaru"],"picked":"SKIP","floor":14.0},{"not_picked":["animator:Rimuru","animator:Boros"],"picked":"animator:Eris","floor":16.0},{"not_picked":["animator:PandorasActor+1","animator:SilverFang+1","animator:ZankiKiguchi+1"],"picked":"SKIP","floor":18.0},{"not_picked":["animator:PandorasActor+1","animator:SilverFang+1","animator:ZankiKiguchi+1"],"picked":"SKIP","floor":18.0},{"not_picked":["animator:Aqua","animator:Vanir"],"picked":"animator:Wiz","floor":21.0},{"not_picked":["animator:UneriGinkaku","animator:Vanir"],"picked":"animator:Rimuru","floor":24.0},{"not_picked":["animator:Vanir","animator:UneriGinkaku","animator:Kazuma"],"picked":"SKIP","floor":28.0},{"not_picked":["animator:Shion","animator:Shuna+1"],"picked":"animator:Souei+1","floor":29.0},{"not_picked":["animator:UneriGinkaku","animator:Millim"],"picked":"animator:Guy+1","floor":30.0},{"not_picked":["animator:Hans","animator:AcuraShin"],"picked":"animator:Ainz","floor":33.0},{"not_picked":["animator:Togame+1","animator:Nanami+1","animator:Layla"],"picked":"SKIP","floor":35.0},{"not_picked":["animator:Hakurou","animator:Benimaru"],"picked":"animator:Vesta+1","floor":39.0},{"not_picked":["animator:PandorasActor+1","animator:Bozes"],"picked":"animator:Hans","floor":40.0},{"not_picked":["animator:Millim","animator:Kazuma+1"],"picked":"animator:Togame+1","floor":42.0},{"not_picked":["animator:Viivi","animator:ChaikaBohdan"],"picked":"animator:Fredrika+1","floor":44.0},{"not_picked":["animator:MetalKnight+1","animator:AcuraShin","animator:Konayuki+1"],"picked":"SKIP","floor":46.0},{"not_picked":["animator:SilverFang+1","animator:Melzalgald","animator:Geryuganshoop+1"],"picked":"SKIP","floor":48.0},{"not_picked":["animator:Hitei","animator:Shion","animator:NarberalGamma+1"],"picked":"SKIP","floor":54.0},{"not_picked":["animator:Darkness","animator:SilverFang","animator:Entoma"],"picked":"SKIP","floor":55.0},{"not_picked":["animator:Shizu+1","animator:AcuraShin+1"],"picked":"animator:Wiz+1","floor":57.0},{"not_picked":["animator:Viivi","animator:Souei+1","animator:Genos"],"picked":"SKIP","floor":59.0},{"not_picked":["animator:Mitsurugi","animator:Benimaru+1","animator:Kazuma+1"],"picked":"SKIP","floor":60.0},{"not_picked":["animator:AcuraShin","animator:Arpeggio+1","animator:Souei"],"picked":"SKIP","floor":63},{"not_picked":["animator:Gillette+1","animator:Arpeggio+1"],"picked":"animator:Eris","floor":67}],"player_experience":799626,"relics_obtained":[{"floor":6.0,"key":"Meat on the Bone"},{"floor":9.0,"key":"Bag of Preparation"},{"floor":14.0,"key":"Nunchaku"},{"floor":24.0,"key":"Vajra"},{"floor":26.0,"key":"Whetstone"},{"floor":29.0,"key":"Toxic Egg 2"},{"floor":38.0,"key":"Pantograph"},{"floor":40.0,"key":"Gambling Chip"},{"floor":43.0,"key":"MawBank"},{"floor":46.0,"key":"animator:Buoy"},{"floor":48.0,"key":"Old Coin"},{"floor":53.0,"key":"animator:TheWolleyCore"},{"floor":56.0,"key":"animator:AncientMedallion"},{"floor":63,"key":"animator:AncientMedallion"},{"floor":64,"key":"animator:AncientMedallion"},{"floor":67,"key":"animator:AncientMedallion"}],"event_choices":[],"is_beta":false,"boss_relics":[{"not_picked":["animator:CursedBlade","Tiny House"],"picked":"Empty Cage"},{"not_picked":["SacredBark","Runic Dome"],"picked":"Cursed Key"}],"items_purged_floors":[3,19,58],"is_endless":false,"potions_floor_spawned":[2,6,8,13,21,29,33,35,39,40,48,54,55,63],"ascension_level":1}}