{"host":"bf5upntvbdompq33","time":1612414880,"event":{"mods":["BaseMod","Colored Map","Colored Powertips","Curses Come First","Minty Spire (QoL Compilation)","Replay The Spire","StSLib","The Animator","The Disciple","The Dragon Tamer","The Hierophant","The Marked","The Mystic","The Necromancer","The Servant 0.9.4"],"gold_per_floor":[117,135,149,163,6,6,17,17,42,58,77,77,77],"floor_reached":12,"language":"ENG","playtime":791,"items_purged":["Strike_W"],"score":74,"play_id":"b2cfa3a3-39e7-4d85-9748-2b22c553df4b","local_time":"20210203220120","is_ascension_mode":false,"campfire_choices":[{"data":"Summon_Undead_Army","floor":8,"key":"SMITH"}],"circlet_count":0,"master_deck":["Strike_W","Strike_W","Strike_W","Defend_W","Defend_W","Defend_W","Defend_W","Negative_Energy_Arrows","Bone_Wall","Bone_Armory","Life_Tap","Consume_Illness","Finger_Of_Death","Summon_Undead_Army+1","Bones_to_Steel","Thousand_Bone_Knives","Acid_Javelin","Slay_Living"],"relics":["Vampire_Amulet","NeowsBlessing","Smiling Mask","Oddly Smooth Stone"],"acts_visited":["Exordium"],"potions_floor_usage":[],"damage_taken":[{"damage":0,"enemies":"Jaw Worm","floor":1,"turns":1},{"damage":0,"enemies":"Cultist","floor":2,"turns":1},{"damage":0,"enemies":"2 Louse","floor":3,"turns":1},{"damage":42,"enemies":"Large Slime","floor":4,"turns":13},{"damage":11,"enemies":"Exordium Thugs","floor":7,"turns":5},{"damage":3,"enemies":"2 Fungi Beasts","floor":10,"turns":3},{"damage":16,"enemies":"Large Slime","floor":11,"turns":5},{"damage":22,"enemies":"Lagavulin","floor":12,"turns":5}],"seed_played":"-3966706137490645118","potions_obtained":[{"floor":2,"key":"ColorlessPotion"},{"floor":3,"key":"Strength Potion"},{"floor":11,"key":"Swift Potion"}],"is_trial":false,"path_per_floor":["M","M","M","M","$","?","M","R","T","M","M","E"],"character_chosen":"NECROMANCER","items_purchased":["Summon_Undead_Army","Bones_to_Steel"],"campfire_rested":0,"item_purchase_floors":[5,5],"current_hp_per_floor":[75,75,75,40,40,40,33,33,33,34,22,0,0],"gold":77,"neow_bonus":"THREE_ENEMY_KILL","is_daily":false,"chose_seed":false,"campfire_upgraded":1,"win_rate":0.0,"timestamp":1612414880,"path_taken":["M","M","M","M","$","?","M","R","T","M","M","E"],"items_purchased_type":["Card","Card"],"build_version":"2020-12-22","purchased_purges":1,"victory":false,"max_hp_per_floor":[75,75,75,75,75,75,75,75,75,75,75,75,75],"card_choices":[{"not_picked":["Negative_Energy_Javelin","Finger_Of_Death"],"picked":"Bone_Armory","floor":1},{"not_picked":["Acid_Javelin","Violent_Necrosis"],"picked":"Life_Tap","floor":2},{"not_picked":["Bone_Shift","Blood_Curse"],"picked":"Consume_Illness","floor":3},{"not_picked":["Blood_Is_Power","Death_March_Dance"],"picked":"Finger_Of_Death","floor":4},{"not_picked":["Bone_Spikes","Scare"],"picked":"Thousand_Bone_Knives","floor":7},{"not_picked":["Finger_Of_Death","Negative_Energy_Shield"],"picked":"Acid_Javelin","floor":10},{"not_picked":["Bones_to_Steel","Summon_Lich"],"picked":"Slay_Living","floor":11}],"player_experience":1390350,"relics_obtained":[{"floor":9,"key":"Oddly Smooth Stone"}],"event_choices":[{"damage_healed":0,"gold_gain":0,"player_choice":"Gave Potion","damage_taken":0,"relics_obtained":["Smiling Mask"],"max_hp_gain":0,"max_hp_loss":0,"event_name":"WeMeetAgain","floor":6,"gold_loss":0}],"is_beta":false,"boss_relics":[],"items_purged_floors":[5],"is_endless":false,"potions_floor_spawned":[2,3,11],"killed_by":"Lagavulin","ascension_level":0}}