{"host":"ly20tmf9be7b85hl","time":1612451286,"event":{"mods":["BaseMod","Colored Map","Keyboard Shortcuts","Minty Spire (QoL Compilation)","Permanent Neow","Quick Restart","SuperFastMode"],"gold_per_floor":[362,378,303,228,228,228,278,293,339,339,358,7,27,57,57,57,57],"floor_reached":16,"language":"KOR","playtime":297,"items_purged":["Strike_B"],"score":200,"play_id":"e1881a5a-a8bd-49a1-b0ab-cbb1bb9c9bd5","local_time":"20210205000806","is_ascension_mode":true,"campfire_choices":[{"data":"Zap","floor":6.0,"key":"SMITH"},{"floor":15.0,"key":"REST"}],"circlet_count":0,"master_deck":["AscendersBane","Strike_B","Strike_B","Defend_B","Defend_B","Defend_B","Defend_B","Zap+1","Dualcast","Compile Driver","Sweeping Beam","Coolheaded","Capacitor","Seek"],"relics":["Cracked Core","WingedGreaves","Sundial","PreservedInsect"],"acts_visited":["Exordium"],"potions_floor_usage":[16],"damage_taken":[{"damage":18.0,"enemies":"Small Slimes","floor":1.0,"turns":3.0},{"damage":0.0,"enemies":"2 Louse","floor":2.0,"turns":2.0},{"damage":2.0,"enemies":"Cultist","floor":8.0,"turns":4.0},{"damage":1.0,"enemies":"Looter","floor":11.0,"turns":3.0},{"damage":8.0,"enemies":"Lots of Slimes","floor":13.0,"turns":4.0},{"damage":24.0,"enemies":"3 Sentries","floor":14.0,"turns":7.0},{"damage":10,"enemies":"Hexaghost","floor":16,"turns":7}],"seed_played":"3009748881132879585","potions_obtained":[{"floor":1.0,"key":"Fruit Juice"},{"floor":2.0,"key":"GamblersBrew"},{"floor":14.0,"key":"AttackPotion"}],"is_trial":false,"path_per_floor":["M","M","?","$","?","R","?","M","T","?","M","$","M","E","R","B"],"character_chosen":"DEFECT","items_purchased":["Sundial","Capacitor"],"campfire_rested":1,"item_purchase_floors":[12,12],"current_hp_per_floor":[46,46,46,46,46,46,40,38,38,38,37,37,29,5,24,14,14],"gold":57,"neow_bonus":"TWO_FIFTY_GOLD","is_daily":false,"chose_seed":false,"campfire_upgraded":1,"win_rate":0.0,"timestamp":1612451286,"path_taken":["M","M","?","$","?","R","?","?","T","?","M","$","M","E","R","BOSS"],"items_purchased_type":["Relic","Card"],"build_version":"2020-12-22","purchased_purges":1,"victory":false,"max_hp_per_floor":[64,64,64,64,64,64,64,64,64,64,64,64,64,64,64,64,64],"card_choices":[{"not_picked":["Consume","Heatsinks"],"picked":"Compile Driver","floor":1.0},{"not_picked":["Static Discharge","Leap"],"picked":"Sweeping Beam","floor":2.0},{"not_picked":["Chaos","Hello World"],"picked":"Coolheaded","floor":8.0},{"not_picked":["Chaos","Sweeping Beam","Coolheaded"],"picked":"SKIP","floor":11.0},{"not_picked":["Cold Snap","Go for the Eyes"],"picked":"Seek","floor":13.0},{"not_picked":["Redo","Sweeping Beam","Streamline"],"picked":"SKIP","floor":14.0}],"player_experience":846967,"relics_obtained":[{"floor":14.0,"key":"PreservedInsect"}],"event_choices":[{"cards_removed":["Strike_B"],"damage_healed":0.0,"max_hp_gain":0.0,"max_hp_loss":0.0,"gold_gain":0.0,"event_name":"The Cleric","player_choice":"Card Removal","floor":3.0,"gold_loss":75.0,"damage_taken":0.0},{"damage_healed":0.0,"max_hp_gain":0.0,"max_hp_loss":0.0,"gold_gain":0.0,"event_name":"Liars Game","player_choice":"Ignored","floor":5.0,"gold_loss":0.0,"damage_taken":0.0},{"damage_healed":0.0,"max_hp_gain":0.0,"max_hp_loss":0.0,"gold_gain":50.0,"event_name":"FaceTrader","player_choice":"Touch","floor":7.0,"gold_loss":0.0,"damage_taken":6.0},{"damage_healed":0.0,"max_hp_gain":0.0,"max_hp_loss":0.0,"gold_gain":0.0,"event_name":"WeMeetAgain","player_choice":"Gave Potion","floor":10.0,"gold_loss":0.0,"damage_taken":0.0,"relics_obtained":["WingedGreaves"]}],"is_beta":false,"boss_relics":[],"items_purged_floors":[4],"is_endless":false,"potions_floor_spawned":[1,2,14],"killed_by":"Hexaghost","ascension_level":20}}