{"host":"5rycm1ajjg5acc5q","time":1612398188,"event":{"mods":["BaseMod","Better Third Choice","Downfall","Highlight Path","Infinite Spire","Minty Spire (QoL Compilation)","Replay The Spire","StSLib"],"gold_per_floor":[115,115,115,132,82,109,109,120,120,139,167,167,186,186,186],"floor_reached":14,"language":"ENG","playtime":984,"items_purged":[],"score":105,"play_id":"e58e136f-7e07-431b-b042-7ce598fbc599","local_time":"20210203182308","is_ascension_mode":true,"campfire_choices":[{"data":"Neutralize","floor":7,"key":"SMITH"}],"circlet_count":0,"master_deck":["Strike_G","Strike_G","Strike_G","Strike_G","Defend_G","Defend_G","Defend_G","Survivor","Neutralize+1","ReplayTheSpireMod:The Works","Bouncing Flask","Crippling Poison","Quick Slash","Venomology+1","Backstab+1","Backflip"],"relics":["Ring of the Snake","Vampiric Spirits","Replay:Bottled Flurry","Golden Egg","Happy Flower"],"acts_visited":["Exordium"],"potions_floor_usage":[11,11,14],"damage_taken":[{"damage":0,"enemies":"Small Slimes","floor":1,"turns":5},{"damage":3,"enemies":"Jaw Worm","floor":4,"turns":5},{"damage":25,"enemies":"Lagavulin","floor":6,"turns":6},{"damage":9,"enemies":"2 Louse","floor":8,"turns":2},{"damage":0,"enemies":"Looter","floor":10,"turns":4},{"damage":9,"enemies":"3 Sentries","floor":11,"turns":5},{"damage":0,"enemies":"Red Slaver","floor":13,"turns":3},{"damage":28,"enemies":"Gremlin Nob","floor":14,"turns":3}],"seed_played":"-7371054038223959273","potions_obtained":[{"floor":6,"key":"sneckomod:MuddlingPotion"},{"floor":10,"key":"Toxic Potion"},{"floor":11,"key":"Venom Potion"}],"is_trial":false,"path_per_floor":["M","?","?","M","?","E","R","M","T","M","E","?","M","E"],"character_chosen":"THE_SILENT","items_purchased":[],"campfire_rested":0,"item_purchase_floors":[],"current_hp_per_floor":[63,56,56,55,55,30,30,23,23,23,15,15,21,0,0],"gold":186,"neow_bonus":"ONE_RARE_RELIC","is_daily":false,"chose_seed":false,"campfire_upgraded":1,"win_rate":0.0,"timestamp":1612398188,"path_taken":["M","?","?","M","?","E","R","?","T","M","E","?","M","E"],"items_purchased_type":[],"build_version":"2020-12-22","purchased_purges":0,"victory":false,"max_hp_per_floor":[63,63,63,63,63,63,63,63,63,63,63,63,63,63,63],"card_choices":[{"not_picked":["Underhanded Strike","PiercingWail"],"picked":"ReplayTheSpireMod:The Works","floor":1},{"not_picked":["Underhanded Strike","Blade Dance"],"picked":"Bouncing Flask","floor":4},{"not_picked":["ReplayTheSpireMod:Exploit Weakness","Blade Dance"],"picked":"Crippling Poison","floor":6},{"not_picked":["ReplayTheSpireMod:Tripwire","ReplayTheSpireMod:Exploit Weakness"],"picked":"Quick Slash","floor":8},{"not_picked":["PiercingWail","ReplayTheSpireMod:Scrap Shanks"],"picked":"Acrobatics","floor":10},{"not_picked":["Prepared","Eviscerate"],"picked":"Venomology","floor":11},{"not_picked":["Dodge and Roll","Blade Dance"],"picked":"Backflip","floor":13}],"player_experience":133737,"relics_obtained":[{"floor":6,"key":"Replay:Bottled Flurry"},{"floor":9,"key":"Golden Egg"},{"floor":11,"key":"Happy Flower"}],"event_choices":[{"cards_removed":["Defend_G"],"damage_healed":0,"gold_gain":0,"player_choice":"Card Removal","damage_taken":7,"max_hp_gain":0,"max_hp_loss":0,"event_name":"Golden Wing","floor":2,"gold_loss":0},{"cards_removed":["Strike_G"],"damage_healed":0,"gold_gain":0,"player_choice":"Forget","damage_taken":0,"max_hp_gain":0,"max_hp_loss":0,"event_name":"Living Wall","floor":3,"gold_loss":0},{"cards_removed":["Defend_G"],"damage_healed":0,"gold_gain":0,"player_choice":"Card Removal","damage_taken":0,"max_hp_gain":0,"max_hp_loss":0,"event_name":"The Cleric","floor":5,"gold_loss":50}],"is_beta":false,"boss_relics":[],"items_purged_floors":[],"is_endless":false,"potions_floor_spawned":[6,10,11],"killed_by":"Gremlin Nob","ascension_level":1}}