{"host":"jzaz9xuivg238wzk","time":1612472749,"event":{"mods":["2.2 Compatiblity","AchievementEnabler","Aspiration","BaseMod","Better Match","Better Note","Better Skull","Better Third Choice","BetterRewards","Colored Map","Colored Powertips","Conspire","Defuse TimeMaze Blight","Downfall","Energized Spire","GifTheSpireLib","Halation","Highlight Path","Hubris","Infinite Spire","Lobotomy","LobotomyExtend","Minty Spire (QoL Compilation)","Quick Restart","Relic Sorter","Reliquary","Replay The Spire","Spicy Shops","StSLib","Stuff the Spire","The Sage","Waifu the Spire"],"gold_per_floor":[128,128,154,154,175,181,181],"floor_reached":6,"language":"ENG","playtime":1039,"items_purged":[],"score":43,"play_id":"db0cc829-0efd-4d58-b401-6ea07ca444a6","local_time":"20210204230549","is_ascension_mode":true,"campfire_choices":[],"circlet_count":0,"master_deck":["Strike_G","Strike_G","Strike_G","Strike_G","Strike_G","Defend_G","Defend_G","Defend_G","Defend_G","Defend_G","Survivor","Neutralize","Blur","Sucker Punch","conspire:DoublingDagger+1","Caltrops","Calculated Gamble"],"relics":["Ring of the Snake","Boot","conspire:TreasureMap","Replay:Bandana","StuffTheSpire:MayFlowers","LetterFromLob","hubris:FruitBowl"],"acts_visited":["Exordium"],"potions_floor_usage":[],"damage_taken":[{"damage":4,"enemies":"Small Slimes","floor":1,"turns":4},{"damage":0,"enemies":"Cultist","floor":3,"turns":4},{"damage":2,"enemies":"Jaw Worm","floor":5,"turns":4},{"damage":10,"enemies":"3 Sentries","floor":6,"turns":2}],"seed_played":"2751589186401191084","potions_obtained":[],"is_trial":false,"path_per_floor":["M","?","M","$","M","E"],"character_chosen":"THE_SILENT","items_purchased":["Boot","conspire:TreasureMap","Replay:Bandana","Sucker Punch","hubris:FruitBowl"],"campfire_rested":0,"item_purchase_floors":[0,0,0,0,4],"current_hp_per_floor":[26,26,26,7,5,0,0],"gold":181,"neow_bonus":"","is_daily":false,"chose_seed":false,"campfire_upgraded":0,"win_rate":0.0,"timestamp":1612472749,"path_taken":["M","?","?","?","?","E"],"items_purchased_type":["Relic","Relic","Relic","Card","Relic"],"build_version":"2020-12-22","purchased_purges":0,"victory":false,"max_hp_per_floor":[65,65,65,65,65,65,65],"card_choices":[{"not_picked":["StuffTheSpire:Python","Underhanded Strike"],"picked":"conspire:DoublingDagger","floor":1},{"not_picked":["ReplayTheSpireMod:The Works","hubris:SlightOfHand"],"picked":"Caltrops","floor":3},{"not_picked":["StuffTheSpire:Sprint","Draining Mist"],"picked":"Calculated Gamble","floor":5}],"player_experience":225686,"relics_obtained":[{"floor":1,"key":"LetterFromLob"}],"event_choices":[{"damage_healed":0,"gold_gain":0,"player_choice":"Upgraded","damage_taken":0,"max_hp_gain":0,"max_hp_loss":0,"event_name":"Upgrade Shrine","floor":2,"gold_loss":0,"cards_upgraded":["conspire:DoublingDagger"]}],"is_beta":false,"boss_relics":[],"items_purged_floors":[],"is_endless":false,"potions_floor_spawned":[],"killed_by":"3 Sentries","ascension_level":4}}