{"host":"uhnh33uh34qot0et","time":1612480415,"event":{"mods":["BaseMod","Colored Map","Downfall","Hermit","Marisa????????","Minty Spire (QoL Compilation)","StSLib","The Bug Knight","The Cursed","The Servant 0.9.4"],"gold_per_floor":[99,99,99,10,10,20,20,20,20,49,224,242,242,252,266,371,371,371,384,197,210,210,221,275,295,295,295,295,27,327,327,327,327],"floor_reached":31,"language":"ENG","playtime":1561,"items_purged":[],"score":231,"play_id":"e94ddc60-cce0-4995-86e9-92df50acd803","local_time":"20210205001335","is_ascension_mode":false,"campfire_choices":[{"data":"Slimebound:CorrosiveSpit","floor":1,"key":"SMITH"},{"data":"Slimebound:Split","floor":9,"key":"SMITH"},{"data":"Slimebound:LeadByExample","floor":13,"key":"SMITH"},{"data":"Slimebound:MinionMaster","floor":18,"key":"SMITH"},{"floor":27,"key":"REST"}],"circlet_count":0,"master_deck":["Slimebound:Strike_Slimebound","Slimebound:Strike_Slimebound+1","Slimebound:Strike_Slimebound+1","Slimebound:Tackle+1","Slimebound:Defend_Slimebound","Slimebound:Defend_Slimebound","Slimebound:Defend_Slimebound","Slimebound:Defend_Slimebound","Slimebound:Split+1","Slimebound:CorrosiveSpit+1","Slimebound:PressTheAttack","Slimebound:LeadByExample+1","Slimebound:GoopSpray","Slimebound:Prepare","Slimebound:RallyTheTroops","Doubt","Slimebound:HauntingLick","Slimebound:Gluttony","Slimebound:HauntingLick","Slimebound:MinionMaster+1","Slimebound:FinishingTackle+1","Slimebound:RollThrough","Slimebound:SpikyOuterGoop","Flash of Steel","Slimebound:RejuvenatingLick+1","RitualDagger+1","Slimebound:SplitAcid+1","Slimebound:PrepareCrush","Slimebound:MinionMaster","expansioncontent:PolyBeam","Slimebound:HauntingLick","Writhe"],"relics":["Slimebound:AbsorbEndCombat","Lizard Tail","Bronze Scales","Philosopher\u0027s Stone","Oddly Smooth Stone","Strawberry","Old Coin"],"acts_visited":["Exordium","TheCity"],"potions_floor_usage":[16,16,16,23,31,31],"damage_taken":[{"damage":3,"enemies":"downfall:FleeingMerchant","floor":4,"turns":4},{"damage":0,"enemies":"Cultist","floor":5,"turns":1},{"damage":0,"enemies":"2 Louse","floor":6,"turns":2},{"damage":24,"enemies":"3 Sentries","floor":10,"turns":7},{"damage":12,"enemies":"Small Slimes","floor":12,"turns":2},{"damage":2,"enemies":"3 Louse","floor":14,"turns":2},{"damage":18,"enemies":"Exordium Wildlife","floor":15,"turns":2},{"damage":16,"enemies":"SI_SHIV_ARCHETYPE","floor":16,"turns":5},{"damage":19,"enemies":"Chosen","floor":19,"turns":5},{"damage":18,"enemies":"downfall:FleeingMerchant","floor":20,"turns":4},{"damage":34,"enemies":"Shell Parasite","floor":21,"turns":4},{"damage":36,"enemies":"Snecko","floor":23,"turns":5},{"damage":34,"enemies":"Chosen and Byrds","floor":25,"turns":5},{"damage":25,"enemies":"downfall:FleeingMerchant","floor":29,"turns":4},{"damage":26,"enemies":"3 Cultists","floor":31,"turns":3}],"seed_played":"-1560055792823065336","potions_obtained":[{"floor":12,"key":"Swift Potion"},{"floor":14,"key":"SteroidPotion"},{"floor":15,"key":"Strength Potion"},{"floor":21,"key":"Slimebound:SlimedPotion"},{"floor":22,"key":"CultistPotion"},{"floor":23,"key":"SpeedPotion"}],"is_trial":false,"path_per_floor":["R","?","?","$","M","M","T","?","R","E","?","M","R","M","M","B",null,"R","M","$","M","?","M","T","M","?","R","?","$","?","M"],"character_chosen":"SLIMEBOUND","items_purchased":["Slimebound:LeadByExample","Slimebound:SpikyOuterGoop","Flash of Steel","Strawberry","expansioncontent:PolyBeam","Slimebound:HauntingLick"],"campfire_rested":1,"item_purchase_floors":[4,20,20,29,29,29],"current_hp_per_floor":[65,65,65,62,62,65,65,70,70,52,52,42,42,44,30,22,70,70,57,47,19,19,35,35,9,9,30,30,16,16,0,0,0],"gold":327,"neow_bonus":"","is_daily":false,"chose_seed":false,"campfire_upgraded":4,"win_rate":0.0,"timestamp":1612480415,"path_taken":["R","?","?","$","M","M","T","?","R","E","?","M","R","M","M","BOSS","R","M","$","M","?","M","T","M","?","R","?","$","?","?"],"items_purchased_type":["Card","Card","Card","Relic","Card","Card"],"build_version":"2020-12-22","purchased_purges":0,"victory":false,"max_hp_per_floor":[65,65,65,65,65,65,65,70,70,70,70,70,70,70,70,70,70,70,70,70,70,70,70,70,70,70,70,70,77,77,77,77,77],"card_choices":[{"not_picked":["Slimebound:ItLooksTasty","Slimebound:RainOfGoop"],"picked":"Slimebound:PressTheAttack","floor":4},{"not_picked":["Slimebound:PressTheAttack","Slimebound:TongueLash"],"picked":"Slimebound:GoopSpray","floor":5},{"not_picked":["Slimebound:ItLooksTasty","Slimebound:LeadByExample"],"picked":"Slimebound:Prepare","floor":6},{"not_picked":["Slimebound:HauntingLick","Slimebound:GoopSpray"],"picked":"Slimebound:RallyTheTroops","floor":10},{"not_picked":["Slimebound:LeechingTouch","Slimebound:GoopTackle"],"picked":"Slimebound:HauntingLick","floor":12},{"not_picked":["Slimebound:LeechEnergy","Slimebound:ViciousTackle"],"picked":"Slimebound:Gluttony","floor":14},{"not_picked":["Slimebound:GoopTackle","Slimebound:GoopSpray"],"picked":"Slimebound:HauntingLick","floor":15},{"not_picked":["Slimebound:WasteNot","Slimebound:DuplicatedForm"],"picked":"Slimebound:MinionMaster","floor":16},{"not_picked":["Slimebound:GrowthPunch+1","Slimebound:SamplingLick"],"picked":"Slimebound:FinishingTackle+1","floor":19},{"not_picked":["Slimebound:SplitMire","Slimebound:ProtectTheBoss"],"picked":"Slimebound:RollThrough","floor":20},{"not_picked":["Slimebound:Prepare+1","Slimebound:LeechingTouch+1"],"picked":"Slimebound:RejuvenatingLick+1","floor":21},{"not_picked":["Slimebound:SlimeSpikes","Slimebound:SlimeBrawl"],"picked":"Slimebound:SplitAcid+1","floor":23},{"not_picked":["Slimebound:LeechEnergy","Slimebound:ComboTackle"],"picked":"Slimebound:PrepareCrush","floor":25},{"not_picked":["Slimebound:Prepare","Slimebound:RejuvenatingLick+1"],"picked":"Slimebound:MinionMaster","floor":29}],"player_experience":0,"relics_obtained":[{"floor":7,"key":"Lizard Tail"},{"floor":10,"key":"Bronze Scales"},{"floor":24,"key":"Oddly Smooth Stone"}],"event_choices":[{"damage_healed":0,"gold_gain":0,"player_choice":"Donut","damage_taken":0,"max_hp_gain":5,"max_hp_loss":0,"event_name":"Big Fish","floor":8,"gold_loss":0}],"is_beta":false,"boss_relics":[{"not_picked":["Busted Crown","Empty Cage"],"picked":"Philosopher\u0027s Stone"}],"items_purged_floors":[],"is_endless":false,"potions_floor_spawned":[12,14,15,21,23],"killed_by":"3 Cultists","ascension_level":0}}