{"host":"kbv0awskzx6xbc6p","time":1612421514,"event":{"mods":["Act Like it!","BaseMod","Colored Map","Downfall","Minty Spire (QoL Compilation)","StSLib"],"gold_per_floor":[99,115,135,155,172,204,231,231,263,279,279,179,123,123,133,230,230,130,130,130,149,111,141,141,141,170,170,170,170,170],"floor_reached":28,"language":"ENG","playtime":2058,"items_purged":[],"score":327,"play_id":"ea0effe8-bfa3-4481-ba32-ed6439021bc4","local_time":"20210203225154","is_ascension_mode":true,"campfire_choices":[{"data":"sneckomod:SnekBite","floor":1,"key":"SMITH"},{"data":"sneckomod:TailWhip","floor":8,"key":"SMITH"},{"floor":12,"key":"RECALL"},{"data":"sneckomod:MorePower","floor":18,"key":"SMITH"},{"data":"Beam Cell","floor":25,"key":"SMITH"}],"circlet_count":0,"master_deck":["sneckomod:TailWhip+1","sneckomod:SnekBite+1","sneckomod:Unknown","sneckomod:Unknown","sneckomod:Unknown0Cost","sneckomod:UnknownCommonSkill","sneckomod:UnknownBlock","sneckomod:UnknownDraw","sneckomod:UnknownDexterity","sneckomod:UnknownCommonAttack","sneckomod:SnekBeam+1","sneckomod:UnknownUncommonPower","sneckomod:MorePower+1","Beam Cell+1","sneckomod:Unknown2Cost","sneckomod:UnknownBlock","sneckomod:UnknownX","sneckomod:UnknownCommonSkill","sneckomod:UnknownX","sneckomod:Unknown0Cost","sneckomod:UnknownX","sneckomod:UnknownStrength+1","sneckomod:UnknownClassTHE_BRONZE_AUTOMATON","sneckomod:Unknown1Cost","sneckomod:DiceBlock","Echo Form+1","sneckomod:UnknownVulnerable+1","sneckomod:WideSting"],"relics":["sneckomod:SuperSneckoSoul","Orichalcum","sneckomod:SneckoCommon","downfall:HeartBlessingBlue","downfall:HeartBlessingRed","Toxic Egg 2","Singing Bowl","Strawberry"],"acts_visited":["Exordium","TheCity"],"potions_floor_usage":[23,23],"damage_taken":[{"damage":1,"enemies":"Cultist","floor":2,"turns":4},{"damage":0,"enemies":"Small Slimes","floor":3,"turns":3},{"damage":6,"enemies":"Jaw Worm","floor":4,"turns":3},{"damage":5,"enemies":"2 Fungi Beasts","floor":5,"turns":3},{"damage":22,"enemies":"3 Sentries","floor":6,"turns":11},{"damage":22,"enemies":"Lagavulin","floor":9,"turns":9},{"damage":0,"enemies":"Large Slime","floor":10,"turns":5},{"damage":4,"enemies":"downfall:FleeingMerchant","floor":13,"turns":4},{"damage":9,"enemies":"Red Slaver","floor":15,"turns":3},{"damage":40,"enemies":"SI_SHIV_ARCHETYPE","floor":16,"turns":20},{"damage":2,"enemies":"Shell Parasite","floor":21,"turns":3},{"damage":4,"enemies":"downfall:FleeingMerchant","floor":22,"turns":4},{"damage":26,"enemies":"Slavers","floor":23,"turns":2},{"damage":41,"enemies":"Gremlin Leader","floor":26,"turns":10},{"damage":54,"enemies":"Slavers","floor":28,"turns":4}],"seed_played":"-354106600816024939","potions_obtained":[{"floor":3,"key":"SpeedPotion"},{"floor":5,"key":"Strength Potion"},{"floor":10,"key":"Explosive Potion"},{"floor":23,"key":"Dexterity Potion"},{"floor":27,"key":"CultistPotion"}],"is_trial":false,"path_per_floor":["R","M","M","M","M","E","T","R","E","M","?","R","$","?","M","B",null,"R","?","?","M","$","E","T","R","E","?","E"],"character_chosen":"THE_SNECKO","items_purchased":["sneckomod:UnknownUncommonPower","sneckomod:DiceBlock"],"campfire_rested":0,"item_purchase_floors":[13,22],"current_hp_per_floor":[99,98,98,92,87,65,65,65,43,43,43,53,49,54,45,5,114,114,114,114,112,108,82,82,82,48,48,0,0,0],"gold":170,"neow_bonus":"TEN_PERCENT_HP_BONUS","is_daily":false,"chose_seed":false,"campfire_upgraded":4,"win_rate":0.0,"timestamp":1612421514,"path_taken":["R","M","M","M","M","E","T","R","E","?","?","R","?","?","M","BOSS","R","?","?","?","$","E","T","R","E","?","E"],"items_purchased_type":["Card","Card"],"build_version":"2020-12-22","purchased_purges":0,"victory":false,"max_hp_per_floor":[99,99,99,99,99,99,99,99,99,99,99,109,109,114,114,114,114,114,114,114,114,114,114,114,114,121,121,121,121,121],"card_choices":[{"not_picked":["sneckomod:RainOfDice","sneckomod:UnknownCommonSkill"],"picked":"sneckomod:Unknown0Cost","floor":2},{"not_picked":["sneckomod:RainOfDice","sneckomod:SoulDraw"],"picked":"sneckomod:UnknownCommonSkill","floor":3},{"not_picked":["sneckomod:CheapStock","sneckomod:QuickMove"],"picked":"sneckomod:UnknownBlock","floor":4},{"not_picked":["sneckomod:UnknownStrike","sneckomod:SoulDraw"],"picked":"sneckomod:UnknownDraw","floor":5},{"not_picked":["sneckomod:QuickMove","sneckomod:DiceCrush"],"picked":"sneckomod:UnknownDexterity","floor":6},{"not_picked":["sneckomod:UnknownUncommonSkill","sneckomod:UnknownExhaust"],"picked":"sneckomod:UnknownCommonAttack","floor":9},{"not_picked":["sneckomod:WideSting","sneckomod:SoulRoll"],"picked":"sneckomod:SnekBeam","floor":10},{"not_picked":["sneckomod:SlitherStrike","sneckomod:Nope"],"picked":"sneckomod:UnknownStrength","floor":13},{"not_picked":["sneckomod:QuickMove","sneckomod:Cheat"],"picked":"sneckomod:Memorize","floor":15},{"not_picked":["sneckomod:UnknownRareSkill","sneckomod:GlitteringGambit"],"picked":"sneckomod:MorePower","floor":16},{"not_picked":["sneckomod:UnknownDexterity+1","sneckomod:UnknownColorless+1"],"picked":"sneckomod:UnknownStrength+1","floor":21},{"not_picked":["sneckomod:DiceBoulder","sneckomod:UnknownStrike"],"picked":"sneckomod:UnknownClassTHE_BRONZE_AUTOMATON","floor":21},{"not_picked":["sneckomod:UnknownBlock","sneckomod:Memorize"],"picked":"sneckomod:Unknown1Cost","floor":22},{"not_picked":["sneckomod:UnknownStrike+1","sneckomod:UnknownColorless+1"],"picked":"sneckomod:UnknownRarePower+1","floor":23},{"not_picked":["sneckomod:IronFang","sneckomod:Rotation+1","sneckomod:SoulCleanse+1"],"picked":"SKIP","floor":23},{"not_picked":["sneckomod:UnknownColorless+1","sneckomod:UnknownUncommonPower+1"],"picked":"sneckomod:UnknownVulnerable+1","floor":26},{"not_picked":["sneckomod:UnknownVulnerable+1","sneckomod:UnknownClassBLUE+1"],"picked":"sneckomod:WideSting","floor":26}],"player_experience":430491,"relics_obtained":[{"floor":6,"key":"Orichalcum"},{"floor":9,"key":"sneckomod:SneckoCommon"},{"floor":23,"key":"Toxic Egg 2"},{"floor":24,"key":"Singing Bowl"},{"floor":26,"key":"Strawberry"}],"event_choices":[{"damage_healed":0,"gold_gain":0,"player_choice":"Grow","damage_taken":0,"max_hp_gain":0,"max_hp_loss":0,"event_name":"Living Wall","floor":11,"gold_loss":0,"cards_upgraded":["sneckomod:SnekBeam"]},{"damage_healed":0,"gold_gain":0,"player_choice":"Donut","damage_taken":0,"max_hp_gain":5,"max_hp_loss":0,"event_name":"Big Fish","floor":14,"gold_loss":0}],"is_beta":false,"boss_relics":[{"not_picked":["Runic Dome","Sozu"],"picked":"sneckomod:SuperSneckoSoul"}],"items_purged_floors":[],"is_endless":false,"potions_floor_spawned":[3,5,10,23],"killed_by":"Slavers","ascension_level":1}}