{"host":"dhlnk6yox2l1s6up","time":1612453688,"event":{"mods":["BaseMod","Bestiary","Colored Map","Highlight Path","Minty Spire (QoL Compilation)","Relic Stats","StSLib"],"gold_per_floor":[112,127,127,146,158,188,188,222,247,47,47,63,63,63],"floor_reached":13,"language":"ENG","playtime":785,"items_purged":["Strike_B"],"score":143,"play_id":"e02ca21d-ae13-4c85-b645-543f76ef29ee","local_time":"20210204094808","is_ascension_mode":true,"campfire_choices":[{"floor":7,"key":"REST"},{"floor":11,"key":"REST"}],"circlet_count":0,"master_deck":["AscendersBane","Strike_B","Strike_B","Strike_B+1","Defend_B+1","Defend_B","Defend_B","Defend_B+1","Zap","Dualcast","Ball Lightning+1","Ball Lightning","Genetic Algorithm","Coolheaded","Beam Cell","Capacitor","Darkness"],"relics":["Cracked Core","War Paint","Tiny Chest","Happy Flower","Whetstone"],"acts_visited":["Exordium"],"potions_floor_usage":[5,13],"damage_taken":[{"damage":0,"enemies":"Cultist","floor":1,"turns":3},{"damage":0,"enemies":"Small Slimes","floor":2,"turns":2},{"damage":0,"enemies":"2 Louse","floor":4,"turns":1},{"damage":28,"enemies":"Gremlin Gang","floor":5,"turns":4},{"damage":26,"enemies":"3 Sentries","floor":6,"turns":6},{"damage":31,"enemies":"Gremlin Nob","floor":8,"turns":4},{"damage":6,"enemies":"Blue Slaver","floor":12,"turns":2},{"damage":31,"enemies":"Lagavulin","floor":13,"turns":4}],"seed_played":"199378401980046763","potions_obtained":[{"floor":2,"key":"SkillPotion"},{"floor":5,"key":"Swift Potion"}],"is_trial":false,"path_per_floor":["M","M","?","M","M","E","R","E","T","$","R","M","E"],"character_chosen":"DEFECT","items_purchased":["Capacitor","Dexterity Potion"],"campfire_rested":2,"item_purchase_floors":[10,10],"current_hp_per_floor":[68,68,68,68,40,14,36,5,5,5,27,21,0,0],"gold":63,"neow_bonus":"RANDOM_COMMON_RELIC","is_daily":false,"chose_seed":false,"campfire_upgraded":0,"win_rate":0.0,"timestamp":1612453688,"path_taken":["M","?","?","M","?","E","R","E","T","$","R","M","E"],"items_purchased_type":["Card","Potion"],"build_version":"2020-12-22","purchased_purges":1,"victory":false,"max_hp_per_floor":[75,75,75,75,75,75,75,75,75,75,75,75,75,75],"relic_stats":{"Happy Flower":[2],"counters":[8,26],"Tiny Chest":0,"Whetstone":["Strike_B","Ball Lightning"],"War Paint":["Defend_B","Defend_B"],"obtain_stats":[{"Happy Flower":8,"Tiny Chest":6,"Whetstone":9,"War Paint":0,"Cracked Core":0},{"Happy Flower":6,"Tiny Chest":5,"Whetstone":6,"War Paint":0,"Cracked Core":0},{"Happy Flower":20,"Tiny Chest":16,"Whetstone":20,"War Paint":0,"Cracked Core":0}]},"card_choices":[{"not_picked":["Rebound","Beam Cell"],"picked":"Ball Lightning","floor":1},{"not_picked":["Steam","Rebound"],"picked":"Ball Lightning","floor":2},{"not_picked":["Darkness","Coolheaded"],"picked":"Genetic Algorithm","floor":4},{"not_picked":["Compile Driver","Barrage","Fusion"],"picked":"SKIP","floor":5},{"not_picked":["Barrage","Recycle"],"picked":"Coolheaded","floor":6},{"not_picked":["Hologram","Hyperbeam"],"picked":"Beam Cell","floor":8},{"not_picked":["Recycle","Steam"],"picked":"Darkness","floor":12}],"player_experience":6107350,"relics_obtained":[{"floor":6,"key":"Tiny Chest"},{"floor":8,"key":"Happy Flower"},{"floor":9,"key":"Whetstone"}],"event_choices":[{"damage_healed":0,"gold_gain":0,"player_choice":"0 cards matched","damage_taken":0,"max_hp_gain":0,"max_hp_loss":0,"event_name":"Match and Keep!","floor":3,"gold_loss":0,"cards_obtained":[]}],"is_beta":false,"boss_relics":[],"items_purged_floors":[10],"is_endless":false,"potions_floor_spawned":[2,5],"killed_by":"Lagavulin","ascension_level":10}}