{"host":"d9m9v0h6vo0edadb","time":1612481591,"event":{"mods":["BaseMod","Hermit","Keyboard Shortcuts","Minty Spire (QoL Compilation)","StSLib","SuperFastMode","The Cursed"],"gold_per_floor":[110,128,141,155,80,80,94,119,119,119,131,31,42,55,55,133,133,152,202,77,95,106,106,121,121,121],"floor_reached":25,"language":"KOR","playtime":412,"items_purged":["Strike_G","Strike_G","Strike_G"],"score":418,"play_id":"63ecc378-79ad-4550-ab45-4a4927f72e7d","local_time":"20210205083311","is_ascension_mode":true,"campfire_choices":[{"data":"Poisoned Stab","floor":6.0,"key":"SMITH"},{"data":"Poisoned Stab","floor":15.0,"key":"SMITH"},{"data":"Poisoned Stab","floor":23.0,"key":"SMITH"}],"circlet_count":0,"master_deck":["AscendersBane","Strike_G","Defend_G","Defend_G","Defend_G","Defend_G","Defend_G","Survivor","Neutralize","Poisoned Stab+1","Poisoned Stab+1","Poisoned Stab+1","Noxious Fumes+1","Footwork","Calculated Gamble+1","PiercingWail"],"relics":["Ring of the Snake","Ancient Tea Set","Pantograph","Runic Pyramid"],"acts_visited":["Exordium","TheCity"],"potions_floor_usage":[],"damage_taken":[{"damage":11.0,"enemies":"Cultist","floor":1.0,"turns":6.0},{"damage":1.0,"enemies":"2 Louse","floor":2.0,"turns":4.0},{"damage":4.0,"enemies":"Jaw Worm","floor":3.0,"turns":5.0},{"damage":1.0,"enemies":"Looter","floor":4.0,"turns":4.0},{"damage":7.0,"enemies":"Lots of Slimes","floor":7.0,"turns":5.0},{"damage":27.0,"enemies":"3 Sentries","floor":8.0,"turns":11.0},{"damage":0.0,"enemies":"2 Fungi Beasts","floor":11.0,"turns":2.0},{"damage":3.0,"enemies":"3 Louse","floor":13.0,"turns":4.0},{"damage":0.0,"enemies":"Exordium Wildlife","floor":14.0,"turns":4.0},{"damage":15.0,"enemies":"The Guardian","floor":16.0,"turns":9.0},{"damage":6.0,"enemies":"Shell Parasite","floor":18.0,"turns":7.0},{"damage":6.0,"enemies":"Chosen","floor":21.0,"turns":4.0},{"damage":1.0,"enemies":"Centurion and Healer","floor":22.0,"turns":8.0},{"damage":12.0,"enemies":"Snake Plant","floor":24.0,"turns":5.0},{"damage":32,"enemies":"Book of Stabbing","floor":25,"turns":5}],"seed_played":"-8009430797658258315","potions_obtained":[{"floor":4.0,"key":"FearPotion"},{"floor":7.0,"key":"SmokeBomb"},{"floor":8.0,"key":"Explosive Potion"},{"floor":11.0,"key":"CunningPotion"},{"floor":18.0,"key":"GhostInAJar"}],"is_trial":false,"path_per_floor":["M","M","M","M","$","R","M","E","T","?","M","$","M","M","R","B",null,"M","?","$","M","M","R","M","E"],"character_chosen":"THE_SILENT","items_purchased":[],"campfire_rested":0,"item_purchase_floors":[],"current_hp_per_floor":[48,47,43,42,42,42,35,8,8,8,8,8,5,5,5,15,53,47,47,47,41,40,40,28,0,0],"gold":121,"neow_bonus":"REMOVE_CARD","is_daily":false,"chose_seed":false,"campfire_upgraded":3,"win_rate":0.0,"timestamp":1612481591,"path_taken":["M","M","M","M","?","R","M","E","T","?","M","$","?","M","R","BOSS","M","?","$","M","M","R","M","E"],"items_purchased_type":[],"build_version":"2020-12-22","purchased_purges":3,"victory":false,"max_hp_per_floor":[66,66,66,66,66,66,66,66,66,66,66,66,66,66,66,66,66,66,66,66,66,66,66,66,66,66],"card_choices":[{"not_picked":["Slice","Outmaneuver"],"picked":"Poisoned Stab","floor":1.0},{"not_picked":["Bane","Slice"],"picked":"Poisoned Stab","floor":2.0},{"not_picked":["Heel Hook","Infinite Blades","Endless Agony"],"picked":"SKIP","floor":3.0},{"not_picked":["Grand Finale","Blade Dance"],"picked":"Poisoned Stab","floor":4.0},{"not_picked":["Deflect","Terror","Quick Slash"],"picked":"SKIP","floor":7.0},{"not_picked":["Sucker Punch","Dodge and Roll"],"picked":"Noxious Fumes","floor":8.0},{"not_picked":["Burst","Poisoned Stab","Predator"],"picked":"SKIP","floor":11.0},{"not_picked":["Deflect","Reflex"],"picked":"Footwork","floor":13.0},{"not_picked":["Riddle With Holes","Flying Knee","Accuracy"],"picked":"SKIP","floor":14.0},{"not_picked":["Accuracy","All Out Attack","Distraction"],"picked":"SKIP","floor":18.0},{"not_picked":["Deadly Poison","Dash"],"picked":"Calculated Gamble+1","floor":21.0},{"not_picked":["Slice","Cloak And Dagger","Deflect"],"picked":"SKIP","floor":22.0},{"not_picked":["Tactician","Poisoned Stab+1"],"picked":"PiercingWail","floor":24.0}],"player_experience":1006856,"relics_obtained":[{"floor":8.0,"key":"Ancient Tea Set"},{"floor":9.0,"key":"Pantograph"}],"event_choices":[{"damage_healed":0.0,"max_hp_gain":0.0,"max_hp_loss":0.0,"gold_gain":0.0,"event_name":"Upgrade Shrine","player_choice":"Upgraded","floor":10.0,"gold_loss":0.0,"damage_taken":0.0,"cards_upgraded":["Noxious Fumes"]},{"damage_healed":0.0,"max_hp_gain":0.0,"max_hp_loss":0.0,"gold_gain":50.0,"event_name":"Nest","player_choice":"Stole From Cult","floor":19.0,"gold_loss":0.0,"damage_taken":0.0}],"is_beta":false,"boss_relics":[{"not_picked":["SacredBark","Ectoplasm"],"picked":"Runic Pyramid"}],"items_purged_floors":[5,12,20],"is_endless":false,"potions_floor_spawned":[4,7,8,11,13,18,24],"killed_by":"Book of Stabbing","ascension_level":20}}