{"host":"2qyxu97h6u4ukicb","time":1612481176,"event":{"mods":["AchievementEnabler","BaseMod","BetterRewards","Colored Map","Colored Powertips","Minty Spire (QoL Compilation)","Replay The Spire","Shop Mod","StSLib"],"gold_per_floor":[115,115,115,115,134,165,181,181,206,234,246,333,368,399,411,423,423],"floor_reached":16,"language":"ENG","playtime":1340,"items_purged":[],"score":127,"play_id":"6d3827b9-34df-44bc-939f-cde91b72650a","local_time":"20210204172616","is_ascension_mode":false,"campfire_choices":[{"data":"Eruption","floor":15,"key":"SMITH"}],"circlet_count":0,"master_deck":["Strike_P","Strike_P","Strike_P","Strike_P","Defend_P","Defend_P","Defend_P","Defend_P","Eruption+1","Vigilance","Injury","Devotion+1","Prostrate","Conclude","Tantrum"],"relics":["PureWater","NeowsBlessing","Question Card","Golden Idol","Juzu Bracelet","MawBank"],"acts_visited":["Exordium"],"potions_floor_usage":[13,13],"damage_taken":[{"damage":0,"enemies":"Jaw Worm","floor":1,"turns":1},{"damage":0,"enemies":"2 Louse","floor":5,"turns":1},{"damage":0,"enemies":"Lagavulin","floor":6,"turns":1},{"damage":12,"enemies":"Cultist","floor":7,"turns":3},{"damage":7,"enemies":"Looter","floor":10,"turns":3},{"damage":16,"enemies":"Large Slime","floor":13,"turns":7},{"damage":12,"enemies":"Blue Slaver","floor":14,"turns":5},{"damage":0,"enemies":"The Guardian","floor":16,"turns":3}],"seed_played":"-5936070120288530620","potions_obtained":[{"floor":7,"key":"Strength Potion"},{"floor":10,"key":"Energy Potion"},{"floor":14,"key":"SpeedPotion"}],"is_trial":false,"path_per_floor":["M","?","T","?","M","E","M","?","T","M","?","?","M","M","R","B"],"character_chosen":"WATCHER","items_purchased":[],"campfire_rested":0,"item_purchase_floors":[],"current_hp_per_floor":[72,72,72,72,72,72,60,65,65,58,58,47,31,19,19,19,19],"gold":423,"neow_bonus":"THREE_ENEMY_KILL","is_daily":false,"chose_seed":false,"campfire_upgraded":1,"win_rate":0.0,"timestamp":1612481176,"path_taken":["M","?","?","?","M","E","M","?","T","M","?","?","M","M","R","BOSS"],"items_purchased_type":[],"build_version":"2020-12-22","purchased_purges":0,"victory":false,"max_hp_per_floor":[72,72,72,72,72,72,72,72,72,72,72,72,72,72,72,72,72],"card_choices":[{"not_picked":["Replay:AtTheReady","EmptyBody","Perseverance"],"picked":"SKIP","floor":1},{"not_picked":["Replay:ManipulateFuture","ForeignInfluence","Evaluate"],"picked":"Replay:BluntJabs","floor":5},{"not_picked":["ThirdEye","PathToVictory","FollowUp"],"picked":"Devotion","floor":6},{"not_picked":["CutThroughFate","JustLucky","WaveOfTheHand","Evaluate"],"picked":"SKIP","floor":7},{"not_picked":["CrushJoints","Halt","TalkToTheHand"],"picked":"Prostrate","floor":10},{"not_picked":["WaveOfTheHand","SashWhip","Replay:BluntJabs"],"picked":"Conclude","floor":13},{"not_picked":["EmptyBody","WheelKick","CarveReality"],"picked":"Tantrum","floor":14}],"player_experience":781051,"relics_obtained":[{"floor":3,"key":"Question Card"},{"floor":6,"key":"Juzu Bracelet"},{"floor":9,"key":"MawBank"}],"event_choices":[{"damage_healed":0,"gold_gain":0,"player_choice":"Leave","damage_taken":0,"max_hp_gain":0,"max_hp_loss":0,"event_name":"The Cleric","floor":2,"gold_loss":0},{"damage_healed":0,"gold_gain":0,"player_choice":"Take Wound","damage_taken":0,"relics_obtained":["Golden Idol"],"max_hp_gain":0,"max_hp_loss":0,"event_name":"Golden Idol","floor":4,"gold_loss":0,"cards_obtained":["Injury"]},{"cards_removed":["Replay:BluntJabs"],"damage_healed":5,"gold_gain":0,"player_choice":"Offered Common","damage_taken":0,"max_hp_gain":0,"max_hp_loss":0,"event_name":"Bonfire Elementals","floor":8,"gold_loss":0},{"cards_removed":["Replay:BluntJabs"],"damage_healed":5,"gold_gain":0,"player_choice":"Offered Special","damage_taken":0,"max_hp_gain":0,"max_hp_loss":0,"event_name":"Bonfire Elementals","floor":8,"gold_loss":0},{"damage_healed":0,"gold_gain":0,"player_choice":"Grow","damage_taken":0,"max_hp_gain":0,"max_hp_loss":0,"event_name":"Living Wall","floor":11,"gold_loss":0,"cards_upgraded":["Devotion"]},{"damage_healed":0,"gold_gain":75,"player_choice":"Gather Gold","damage_taken":11,"max_hp_gain":0,"max_hp_loss":0,"event_name":"World of Goop","floor":12,"gold_loss":0}],"is_beta":false,"boss_relics":[],"items_purged_floors":[],"is_endless":false,"potions_floor_spawned":[7,10,14],"killed_by":"The Guardian","ascension_level":0}}