{"host":"smvt3ad3q31g2j4m","time":1612466553,"event":{"mods":["BaseMod","Better Skull","Better Third Choice","Colored Map","Downfall","GifTheSpireLib","Minty Spire (QoL Compilation)","Replay The Spire","StSLib"],"gold_per_floor":[99,115,115,126,138,138,138,153,153,190,190,190,215,215,228,329,329,329,342,109,109,123,141,141,141,141,156,40,69,69,84,95,191,191,191,191,191,210,230,239,239,157,234,234,250,250,309,309,309,56,85,85,85,85],"floor_reached":52,"language":"ENG","playtime":4024,"items_purged":["Guardian:Strike_Guardian"],"score":579,"play_id":"6f794b5e-05cb-4aec-a553-80e217b5a186","local_time":"20210204132233","is_ascension_mode":false,"campfire_choices":[{"data":"Transmutation","floor":1,"key":"SMITH"},{"data":"Guardian:EvasiveProtocol","floor":6,"key":"SMITH"},{"floor":9,"key":"DIG"},{"floor":12,"key":"DIG"},{"floor":18,"key":"DIG"},{"floor":26,"key":"DIG"},{"floor":30,"key":"DIG"},{"floor":37,"key":"DIG"},{"floor":44,"key":"DIG"},{"floor":46,"key":"DIG"},{"floor":48,"key":"REST"}],"circlet_count":0,"master_deck":["Guardian:Strike_Guardian+1","Guardian:Defend_Guardian","Guardian:Defend_Guardian","Guardian:Defend_Guardian","Guardian:Defend_Guardian","Guardian:CurlUp","Guardian:TwinSlam","Transmutation+1","Guardian:EvasiveProtocol+1","Guardian:ShieldCharger","Guardian:PiercingHide","Guardian:ConstructionForm","Guardian:WalkerClaw","Guardian:FloatingOrbs","Guardian:RevengeProtocol","Guardian:EvasiveProtocol+1","Guardian:Recover+1","Guardian:SphericShield","Guardian:TemporalStrike+1","Guardian:ChargeCore+1","Guardian:TimeCapacitor","Guardian:ChargeCore","Guardian:FastForward+1","Guardian:TimeBomb+1","expansioncontent:InvincibleStrength","Guardian:SpikerProtocol+1","Parasite","Guardian:TemporalShield"],"relics":["Guardian:ModeShifter","Shovel","Replay:Bottled Steam","Matryoshka","Letter Opener","Busted Crown","Nunchaku","Bronze Scales","Iron Hammer","Pen Nib","Golden Egg","Bottled Tornado","Painkiller Herb","CeramicFish","Ancient Tea Set","Eternal Feather","Happy Flower","Whetstone","The Courier","Mango"],"acts_visited":["Exordium","TheCity","TheBeyond"],"potions_floor_usage":[8,10,10,11,16,22,28,28,32,38,42,42,42,47],"damage_taken":[{"damage":7,"enemies":"Small Slimes","floor":2,"turns":4},{"damage":0,"enemies":"Cultist","floor":4,"turns":3},{"damage":1,"enemies":"2 Louse","floor":5,"turns":3},{"damage":6,"enemies":"Large Slime","floor":8,"turns":10},{"damage":6,"enemies":"2 Fungi Beasts","floor":10,"turns":4},{"damage":0,"enemies":"Gremlin Gang","floor":11,"turns":1},{"damage":0,"enemies":"Lagavulin","floor":13,"turns":9},{"damage":0,"enemies":"Large Slime","floor":15,"turns":6},{"damage":0,"enemies":"IC_STATUS_ARCHETYPE","floor":16,"turns":9},{"damage":0,"enemies":"Spheric Guardian","floor":19,"turns":5},{"damage":0,"enemies":"downfall:FleeingMerchant","floor":20,"turns":4},{"damage":0,"enemies":"Shelled Parasite and Fungi","floor":22,"turns":6},{"damage":0,"enemies":"3 Cultists","floor":23,"turns":5},{"damage":0,"enemies":"Snake Plant","floor":27,"turns":5},{"damage":0,"enemies":"downfall:FleeingMerchant","floor":28,"turns":4},{"damage":4,"enemies":"Replay:Snechameleon","floor":29,"turns":6},{"damage":0,"enemies":"Snecko","floor":31,"turns":5},{"damage":0,"enemies":"3 Cultists","floor":32,"turns":6},{"damage":9,"enemies":"DF_ARCHETYPE_CLAW","floor":33,"turns":9},{"damage":0,"enemies":"3 Darklings","floor":38,"turns":6},{"damage":0,"enemies":"3 Shapes","floor":39,"turns":6},{"damage":0,"enemies":"downfall:FleeingMerchant","floor":42,"turns":4},{"damage":10,"enemies":"Maw","floor":45,"turns":11},{"damage":69,"enemies":"Nemesis","floor":47,"turns":11},{"damage":0,"enemies":"downfall:FleeingMerchant","floor":50,"turns":4},{"damage":13,"enemies":"Writhing Mass","floor":51,"turns":7},{"damage":45,"enemies":"SI_POISON_ARCHETYPE","floor":52,"turns":4}],"seed_played":"3797978427927245519","potions_obtained":[{"floor":2,"key":"SmokeBomb"},{"floor":10,"key":"hexamod:SoulburnPotion"},{"floor":15,"key":"LifebloodPotion"},{"floor":16,"key":"GamblersBrew"},{"floor":19,"key":"Toxic Potion"},{"floor":27,"key":"AttackPotion"},{"floor":31,"key":"SteroidPotion"},{"floor":32,"key":"Swift Potion"},{"floor":33,"key":"Block Potion"},{"floor":38,"key":"FearPotion"},{"floor":45,"key":"hexamod:SoulburnPotion"}],"is_trial":false,"path_per_floor":["R","M","?","M","M","R","T","M","R","M","M","R","E","?","M","B",null,"R","M","$","?","M","M","T","?","R","M","$","E","R","M","M","B",null,"PTL","PTL","T","?","?","?","?","T","T","T","?","T","E","T","?","T","?","B"],"character_chosen":"GUARDIAN","items_purchased":["Guardian:SphericShield","Guardian:ChargeCore","Guardian:TimeCapacitor","Guardian:SpikerProtocol","Mango"],"campfire_rested":1,"item_purchase_floors":[20,28,28,42,50],"current_hp_per_floor":[72,65,65,65,64,64,64,58,58,52,52,52,52,52,52,52,72,72,72,72,72,72,72,72,72,72,72,72,68,68,68,68,59,72,72,72,72,72,72,72,72,72,72,72,62,72,3,39,39,53,40,0,0,0],"gold":85,"neow_bonus":"RANDOM_COLORLESS_2","is_daily":false,"chose_seed":false,"campfire_upgraded":2,"win_rate":0.0,"timestamp":1612466553,"path_taken":["R","M","?","M","M","R","T","M","R","?","M","R","E","?","M","BOSS","R","M","$","?","M","M","T","?","R","M","$","E","R","?","M","BOSS","PTL","PTL","T","?","?","?","?","?","T","T","?","T","E","T","?","T","?","BOSS"],"items_purchased_type":["Card","Card","Card","Card","Relic"],"build_version":"2020-12-22","purchased_purges":1,"victory":false,"max_hp_per_floor":[72,72,72,72,72,72,72,72,72,72,72,72,72,72,72,72,72,72,72,72,72,72,72,72,72,72,72,72,72,72,72,72,72,72,72,72,72,72,72,72,72,72,72,72,72,72,72,72,72,86,86,86,86,86],"card_choices":[{"not_picked":["Magnetism","Secret Technique"],"picked":"Transmutation","floor":0.0},{"not_picked":["Guardian:Gem_Cyan","Guardian:BronzeOrb"],"picked":"Guardian:PrimingBeam","floor":2},{"not_picked":["Guardian:Repulse","Guardian:Gem_Green"],"picked":"Guardian:EvasiveProtocol","floor":4},{"not_picked":["Guardian:PolyBeam","Guardian:CrystalBeam"],"picked":"Guardian:ShieldCharger","floor":5},{"not_picked":["Guardian:TimeBomb","Guardian:Gem_Fragmented"],"picked":"Guardian:PiercingHide","floor":8},{"not_picked":["Guardian:ChargeCore","Guardian:PrimingBeam"],"picked":"Guardian:ConstructionForm","floor":10},{"not_picked":["Guardian:Gem_Blue","Guardian:ChargeCore"],"picked":"Guardian:WalkerClaw","floor":13},{"not_picked":["Guardian:Incinerate","Guardian:RollAttack"],"picked":"Guardian:FloatingOrbs","floor":15},{"not_picked":["Guardian:HyperBeam_Guardian","Guardian:ExploitGems"],"picked":"Guardian:RevengeProtocol","floor":16},{"not_picked":[],"picked":"Guardian:EvasiveProtocol+1","floor":19},{"not_picked":[],"picked":"Guardian:Recover+1","floor":20},{"not_picked":["Guardian:ShieldCharger+1"],"picked":"SKIP","floor":22},{"not_picked":["Guardian:RollAttack+1"],"picked":"SKIP","floor":23},{"not_picked":["Guardian:CrystalBeam"],"picked":"SKIP","floor":27},{"not_picked":[],"picked":"Guardian:TemporalStrike+1","floor":28},{"not_picked":[],"picked":"Guardian:ChargeCore","floor":29},{"not_picked":[],"picked":"Guardian:FastForward","floor":31},{"not_picked":["Guardian:CrystalBeam+1"],"picked":"SKIP","floor":32},{"not_picked":[],"picked":"Guardian:TimeBomb+1","floor":38},{"not_picked":["Guardian:WalkerClaw"],"picked":"SKIP","floor":39},{"not_picked":["expansioncontent:PrepareCrush","expansioncontent:HyperBeam"],"picked":"expansioncontent:InvincibleStrength","floor":40},{"not_picked":["Guardian:ShieldCharger+1"],"picked":"SKIP","floor":42},{"not_picked":["Guardian:Reroute+1"],"picked":"SKIP","floor":45},{"not_picked":["Guardian:TemporalShield+1"],"picked":"SKIP","floor":47},{"not_picked":["Guardian:SentryBeam+1"],"picked":"SKIP","floor":50},{"not_picked":[],"picked":"Guardian:TemporalShield","floor":51}],"player_experience":131575,"relics_obtained":[{"floor":7,"key":"Shovel"},{"floor":9,"key":"Replay:Bottled Steam"},{"floor":12,"key":"Matryoshka"},{"floor":13,"key":"Letter Opener"},{"floor":18,"key":"Nunchaku"},{"floor":24,"key":"Bronze Scales"},{"floor":24,"key":"Iron Hammer"},{"floor":26,"key":"Pen Nib"},{"floor":29,"key":"Golden Egg"},{"floor":30,"key":"Bottled Tornado"},{"floor":37,"key":"CeramicFish"},{"floor":43,"key":"Ancient Tea Set"},{"floor":43,"key":"Eternal Feather"},{"floor":44,"key":"Happy Flower"},{"floor":46,"key":"Whetstone"},{"floor":47,"key":"The Courier"}],"event_choices":[{"damage_healed":0,"gold_gain":0,"player_choice":"Ignored","damage_taken":0,"max_hp_gain":0,"max_hp_loss":0,"event_name":"Ghosts","floor":21,"gold_loss":0},{"cards_removed":["Guardian:Strike_Guardian"],"damage_healed":0,"gold_gain":0,"player_choice":"Offered Basic","damage_taken":0,"max_hp_gain":0,"max_hp_loss":0,"event_name":"Bonfire Elementals","floor":25,"gold_loss":0},{"cards_removed":["Guardian:PrimingBeam"],"damage_healed":0,"gold_gain":0,"player_choice":"Removed Attack","damage_taken":0,"max_hp_gain":0,"max_hp_loss":0,"event_name":"Falling","floor":49,"gold_loss":0}],"is_beta":false,"boss_relics":[{"not_picked":["Cursed Key","Tiny House"],"picked":"Busted Crown"},{"not_picked":["Black Star","Replay:Wanted Poster"],"picked":"Painkiller Herb"}],"items_purged_floors":[20],"is_endless":false,"potions_floor_spawned":[2,10,15,16,19,27,31,32,33,38,45],"killed_by":"SI_POISON_ARCHETYPE","ascension_level":0}}