{"host":"fuszjwm6fqgjjp4d","time":1612420945,"event":{"mods":["BaseMod","Bestiary","Colored Map","Minty Spire (QoL Compilation)","Permanent Neow","Relic Sorter","Relic Stats","StSLib"],"gold_per_floor":[111,122,122,197,217,217,217,217],"floor_reached":7,"language":"ENG","playtime":130,"items_purged":[],"score":82,"play_id":"57d352bb-f130-4944-9d76-b0017f137562","local_time":"20210204004225","is_ascension_mode":true,"campfire_choices":[{"data":"Neutralize","floor":6,"key":"SMITH"}],"circlet_count":0,"master_deck":["AscendersBane","Strike_G","Strike_G","Strike_G","Strike_G","Strike_G","Defend_G","Defend_G","Defend_G","Defend_G","Defend_G","Survivor","Neutralize+1","Corpse Explosion","Flying Knee","Deflect","Poisoned Stab"],"relics":["Ring of the Snake","Calipers"],"acts_visited":["Exordium"],"potions_floor_usage":[],"damage_taken":[{"damage":2,"enemies":"Cultist","floor":1,"turns":4},{"damage":7,"enemies":"2 Louse","floor":2,"turns":2},{"damage":11,"enemies":"Small Slimes","floor":5,"turns":4},{"damage":45,"enemies":"Gremlin Nob","floor":7,"turns":4}],"seed_played":"-3124339607324070932","potions_obtained":[],"is_trial":false,"path_per_floor":["M","M","T","?","M","R","E"],"character_chosen":"THE_SILENT","items_purchased":[],"campfire_rested":0,"item_purchase_floors":[],"current_hp_per_floor":[57,50,50,39,28,28,0,0],"gold":217,"neow_bonus":"ONE_RANDOM_RARE_CARD","is_daily":false,"chose_seed":false,"campfire_upgraded":1,"win_rate":0.0,"timestamp":1612420945,"path_taken":["M","M","?","?","M","R","E"],"items_purchased_type":[],"build_version":"2020-12-22","purchased_purges":0,"victory":false,"max_hp_per_floor":[66,66,66,66,66,66,66,66],"relic_stats":{"counters":[4,14],"obtain_stats":[{"Calipers":3,"Ring of the Snake":0},{"Calipers":2,"Ring of the Snake":0},{"Calipers":6,"Ring of the Snake":0}],"Ring of the Snake":[8]},"card_choices":[{"not_picked":["Quick Slash","Dodge and Roll"],"picked":"Flying Knee","floor":1},{"not_picked":["Dodge and Roll","Calculated Gamble"],"picked":"Deflect","floor":2},{"not_picked":["Outmaneuver","Acrobatics"],"picked":"Poisoned Stab","floor":5}],"player_experience":1437850,"relics_obtained":[{"floor":3,"key":"Calipers"}],"event_choices":[{"damage_healed":0,"gold_gain":75,"player_choice":"Gather Gold","damage_taken":11,"max_hp_gain":0,"max_hp_loss":0,"event_name":"World of Goop","floor":4,"gold_loss":0}],"is_beta":false,"boss_relics":[],"items_purged_floors":[],"is_endless":false,"potions_floor_spawned":[],"killed_by":"Gremlin Nob","ascension_level":20}}