{"host":"7jl348xfsxr8glry","time":1612446553,"event":{"mods":["AchievementEnabler","BaseMod","Colored Map","Minty Spire (QoL Compilation)","Random Character Button","Unceasing Turn Reminder"],"gold_per_floor":[118,138,138,150,150,150,181,181,181,198,55,73,23,41,41,136,136,149,2,2,102,119,119,119,119,119,134,134,144,144,144],"floor_reached":30,"language":"ENG","playtime":1817,"items_purged":["Strike_G","Strike_G"],"score":276,"play_id":"f6b0f290-d458-47d4-84eb-28db4a6b4432","local_time":"20210205004913","is_ascension_mode":true,"campfire_choices":[{"floor":6,"key":"REST"},{"floor":8,"key":"REST"},{"floor":15,"key":"REST"},{"floor":23,"key":"REST"},{"data":"Infinite Blades","floor":25,"key":"SMITH"}],"circlet_count":0,"master_deck":["Strike_G","Defend_G","Defend_G","Defend_G","Defend_G","Defend_G","Survivor","Neutralize","Quick Slash","Heel Hook","Skewer","Dagger Throw","Quick Slash","Infinite Blades+1","Blade Dance","Cloak And Dagger","Footwork","Sucker Punch","Sucker Punch","Dagger Spray+1","Accuracy","RitualDagger"],"relics":["Ring of the Snake","Singing Bowl","Eternal Feather","Empty Cage","Mercury Hourglass"],"acts_visited":["Exordium","TheCity"],"potions_floor_usage":[22,22],"damage_taken":[{"damage":0,"enemies":"Small Slimes","floor":1,"turns":4},{"damage":0,"enemies":"Jaw Worm","floor":2,"turns":4},{"damage":1,"enemies":"Cultist","floor":4,"turns":3},{"damage":36,"enemies":"Gremlin Nob","floor":7,"turns":5},{"damage":0,"enemies":"Large Slime","floor":10,"turns":5},{"damage":10,"enemies":"Lots of Slimes","floor":12,"turns":4},{"damage":3,"enemies":"Looter","floor":14,"turns":3},{"damage":63,"enemies":"The Guardian","floor":16,"turns":13},{"damage":16,"enemies":"Shell Parasite","floor":18,"turns":9},{"damage":0,"enemies":"3 Byrds","floor":22,"turns":5},{"damage":13,"enemies":"Snecko","floor":27,"turns":4},{"damage":39,"enemies":"Snake Plant","floor":29,"turns":6},{"damage":24,"enemies":"Shelled Parasite and Fungi","floor":30,"turns":3}],"seed_played":"877611101247042749","potions_obtained":[{"floor":1,"key":"SkillPotion"},{"floor":10,"key":"LiquidMemories"},{"floor":12,"key":"Strength Potion"},{"floor":27,"key":"FearPotion"},{"floor":29,"key":"GamblersBrew"}],"is_trial":false,"path_per_floor":["M","M","?","M","?","R","E","R","T","M","$","M","$","M","R","B",null,"M","$","?","?","M","R","?","R","T","M","?","M","M"],"character_chosen":"THE_SILENT","items_purchased":["Infinite Blades","Cloak And Dagger","Sucker Punch"],"campfire_rested":4,"item_purchase_floors":[11,13,19],"current_hp_per_floor":[70,70,58,57,50,70,34,55,55,55,55,45,45,42,70,9,72,56,56,43,43,43,77,77,77,77,66,60,23,0,0],"gold":144,"neow_bonus":"THREE_CARDS","is_daily":false,"chose_seed":false,"campfire_upgraded":1,"win_rate":0.0,"timestamp":1612446553,"path_taken":["M","M","?","M","?","R","E","R","T","M","$","M","$","M","R","BOSS","M","$","?","?","?","R","?","R","T","M","?","M","M"],"items_purchased_type":["Card","Card","Card"],"build_version":"2020-12-22","purchased_purges":2,"victory":false,"max_hp_per_floor":[70,70,70,70,70,70,70,70,70,70,70,70,70,70,70,72,72,72,72,77,77,77,77,77,77,77,79,79,81,81,81],"card_choices":[{"not_picked":["Slice","Blade Dance"],"picked":"Quick Slash","floor":0},{"not_picked":["Riddle With Holes","Acrobatics"],"picked":"Heel Hook","floor":1},{"not_picked":["Blade Dance","Flechettes"],"picked":"Skewer","floor":2},{"not_picked":["Well Laid Plans","PiercingWail","Prepared"],"picked":"SKIP","floor":4},{"not_picked":["Envenom","Catalyst"],"picked":"Dagger Throw","floor":7},{"not_picked":["Outmaneuver","Backflip"],"picked":"Quick Slash","floor":10},{"not_picked":["Sucker Punch","Deflect"],"picked":"Blade Dance","floor":12},{"not_picked":["Predator","Setup"],"picked":"Footwork","floor":14},{"not_picked":["Phantasmal Killer","Doppelganger","Tools of the Trade"],"picked":"Singing Bowl","floor":16},{"not_picked":["Escape Plan","PiercingWail"],"picked":"Sucker Punch","floor":18},{"not_picked":["Crippling Poison+1","Caltrops"],"picked":"Dagger Spray+1","floor":22},{"not_picked":["Reflex","Slice","Prepared"],"picked":"Singing Bowl","floor":27},{"not_picked":["Outmaneuver","Dagger Throw+1","Well Laid Plans"],"picked":"Singing Bowl","floor":29}],"player_experience":224373,"relics_obtained":[{"floor":7,"key":"Singing Bowl"},{"floor":9,"key":"Eternal Feather"},{"floor":26,"key":"Mercury Hourglass"}],"event_choices":[{"damage_healed":0,"gold_gain":0,"player_choice":"Fled","damage_taken":12,"max_hp_gain":0,"max_hp_loss":0,"event_name":"Scrap Ooze","floor":3,"gold_loss":0},{"damage_healed":0,"gold_gain":0,"player_choice":"Damaged","damage_taken":7,"max_hp_gain":0,"max_hp_loss":0,"event_name":"Wheel of Change","floor":5,"gold_loss":0},{"damage_healed":0,"gold_gain":0,"player_choice":"Shed Blood","damage_taken":18,"max_hp_gain":5,"max_hp_loss":0,"event_name":"Forgotten Altar","floor":20,"gold_loss":0},{"damage_healed":0,"gold_gain":100,"player_choice":"Pray","damage_taken":0,"max_hp_gain":0,"max_hp_loss":0,"event_name":"Golden Shrine","floor":21,"gold_loss":0},{"damage_healed":0,"gold_gain":0,"player_choice":"Read","damage_taken":0,"max_hp_gain":0,"max_hp_loss":0,"event_name":"The Library","floor":24,"gold_loss":0,"cards_obtained":["Accuracy"]},{"damage_healed":0,"gold_gain":0,"player_choice":"Joined the Cult","damage_taken":6,"max_hp_gain":0,"max_hp_loss":0,"event_name":"Nest","floor":28,"gold_loss":0,"cards_obtained":["RitualDagger"]}],"is_beta":false,"boss_relics":[{"not_picked":["Velvet Choker","Coffee Dripper"],"picked":"Empty Cage"}],"items_purged_floors":[11,19],"is_endless":false,"potions_floor_spawned":[1,10,12,14,27,29],"killed_by":"Shelled Parasite and Fungi","ascension_level":4}}