{"host":"s8caws4n06h39s1x","time":1612446716,"event":{"mods":["BaseMod","Colored Powertips","Highlight Path","Minty Spire (QoL Compilation)","Quick Restart"],"gold_per_floor":[109,284,284,14,14,47,60,60,83,94,129,145,155,185,185,185,185],"floor_reached":16,"language":"ENG","playtime":967,"items_purged":["Doubt"],"score":126,"play_id":"e4d05c2d-205f-4762-b9d9-0fc93e5471a7","local_time":"20210204145156","is_ascension_mode":true,"campfire_choices":[{"floor":8,"key":"REST"},{"floor":15,"key":"REST"}],"circlet_count":0,"master_deck":["Strike_G+1","Strike_G","Strike_G","Strike_G","Strike_G+1","Defend_G","Defend_G","Defend_G","Defend_G","Defend_G","Survivor","Neutralize","Slice","Blur","Backstab","All Out Attack","Dagger Spray","Flying Knee","Dodge and Roll","Slice","Storm of Steel"],"relics":["Ring of the Snake","Medical Kit","Bag of Marbles","Smiling Mask","Snake Skull","Ninja Scroll"],"acts_visited":[],"potions_floor_usage":[6],"damage_taken":[{"damage":0,"enemies":"Jaw Worm","floor":1,"turns":6},{"damage":17,"enemies":"3 Sentries","floor":6,"turns":12},{"damage":0,"enemies":"2 Louse","floor":7,"turns":2},{"damage":0,"enemies":"Cultist","floor":10,"turns":3},{"damage":8,"enemies":"Gremlin Nob","floor":11,"turns":3},{"damage":0,"enemies":"Exordium Wildlife","floor":12,"turns":1},{"damage":0,"enemies":"Red Slaver","floor":13,"turns":3},{"damage":6,"enemies":"3 Sentries","floor":14,"turns":5},{"damage":72,"enemies":"The Guardian","floor":16,"turns":11}],"seed_played":"600705772560033269","potions_obtained":[{"floor":5,"key":"Poison Potion"},{"floor":5,"key":"DistilledChaos"},{"floor":5,"key":"PowerPotion"},{"floor":10,"key":"Energy Potion"},{"floor":13,"key":"SpeedPotion"}],"is_trial":true,"path_per_floor":["M","?","?","$","?","E","M","R","T","M","E","M","M","E","R","B"],"character_chosen":"THE_SILENT","items_purchased":["Blur","Medical Kit"],"campfire_rested":2,"item_purchase_floors":[4,4],"current_hp_per_floor":[70,70,56,56,56,39,39,60,60,60,52,52,52,46,67,0,0],"gold":185,"neow_bonus":"","is_daily":false,"chose_seed":false,"campfire_upgraded":0,"win_rate":0.0,"timestamp":1612446716,"path_taken":["M","?","?","$","?","E","M","R","T","M","E","M","?","E","R","BOSS"],"items_purchased_type":["Card","Relic"],"build_version":"2020-12-22","purchased_purges":1,"victory":false,"max_hp_per_floor":[70,70,70,70,70,70,70,70,70,70,70,70,70,70,70,70,70],"card_choices":[{"not_picked":["Outmaneuver","Riddle With Holes"],"picked":"Slice","floor":1},{"not_picked":["Poisoned Stab","Escape Plan"],"picked":"Backstab","floor":6},{"not_picked":["Catalyst","Leg Sweep"],"picked":"All Out Attack","floor":7},{"not_picked":["Underhanded Strike","Quick Slash"],"picked":"Dagger Spray","floor":10},{"not_picked":["Eviscerate","Dagger Throw"],"picked":"Flying Knee","floor":11},{"not_picked":["Predator","PiercingWail"],"picked":"Dodge and Roll","floor":12},{"not_picked":["Blade Dance","Outmaneuver"],"picked":"Slice","floor":13},{"not_picked":["Riddle With Holes","Flechettes"],"picked":"Storm of Steel","floor":14}],"player_experience":468567,"relics_obtained":[{"floor":6,"key":"Bag of Marbles"},{"floor":9,"key":"Smiling Mask"},{"floor":11,"key":"Snake Skull"},{"floor":14,"key":"Ninja Scroll"}],"event_choices":[{"damage_healed":0,"gold_gain":175,"player_choice":"AGREE","damage_taken":0,"max_hp_gain":0,"max_hp_loss":0,"event_name":"Liars Game","floor":2,"gold_loss":0,"cards_obtained":["Doubt"]},{"damage_healed":0,"gold_gain":0,"player_choice":"Entered Light","damage_taken":14,"max_hp_gain":0,"max_hp_loss":0,"event_name":"Shining Light","floor":3,"gold_loss":0,"cards_upgraded":["Strike_G","Strike_G"]},{"damage_healed":0,"gold_gain":0,"player_choice":"Got Potions","damage_taken":0,"max_hp_gain":0,"max_hp_loss":0,"event_name":"Lab","floor":5,"gold_loss":0}],"is_beta":false,"boss_relics":[],"items_purged_floors":[4],"is_endless":true,"potions_floor_spawned":[10,11,13,14],"killed_by":"The Guardian","ascension_level":1}}