{"host":"2i1rjl87isetstuj","time":1612439509,"event":{"mods":["BaseMod","Better Vampires","Challenge The Spire","Lobotomy","LobotomyExtend","Marked Mod","Minty Spire (QoL Compilation)","Quick Restart","Shop Mod","StSLib","Waifu the Spire","óô»ðÖ¸ÄÏ"],"gold_per_floor":[117,135,154,166,166,194,49,66,93,113,113,126,139,3,36,36,36],"floor_reached":7,"language":"ZHS","playtime":900,"items_purged":[],"score":75,"play_id":"3546a5b3-4ca7-4189-b996-08f1ea47f6c6","local_time":"20210204195149","is_ascension_mode":true,"campfire_choices":[],"circlet_count":0,"master_deck":["Strike_R","Strike_R","Strike_R","Strike_R","Defend_R","Defend_R","Defend_R","Defend_R","Bash","Scorched","Bloodletting","OSAHOGD","Dual Wield","Laetitia","Berserk","Rupture","BlackSwan","Heavy Blade","Yin","Bloodletting","Sword Boomerang","RedShoes","Metallicize","Funeral","Uppercut","Limit Break","BigBird","Spot Weakness"],"relics":["Burning Blood","CogitoBucket","StrikeDummy","Vajra","HellTrain","Bag of Preparation","LaetitiaHeart","Yang_Lob","LetterFromLob","Dream Catcher"],"acts_visited":["Exordium"],"potions_floor_usage":[7,7,7],"damage_taken":[{"damage":6,"enemies":"Cultist","floor":1,"turns":3},{"damage":6,"enemies":"Jaw Worm","floor":2,"turns":2},{"damage":0,"enemies":"Small Slimes","floor":3,"turns":1},{"damage":0,"enemies":"Gremlin Gang","floor":4,"turns":1},{"damage":44,"enemies":"Gremlin Nob","floor":6,"turns":5},{"damage":8,"enemies":"Lots of Slimes","floor":8,"turns":3},{"damage":3,"enemies":"3 Sentries","floor":10,"turns":1},{"damage":3,"enemies":"3 Sentries","floor":10,"turns":1},{"damage":3,"enemies":"2 Louse","floor":1,"turns":2},{"damage":4,"enemies":"Cultist","floor":3,"turns":3},{"damage":0,"enemies":"Small Slimes","floor":4,"turns":1},{"damage":27,"enemies":"Lagavulin","floor":6,"turns":5}],"seed_played":"-5516548010808097773","potions_obtained":[{"floor":6,"key":"DuplicationPotion"},{"floor":8,"key":"Explosive Potion"},{"floor":3,"key":"CultistPotion"}],"is_trial":false,"path_per_floor":["M","M","M","M","T","E","$","M","T","E","M","?","M","M","$","E","M"],"character_chosen":"IRONCLAD","items_purchased":["Vajra","Limit Break"],"campfire_rested":0,"item_purchase_floors":[7,5],"current_hp_per_floor":[80,80,80,80,80,42,42,40,40,80,80,80,80,80,60,0,0],"gold":36,"neow_bonus":"","is_daily":false,"chose_seed":false,"campfire_upgraded":0,"win_rate":0.0,"timestamp":1612439509,"path_taken":["M","M","M","M","?","E","?","M","T","E","M","?","M","M","$","E","?"],"items_purchased_type":["Relic","Card"],"build_version":"2020-12-22","purchased_purges":0,"victory":false,"max_hp_per_floor":[80,80,80,80,80,80,80,80,80,80,80,80,80,80,80,80,80],"card_choices":[{"not_picked":["Wellcheers","Murderer","CrumblingArmor"],"picked":"Singing Bowl","floor":1},{"not_picked":["PunishingBird","ShyLook"],"picked":"Scorched","floor":1},{"not_picked":["Carnage","Body Slam"],"picked":"Bloodletting","floor":1},{"not_picked":["MeatLantern","CrumblingArmor","BeautyBeast"],"picked":"Singing Bowl","floor":2},{"not_picked":["FairyFestival","OldLady"],"picked":"OSAHOGD","floor":2},{"not_picked":["Iron Wave","Heavy Blade"],"picked":"Dual Wield","floor":2},{"not_picked":["Murderer","Wellcheers"],"picked":"Laetitia","floor":3},{"not_picked":["Warcry","Perfected Strike"],"picked":"Berserk","floor":3},{"not_picked":["FairyFestival","OldLady"],"picked":"Alriune","floor":4},{"not_picked":["Pommel Strike","Combust"],"picked":"Rupture","floor":4},{"not_picked":["GalaxyChild","OldLady"],"picked":"BlackSwan","floor":6},{"not_picked":["Havoc","Perfected Strike","Clothesline"],"picked":"SKIP","floor":6},{"not_picked":["Havoc","Headbutt"],"picked":"Heavy Blade","floor":8},{"not_picked":["Variant","ShyLook","MeatLantern"],"picked":"Singing Bowl","floor":8},{"not_picked":["MeatLantern","Bloodbath"],"picked":"Yin","floor":8},{"not_picked":["True Grit","Blood for Blood"],"picked":"Bloodletting","floor":1},{"not_picked":["WallGazer","PunishingBird"],"picked":"RedShoes","floor":3},{"not_picked":["Evolve","Sentinel"],"picked":"Metallicize","floor":3},{"not_picked":["CrumblingArmor","LongBird"],"picked":"Funeral","floor":4},{"not_picked":["Armaments","Sentinel"],"picked":"Uppercut","floor":4},{"not_picked":["BeautyBeast","Alriune"],"picked":"BigBird","floor":6},{"not_picked":["Double Tap","Anger"],"picked":"Spot Weakness","floor":6}],"player_experience":118769,"relics_obtained":[{"floor":1,"key":"LetterFromLob"},{"floor":6,"key":"StrikeDummy"},{"floor":9,"key":"Bag of Preparation"},{"floor":1,"key":"LetterFromLob"},{"floor":6,"key":"Dream Catcher"}],"event_choices":[{"damage_healed":0,"gold_gain":0,"cards_transformed":["Alriune"],"player_choice":"Transformed","damage_taken":0,"max_hp_gain":0,"max_hp_loss":0,"event_name":"Transmorgrifier","floor":2,"gold_loss":0,"cards_obtained":["Sword Boomerang"]}],"is_beta":false,"boss_relics":[],"items_purged_floors":[],"is_endless":false,"potions_floor_spawned":[6,8,10,3,6],"killed_by":"Red Slaver","ascension_level":1}}