{"host":"u8jm3mkzbb0z8q6m","time":1612425714,"event":{"mods":["BaseMod","Challenge The Spire","Colored Powertips","Minty Spire (QoL Compilation)","Quick Restart","Replay The Spire","Spicy Shops","StSLib","¡¾ÒÅÎï¿¨ÅÆ¡¿REMEMod"],"gold_per_floor":[110,121,121,138,138,138,138,156,207,236,251,262,262,58,58,156,156,171,171,171,171,171,171,198,198,198,232,242,242,242],"floor_reached":29,"language":"ZHS","playtime":1883,"items_purged":["Pain"],"score":387,"play_id":"0a492c0a-211c-414b-a07d-1fd17ff2af75","local_time":"20210204170154","is_ascension_mode":true,"campfire_choices":[{"data":"Envenom","floor":6,"key":"SMITH"},{"floor":13,"key":"REST"},{"floor":15,"key":"REST"},{"data":"Catalyst","floor":23,"key":"SMITH"},{"floor":25,"key":"REST"}],"circlet_count":0,"master_deck":["Strike_G","Strike_G","Strike_G","Strike_G","Strike_G","Defend_G","Defend_G","Defend_G","Defend_G","Defend_G","Survivor","Envenom+1","Hidden Blade+1","Concentrate","Prepared","Venomology+1","Prepared","Toxin Wave","Poisoned Stab","Prepared","Catalyst+1","Sadistic Nature","Voices","Doubt","Pain","REME_ShadowForm","Necronomicurse","Looming Evil","Outmaneuver"],"relics":["REME_ComplimentaryCards","HoveringKite","Orichalcum","Ancient Tea Set","PrismaticShard","Replay:Ancient Bell","Strawberry","REME_LimitBreaker","Tingsha","Necronomicon","ReplayTheSpireMod:Ring of Challenge","ReplayTheSpireMod:Ring of Collecting","Ring of Fury","Bag of Preparation","StoneCalendar","Ring of Panic","Bottled Flame","Bottled Tornado"],"acts_visited":["Exordium","TheCity"],"potions_floor_usage":[8,10,12,12,16,16,18,18,24,24,24,27,28],"damage_taken":[{"damage":1,"enemies":"Small Slimes","floor":1,"turns":5},{"damage":5,"enemies":"Cultist","floor":2,"turns":5},{"damage":3,"enemies":"Jaw Worm","floor":4,"turns":6},{"damage":1,"enemies":"2 Fungi Beasts","floor":8,"turns":4},{"damage":37,"enemies":"Lagavulin","floor":10,"turns":8},{"damage":9,"enemies":"Gremlin Gang","floor":11,"turns":3},{"damage":4,"enemies":"Large Slime","floor":12,"turns":4},{"damage":41,"enemies":"The Guardian","floor":16,"turns":11},{"damage":7,"enemies":"Chosen","floor":18,"turns":3},{"damage":64,"enemies":"Slavers","floor":24,"turns":6},{"damage":16,"enemies":"Gremlin Leader","floor":27,"turns":5},{"damage":14,"enemies":"Shell Parasite","floor":28,"turns":4},{"damage":10,"enemies":"Snake Plant","floor":29,"turns":2}],"seed_played":"3398177752232372761","potions_obtained":[{"floor":1,"key":"Poison Potion"},{"floor":8,"key":"SpeedPotion"},{"floor":12,"key":"Dexterity Potion"},{"floor":16,"key":"AttackPotion"},{"floor":18,"key":"BlessingOfTheForge"},{"floor":27,"key":"Energy Potion"}],"is_trial":false,"path_per_floor":["M","M","?","M","?","R","?","M","T","E","M","M","R","$","R","B",null,"M","?","?","T","?","R","E","R","T","E","M","M"],"character_chosen":"THE_SILENT","items_purchased":["Catalyst","PrismaticShard"],"campfire_rested":3,"item_purchase_floors":[14,14],"current_hp_per_floor":[69,64,64,61,61,61,61,60,60,23,14,10,31,31,52,11,77,70,54,54,54,77,77,13,36,36,20,6,0,0],"gold":242,"neow_bonus":"BOSS_RELIC","is_daily":false,"chose_seed":false,"campfire_upgraded":2,"win_rate":0.0,"timestamp":1612425714,"path_taken":["M","M","?","?","?","R","?","M","T","E","?","M","R","$","R","BOSS","M","?","?","?","?","R","E","R","T","E","M","M"],"items_purchased_type":["Card","Relic"],"build_version":"2020-12-22","purchased_purges":1,"victory":false,"max_hp_per_floor":[70,70,70,70,70,70,70,70,70,70,70,70,70,70,70,70,77,77,77,77,77,77,77,77,77,77,77,77,77,77],"card_choices":[{"not_picked":["Skewer","Blade Dance"],"picked":"Hidden Blade","floor":1},{"not_picked":["Hidden Blade","Prepared"],"picked":"Concentrate","floor":2},{"not_picked":["Cloak And Dagger","Endless Agony"],"picked":"Prepared","floor":4},{"not_picked":["Quick Slash","Deadly Poison"],"picked":"Prepared","floor":8},{"not_picked":["Masterful Stab","REME_SpectralBlade"],"picked":"Toxin Wave","floor":10},{"not_picked":["Dagger Spray","Distraction"],"picked":"Poisoned Stab","floor":11},{"not_picked":["Accuracy","Heel Hook"],"picked":"Prepared","floor":12},{"not_picked":["Corruption","REME_GrazeFinale"],"picked":"Sadistic Nature","floor":16},{"not_picked":["ReplayTheSpireMod:Faulty Equipment","CurseOfTheBell"],"picked":"Voices","floor":17},{"not_picked":["CurseOfTheBell","Parasite"],"picked":"Doubt","floor":17},{"not_picked":["ReplayTheSpireMod:Doomed","Overencumbered"],"picked":"Pain","floor":17},{"not_picked":["Ball Lightning+1","Wallop"],"picked":"REME_ShadowForm","floor":18},{"not_picked":["ClearTheMind","BasicCrystalCard"],"picked":"Outmaneuver","floor":24},{"not_picked":["Deflect","Backstab+1","Barrage"],"picked":"SKIP","floor":27},{"not_picked":["WheelKick","Redo+1","Mind Blast"],"picked":"SKIP","floor":28}],"player_experience":34022,"relics_obtained":[{"floor":9,"key":"Orichalcum"},{"floor":10,"key":"Ancient Tea Set"},{"floor":19,"key":"Necronomicon"},{"floor":20,"key":"ReplayTheSpireMod:Ring of Challenge"},{"floor":20,"key":"ReplayTheSpireMod:Ring of Collecting"},{"floor":21,"key":"Ring of Fury"},{"floor":21,"key":"Bag of Preparation"},{"floor":24,"key":"StoneCalendar"},{"floor":26,"key":"Ring of Panic"},{"floor":26,"key":"Bottled Flame"},{"floor":27,"key":"Bottled Tornado"}],"event_choices":[{"damage_healed":0,"gold_gain":0,"player_choice":"0 cards matched","damage_taken":0,"max_hp_gain":0,"max_hp_loss":0,"event_name":"Match and Keep!","floor":3,"gold_loss":0,"cards_obtained":[]},{"damage_healed":0,"gold_gain":0,"player_choice":"Upgraded","damage_taken":0,"max_hp_gain":0,"max_hp_loss":0,"event_name":"Upgrade Shrine","floor":7,"gold_loss":0,"cards_upgraded":["Hidden Blade"]},{"damage_healed":0,"gold_gain":0,"player_choice":"Obtained Book","damage_taken":16,"max_hp_gain":0,"max_hp_loss":0,"event_name":"Cursed Tome","floor":19,"gold_loss":0},{"damage_healed":25,"gold_gain":0,"player_choice":"Heal","damage_taken":0,"max_hp_gain":0,"max_hp_loss":0,"event_name":"The Library","floor":22,"gold_loss":0}],"is_beta":false,"boss_relics":[{"not_picked":["Tiny House","Cursed Key"],"picked":"Replay:Ancient Bell"},{"not_picked":["Dream Catcher","Oddly Smooth Stone"],"picked":"Strawberry"},{"not_picked":["Mercury Hourglass","Iron Hammer"],"picked":"REME_LimitBreaker"},{"not_picked":["Incense Burner","Torii"],"picked":"Tingsha"}],"items_purged_floors":[14],"is_endless":false,"potions_floor_spawned":[1,8,12,16,18,27],"killed_by":"Snake Plant","ascension_level":2}}