{"host":"j4g6ia6asvpyu2b0","time":1612399876,"event":{"mods":["BaseMod","Colored Map","Minty Spire (QoL Compilation)","Permanent Neow","Quick Restart","Relic Stats","StSLib","Unceasing Turn Reminder"],"gold_per_floor":[13,32,49,67,67,95,95,130,181,211,211,244,169,189,189,189,189],"floor_reached":16,"language":"ENG","playtime":446,"items_purged":["Strike_G"],"score":178,"play_id":"0b0d1fda-3a48-4afc-ab69-2cf1ef59ed6e","local_time":"20210203175116","is_ascension_mode":true,"campfire_choices":[{"data":"Terror","floor":7,"key":"SMITH"},{"data":"Blade Dance","floor":11,"key":"SMITH"},{"data":"Malaise","floor":15,"key":"SMITH"}],"circlet_count":0,"master_deck":["Strike_G","Strike_G","Defend_G","Defend_G","Defend_G","Defend_G","Defend_G","Survivor","Neutralize","Terror+1","Choke","Dagger Spray","Blade Dance+1","Distraction","Caltrops","Sucker Punch","Quick Slash","Malaise+1","Blade Dance","Flying Knee"],"relics":["Ring of the Snake","Pocketwatch","Mercury Hourglass","MealTicket","PreservedInsect","Ninja Scroll"],"acts_visited":["Exordium"],"potions_floor_usage":[6,8],"damage_taken":[{"damage":0,"enemies":"Cultist","floor":1,"turns":3},{"damage":0,"enemies":"Jaw Worm","floor":2,"turns":3},{"damage":0,"enemies":"2 Louse","floor":3,"turns":2},{"damage":0,"enemies":"Looter","floor":4,"turns":2},{"damage":39,"enemies":"3 Sentries","floor":6,"turns":8},{"damage":0,"enemies":"Lagavulin","floor":8,"turns":2},{"damage":12,"enemies":"Gremlin Nob","floor":10,"turns":3},{"damage":2,"enemies":"Lagavulin","floor":12,"turns":7},{"damage":0,"enemies":"2 Fungi Beasts","floor":14,"turns":2},{"damage":35,"enemies":"Slime Boss","floor":16,"turns":5}],"seed_played":"2353502161655653307","potions_obtained":[{"floor":2,"key":"Block Potion"},{"floor":5,"key":"SteroidPotion"},{"floor":5,"key":"AttackPotion"},{"floor":5,"key":"CultistPotion"},{"floor":6,"key":"SpeedPotion"},{"floor":14,"key":"Poison Potion"}],"is_trial":false,"path_per_floor":["M","M","M","M","?","E","R","E","T","E","R","E","$","M","R","B"],"character_chosen":"THE_SILENT","items_purchased":[],"campfire_rested":0,"item_purchase_floors":[],"current_hp_per_floor":[70,70,70,70,70,31,31,31,31,19,19,17,32,32,32,0,0],"gold":189,"neow_bonus":"TRANSFORM_TWO_CARDS","is_daily":false,"chose_seed":false,"campfire_upgraded":3,"win_rate":0.0,"timestamp":1612399876,"path_taken":["M","M","M","M","?","E","R","E","T","E","R","E","$","?","R","BOSS"],"items_purchased_type":[],"build_version":"2020-12-22","purchased_purges":1,"victory":false,"max_hp_per_floor":[70,70,70,70,70,70,70,70,70,70,70,70,70,70,70,70,70],"relic_stats":{"counters":[10,36],"MealTicket":15,"PreservedInsect":28,"obtain_stats":[{"Ninja Scroll":12,"MealTicket":9,"PreservedInsect":10,"Ring of the Snake":0,"Pocketwatch":6,"Mercury Hourglass":8},{"Ninja Scroll":8,"MealTicket":6,"PreservedInsect":7,"Ring of the Snake":0,"Pocketwatch":5,"Mercury Hourglass":6},{"Ninja Scroll":30,"MealTicket":20,"PreservedInsect":23,"Ring of the Snake":0,"Pocketwatch":18,"Mercury Hourglass":20}],"Ring of the Snake":[20],"Pocketwatch":[24],"Mercury Hourglass":[55]},"card_choices":[{"not_picked":["Sucker Punch","Dodge and Roll"],"picked":"Dagger Spray","floor":1},{"not_picked":["Deflect","Flying Knee"],"picked":"Blade Dance","floor":2},{"not_picked":["Storm of Steel","Bane"],"picked":"Distraction","floor":3},{"not_picked":["Dodge and Roll","Setup"],"picked":"Caltrops","floor":4},{"not_picked":["Tactician","Eviscerate"],"picked":"Sucker Punch","floor":6},{"not_picked":["Setup","Bane"],"picked":"Quick Slash","floor":8},{"not_picked":["Slice","Sucker Punch"],"picked":"Malaise","floor":10},{"not_picked":["Catalyst","Backstab"],"picked":"Blade Dance","floor":12},{"not_picked":["Caltrops","PiercingWail"],"picked":"Flying Knee","floor":14}],"player_experience":1132486,"relics_obtained":[{"floor":6,"key":"Pocketwatch"},{"floor":8,"key":"Mercury Hourglass"},{"floor":9,"key":"MealTicket"},{"floor":10,"key":"PreservedInsect"},{"floor":12,"key":"Ninja Scroll"}],"event_choices":[{"damage_healed":0,"gold_gain":0,"player_choice":"Got Potions","damage_taken":0,"max_hp_gain":0,"max_hp_loss":0,"event_name":"Lab","floor":5,"gold_loss":0}],"is_beta":false,"boss_relics":[],"items_purged_floors":[13],"is_endless":false,"potions_floor_spawned":[2,6,14],"killed_by":"Slime Boss","ascension_level":3}}