{"host":"9kgs1o98dz1f0f1n","time":1612464613,"event":{"mods":["BaseMod","BetterRewards","Minty Spire (QoL Compilation)","Quick Restart","Rare Cards Sparkle","Remove Card Discount Mod","Swap Starting Deck Mod"],"gold_per_floor":[115,115,139,158,51,85,85,118,118,151,192,206,206,219,219,347,347,360,360,396,127,147,147,186,186,186,186,186],"floor_reached":27,"language":"JPN","playtime":900,"items_purged":[],"score":426,"play_id":"7a5bb87d-19cf-45ad-90d8-4feba0341730","local_time":"20210205035013","is_ascension_mode":true,"campfire_choices":[{"floor":7,"key":"RECALL"},{"data":"Well Laid Plans","floor":13,"key":"SMITH"},{"data":"Finisher","floor":15,"key":"SMITH"},{"data":"Infinite Blades","floor":23,"key":"SMITH"}],"circlet_count":0,"master_deck":["Slice","Slice","Slice","Slice","Finisher","Cloak And Dagger","Cloak And Dagger","Cloak And Dagger","Cloak And Dagger","Blade Dance","Cloak And Dagger","Backstab","Infinite Blades+1","Well Laid Plans+1","Choke","Expertise","Finisher+1","Envenom","Leg Sweep","Footwork","Riddle With Holes"],"relics":["Ring of the Snake","swapstartingdeckmod:Bellows","Golden Idol","Blue Candle","Omamori","Odd Mushroom","Boot","SlaversCollar","WarpedTongs","Chemical X","TungstenRod","Matryoshka"],"acts_visited":["Exordium","TheCity"],"potions_floor_usage":[6,11,12,16,20,20,24],"damage_taken":[{"damage":0,"enemies":"2 Louse","floor":1,"turns":2},{"damage":0,"enemies":"Jaw Worm","floor":3,"turns":1},{"damage":0,"enemies":"Cultist","floor":4,"turns":2},{"damage":0,"enemies":"Gremlin Nob","floor":6,"turns":2},{"damage":22,"enemies":"Lagavulin","floor":8,"turns":4},{"damage":3,"enemies":"The Mushroom Lair","floor":10,"turns":2},{"damage":0,"enemies":"3 Sentries","floor":11,"turns":3},{"damage":0,"enemies":"Looter","floor":12,"turns":1},{"damage":0,"enemies":"Red Slaver","floor":14,"turns":1},{"damage":11,"enemies":"Slime Boss","floor":16,"turns":7},{"damage":0,"enemies":"Shell Parasite","floor":18,"turns":2},{"damage":0,"enemies":"2 Thieves","floor":20,"turns":2},{"damage":19,"enemies":"Shelled Parasite and Fungi","floor":22,"turns":5},{"damage":36,"enemies":"Gremlin Leader","floor":24,"turns":5},{"damage":2,"enemies":"Book of Stabbing","floor":27,"turns":2}],"seed_played":"1589156827808554857","potions_obtained":[{"floor":4,"key":"CunningPotion"},{"floor":6,"key":"EssenceOfSteel"},{"floor":8,"key":"Poison Potion"},{"floor":10,"key":"PowerPotion"},{"floor":12,"key":"SkillPotion"},{"floor":16,"key":"ColorlessPotion"},{"floor":18,"key":"Block Potion"},{"floor":24,"key":"Ancient Potion"}],"is_trial":false,"path_per_floor":["M","?","M","M","$","E","R","E","T","?","E","M","R","M","R","B",null,"M","?","M","$","M","R","E","?","T","E"],"character_chosen":"THE_SILENT","items_purchased":["Backstab","Infinite Blades","Footwork","Riddle With Holes","Chemical X"],"campfire_rested":0,"item_purchase_floors":[5,5,21,21,21],"current_hp_per_floor":[70,53,53,53,53,53,53,31,31,28,28,28,28,28,28,17,57,57,57,57,57,38,38,2,2,2,0,0],"gold":186,"neow_bonus":"","is_daily":false,"chose_seed":false,"campfire_upgraded":3,"win_rate":0.0,"timestamp":1612464613,"path_taken":["M","?","M","M","$","E","R","E","T","?","E","?","R","M","R","BOSS","M","?","?","$","M","R","E","?","T","E"],"items_purchased_type":["Card","Card","Card","Card","Relic"],"build_version":"2020-12-22","purchased_purges":0,"victory":false,"max_hp_per_floor":[70,70,70,70,70,70,70,70,70,70,70,70,70,70,70,70,70,70,70,70,70,70,70,70,70,70,70,70],"card_choices":[{"not_picked":["Bane","Sucker Punch"],"picked":"Cloak And Dagger","floor":1},{"not_picked":["Dash","Prepared","Catalyst"],"picked":"SKIP","floor":3},{"not_picked":["Backflip","Deadly Poison","Dodge and Roll"],"picked":"SKIP","floor":4},{"not_picked":["Slice","Bouncing Flask"],"picked":"Well Laid Plans","floor":6},{"not_picked":["Blur","Dagger Throw"],"picked":"Choke","floor":8},{"not_picked":["Poisoned Stab","Dagger Spray"],"picked":"Expertise","floor":11},{"not_picked":["Dash","Bane"],"picked":"Finisher","floor":12},{"not_picked":["Backflip","Bane","Flying Knee"],"picked":"SKIP","floor":14},{"not_picked":["Wraith Form v2","Malaise"],"picked":"Envenom","floor":16},{"not_picked":["Catalyst","Concentrate+1"],"picked":"Leg Sweep","floor":18},{"not_picked":["Deadly Poison","Slice","Flying Knee"],"picked":"SKIP","floor":20},{"not_picked":["Prepared","Dagger Spray","Poisoned Stab"],"picked":"SKIP","floor":22},{"not_picked":["Bane+1","Backflip","Well Laid Plans+1"],"picked":"SKIP","floor":24}],"player_experience":1831278,"relics_obtained":[{"floor":6,"key":"Blue Candle"},{"floor":8,"key":"Omamori"},{"floor":10,"key":"Odd Mushroom"},{"floor":11,"key":"Boot"},{"floor":24,"key":"TungstenRod"},{"floor":26,"key":"Matryoshka"}],"event_choices":[{"damage_healed":0,"gold_gain":0,"player_choice":"Take Damage","damage_taken":17,"relics_obtained":["Golden Idol"],"max_hp_gain":0,"max_hp_loss":0,"event_name":"Golden Idol","floor":2,"gold_loss":0},{"damage_healed":0,"gold_gain":0,"player_choice":"Fought Mushrooms","damage_taken":0,"max_hp_gain":0,"max_hp_loss":0,"event_name":"Mushrooms","floor":10,"gold_loss":0},{"damage_healed":0,"gold_gain":0,"player_choice":"Rummage","damage_taken":0,"relics_obtained":["WarpedTongs"],"max_hp_gain":0,"max_hp_loss":0,"event_name":"Accursed Blacksmith","floor":19,"gold_loss":0,"cards_obtained":["Pain"]},{"damage_healed":0,"gold_gain":0,"player_choice":"0 cards matched","damage_taken":0,"max_hp_gain":0,"max_hp_loss":0,"event_name":"Match and Keep!","floor":25,"gold_loss":0,"cards_obtained":[]}],"is_beta":false,"boss_relics":[{"not_picked":["Philosopher\u0027s Stone","HoveringKite"],"picked":"SlaversCollar"}],"items_purged_floors":[],"is_endless":false,"potions_floor_spawned":[4,6,8,10,12,16,18,24],"killed_by":"Book of Stabbing","ascension_level":5}}