{"host":"la6t950uoatqs0xt","time":1612420036,"event":{"mods":["AchievementEnabler","BaseMod","Colored Powertips","Minty Spire (QoL Compilation)","Quick Restart","Rare Cards Sparkle"],"gold_per_floor":[109,122,137,157,171,206,56,82,107,107,139,139,157,169,169,266,266,283,294,27,37,37,66,90,102,114,154,166,78,92,102,102,102,102],"floor_reached":33,"language":"ENG","playtime":1601,"items_purged":["Bash","Strike_R"],"score":420,"play_id":"e8819a9d-a7c6-446d-bf47-f6e73a77ecc5","local_time":"20210204012716","is_ascension_mode":true,"campfire_choices":[{"floor":10,"key":"REST"},{"data":"Feed","floor":12,"key":"SMITH"},{"data":"Body Slam","floor":15,"key":"SMITH"},{"floor":25,"key":"REST"},{"data":"Iron Wave","floor":28,"key":"SMITH"},{"floor":32,"key":"REST"}],"circlet_count":0,"master_deck":["Strike_R+1","Strike_R","Strike_R","Strike_R","Defend_R","Defend_R","Defend_R","Defend_R","Cleave","Iron Wave+1","Iron Wave","Feed+1","Twin Strike","Ghostly Armor","Metallicize","Iron Wave","Iron Wave+1","Body Slam+1","Impervious","Shockwave","Sword Boomerang","Iron Wave","Sword Boomerang","Body Slam+1"],"relics":["Black Blood","Oddly Smooth Stone","Bag of Marbles","PreservedInsect","Bottled Flame","Lantern","Blood Vial","Regal Pillow","MawBank","Self Forming Clay","Whetstone"],"acts_visited":["Exordium","TheCity"],"potions_floor_usage":[6,13,16,23,27,33,33],"damage_taken":[{"damage":14,"enemies":"Cultist","floor":1,"turns":5},{"damage":6,"enemies":"2 Louse","floor":2,"turns":2},{"damage":6,"enemies":"Jaw Worm","floor":3,"turns":2},{"damage":0,"enemies":"2 Fungi Beasts","floor":4,"turns":3},{"damage":5,"enemies":"Looter","floor":5,"turns":3},{"damage":35,"enemies":"Gremlin Nob","floor":6,"turns":5},{"damage":29,"enemies":"Lagavulin","floor":8,"turns":8},{"damage":0,"enemies":"3 Sentries","floor":11,"turns":5},{"damage":0,"enemies":"Lots of Slimes","floor":13,"turns":1},{"damage":0,"enemies":"Large Slime","floor":14,"turns":8},{"damage":64,"enemies":"Hexaghost","floor":16,"turns":14},{"damage":46,"enemies":"3 Byrds","floor":18,"turns":8},{"damage":3,"enemies":"Chosen","floor":19,"turns":6},{"damage":32,"enemies":"Centurion and Healer","floor":21,"turns":12},{"damage":34,"enemies":"Book of Stabbing","floor":23,"turns":6},{"damage":46,"enemies":"Snake Plant","floor":24,"turns":8},{"damage":31,"enemies":"Slavers","floor":27,"turns":9},{"damage":21,"enemies":"Shelled Parasite and Fungi","floor":30,"turns":8},{"damage":38,"enemies":"Snecko","floor":31,"turns":8},{"damage":90,"enemies":"Collector","floor":33,"turns":7}],"seed_played":"6660001251639947306","potions_obtained":[{"floor":2,"key":"ColorlessPotion"},{"floor":3,"key":"Dexterity Potion"},{"floor":8,"key":"Energy Potion"},{"floor":11,"key":"Explosive Potion"},{"floor":14,"key":"FearPotion"},{"floor":19,"key":"Regen Potion"},{"floor":24,"key":"SkillPotion"},{"floor":27,"key":"SteroidPotion"}],"is_trial":false,"path_per_floor":["M","M","M","M","M","E","$","E","T","R","E","R","M","M","R","B",null,"M","M","$","M","?","E","M","R","T","E","R","$","M","M","R","B"],"character_chosen":"IRONCLAD","items_purchased":["PreservedInsect","Iron Wave","Regal Pillow"],"campfire_rested":3,"item_purchase_floors":[7,20,20],"current_hp_per_floor":[72,72,72,78,82,53,53,33,33,58,67,67,75,83,83,31,93,63,78,78,60,60,59,27,73,73,56,56,56,49,25,71,0,0],"gold":102,"neow_bonus":"RANDOM_COMMON_RELIC","is_daily":false,"chose_seed":false,"campfire_upgraded":3,"win_rate":0.0,"timestamp":1612420036,"path_taken":["M","M","M","M","M","E","$","E","T","R","E","R","M","M","R","BOSS","M","M","$","M","?","E","M","R","T","E","R","$","M","M","R","BOSS"],"items_purchased_type":["Relic","Card","Relic"],"build_version":"2020-12-22","purchased_purges":2,"victory":false,"max_hp_per_floor":[80,80,80,80,83,83,83,86,86,86,89,89,89,89,89,93,93,97,101,101,101,101,105,105,105,105,105,105,105,105,105,105,105,105],"card_choices":[{"not_picked":["Dark Embrace","Wild Strike"],"picked":"Cleave","floor":1},{"not_picked":["Havoc","Anger"],"picked":"Iron Wave","floor":2},{"not_picked":["True Grit","Sword Boomerang"],"picked":"Iron Wave","floor":3},{"not_picked":["Cleave","Power Through"],"picked":"Feed","floor":4},{"not_picked":["Clothesline","Anger"],"picked":"Twin Strike","floor":5},{"not_picked":["Twin Strike","Corruption"],"picked":"Ghostly Armor","floor":6},{"not_picked":["Bloodletting","Whirlwind"],"picked":"Metallicize","floor":8},{"not_picked":["Dark Embrace","Battle Trance"],"picked":"Iron Wave","floor":11},{"not_picked":["Ghostly Armor","Dual Wield"],"picked":"Iron Wave","floor":13},{"not_picked":["Dropkick","True Grit"],"picked":"Body Slam","floor":14},{"not_picked":["Immolate","Limit Break"],"picked":"Impervious","floor":16},{"not_picked":["Bloodletting","Anger"],"picked":"Shockwave","floor":18},{"not_picked":["Infernal Blade","Cleave"],"picked":"Sword Boomerang","floor":19},{"not_picked":["Warcry","Infernal Blade"],"picked":"Sword Boomerang","floor":21},{"not_picked":["Clash+1","Pummel","Carnage"],"picked":"SKIP","floor":23},{"not_picked":["Twin Strike","Thunderclap"],"picked":"Body Slam+1","floor":24},{"not_picked":["Havoc","Anger","Searing Blow"],"picked":"SKIP","floor":27},{"not_picked":["Fire Breathing","Battle Trance+1","True Grit"],"picked":"SKIP","floor":30},{"not_picked":["Dropkick","Iron Wave","Flex"],"picked":"SKIP","floor":31}],"player_experience":275684,"relics_obtained":[{"floor":6,"key":"Bag of Marbles"},{"floor":8,"key":"Bottled Flame"},{"floor":9,"key":"Lantern"},{"floor":11,"key":"Blood Vial"},{"floor":23,"key":"MawBank"},{"floor":26,"key":"Self Forming Clay"},{"floor":27,"key":"Whetstone"}],"event_choices":[{"damage_healed":0,"gold_gain":0,"player_choice":"Ignored","damage_taken":0,"max_hp_gain":0,"max_hp_loss":0,"event_name":"Ghosts","floor":22,"gold_loss":0}],"is_beta":false,"boss_relics":[{"not_picked":["Black Star","SlaversCollar"],"picked":"Black Blood"}],"items_purged_floors":[20,29],"is_endless":false,"potions_floor_spawned":[2,3,8,11,14,19,21,24,27],"killed_by":"Collector","ascension_level":2}}