{"host":"vpaavrwbmey593fx","time":1612475263,"event":{"mods":["AchievementEnabler","BaseMod","Bestiary","Colored Map","Colored Powertips","DeckTracker","Minty Spire (QoL Compilation)","Relic Sorter"],"gold_per_floor":[113,113,128,140,150,150,166,166,219,244,262,362,35,35,35,131,131,148,148,166,166,166,166],"floor_reached":22,"language":"ENG","playtime":1567,"items_purged":[],"score":330,"play_id":"fdc9605c-6786-44c3-9328-95ccc1ac664c","local_time":"20210204134743","is_ascension_mode":true,"campfire_choices":[{"data":"Noxious Fumes","floor":6,"key":"SMITH"},{"data":"Malaise","floor":8,"key":"SMITH"},{"data":"Footwork","floor":15,"key":"SMITH"}],"circlet_count":0,"master_deck":["Strike_G","Strike_G","Strike_G","Strike_G","Strike_G","Defend_G","Defend_G","Defend_G","Defend_G","Defend_G","Survivor","Neutralize","Masterful Stab+1","Footwork+1","Dagger Throw","Noxious Fumes+1","Malaise+1","Dagger Throw","Prepared","Acrobatics","Footwork","Underhanded Strike","Phantasmal Killer","CurseOfTheBell","Calculated Gamble","Tactician"],"relics":["HoveringKite","Pocketwatch","Sundial","Bag of Marbles","Chemical X","Calling Bell","PreservedInsect","Blue Candle"],"acts_visited":["Exordium","TheCity"],"potions_floor_usage":[7,16,18],"damage_taken":[{"damage":1.0,"enemies":"Jaw Worm","floor":1.0,"turns":5.0},{"damage":0.0,"enemies":"Cultist","floor":3.0,"turns":3.0},{"damage":7.0,"enemies":"2 Louse","floor":4.0,"turns":3.0},{"damage":3,"enemies":"Exordium Thugs","floor":5,"turns":5},{"damage":11,"enemies":"2 Fungi Beasts","floor":7,"turns":3},{"damage":6,"enemies":"3 Sentries","floor":10,"turns":9},{"damage":6,"enemies":"Lots of Slimes","floor":11,"turns":5},{"damage":0,"enemies":"The Guardian","floor":16,"turns":9},{"damage":9,"enemies":"3 Byrds","floor":18,"turns":5},{"damage":17,"enemies":"Spheric Guardian","floor":20,"turns":5},{"damage":27,"enemies":"Centurion and Healer","floor":22,"turns":4}],"seed_played":"-2316394711745627660","potions_obtained":[{"floor":1.0,"key":"SkillPotion"},{"floor":3.0,"key":"Swift Potion"},{"floor":4.0,"key":"Poison Potion"},{"floor":10,"key":"LiquidBronze"}],"is_trial":false,"path_per_floor":["M","?","M","M","M","R","M","R","T","E","M","?","$","$","R","B",null,"M","?","M","?","M"],"character_chosen":"THE_SILENT","items_purchased":["Chemical X","Acrobatics","Footwork","Underhanded Strike"],"campfire_rested":0,"item_purchase_floors":[13,13,13,13],"current_hp_per_floor":[62,62,62,55,52,52,41,41,41,35,29,29,29,29,29,29,60,51,39,22,22,0,0],"gold":166,"neow_bonus":"BOSS_RELIC","is_daily":false,"chose_seed":false,"campfire_upgraded":3,"win_rate":0.0,"timestamp":1612475263,"path_taken":["M","?","M","?","M","R","M","R","T","E","M","?","?","$","R","BOSS","M","?","?","?","M"],"items_purchased_type":["Relic","Card","Card","Card"],"build_version":"2020-12-22","purchased_purges":0,"victory":false,"max_hp_per_floor":[70,70,70,70,70,70,70,70,70,70,70,70,70,70,70,70,70,70,70,70,70,70,70],"card_choices":[{"not_picked":["Blade Dance","Endless Agony"],"picked":"Masterful Stab","floor":1.0},{"not_picked":["Accuracy","Blade Dance"],"picked":"Footwork","floor":3.0},{"not_picked":["Underhanded Strike","Leg Sweep"],"picked":"Dagger Throw","floor":4.0},{"not_picked":["Setup","Backflip"],"picked":"Noxious Fumes","floor":5},{"not_picked":["Dagger Spray","Acrobatics"],"picked":"Malaise","floor":7},{"not_picked":["Outmaneuver","Backflip"],"picked":"Dagger Throw","floor":10},{"not_picked":["Sucker Punch","Underhanded Strike"],"picked":"Prepared","floor":11},{"not_picked":["Wraith Form v2","Glass Knife"],"picked":"Phantasmal Killer","floor":16},{"not_picked":["Slice","Poisoned Stab"],"picked":"Calculated Gamble","floor":18},{"not_picked":["Quick Slash","Prepared"],"picked":"Tactician","floor":20}],"player_experience":315393,"relics_obtained":[{"floor":9,"key":"Bag of Marbles"},{"floor":10,"key":"Sundial"},{"floor":17,"key":"PreservedInsect"},{"floor":17,"key":"Blue Candle"},{"floor":17,"key":"Pocketwatch"}],"event_choices":[{"damage_healed":0.0,"max_hp_gain":0.0,"max_hp_loss":0.0,"gold_gain":0.0,"event_name":"Upgrade Shrine","player_choice":"Upgraded","floor":2.0,"gold_loss":0.0,"damage_taken":0.0,"cards_upgraded":["Masterful Stab"]},{"damage_healed":0,"gold_gain":100,"player_choice":"Gold","damage_taken":0,"max_hp_gain":0,"max_hp_loss":0,"event_name":"Wheel of Change","floor":12,"gold_loss":0},{"damage_healed":0,"gold_gain":0,"player_choice":"POTION ","damage_taken":12,"max_hp_gain":0,"max_hp_loss":0,"event_name":"Knowing Skull","floor":19,"potions_obtained":["SteroidPotion"],"gold_loss":0,"cards_obtained":[]},{"damage_healed":0,"gold_gain":0,"player_choice":"Ignored","damage_taken":0,"max_hp_gain":0,"max_hp_loss":0,"event_name":"Ghosts","floor":21,"gold_loss":0}],"is_beta":false,"boss_relics":[{"not_picked":["Philosopher\u0027s Stone","SacredBark"],"picked":"Calling Bell"}],"items_purged_floors":[],"is_endless":false,"potions_floor_spawned":[1,3,4,10],"killed_by":"Centurion and Healer","ascension_level":8}}