{"host":"kmq7aw60w430zvtx","time":1612434692,"event":{"mods":["BaseMod","Downfall","GifTheSpireLib","Hermit","Hubris","Minty Spire (QoL Compilation)","Reliquary","Replay The Spire","StSLib","The Construct","The Cursed","The Hierophant","The Jungle","The Necromancer","The Runesmith"],"gold_per_floor":[113,113,131,145,157,157,192,192,192,192,202,212,212,226,226,327,327,344,363,38,50,50,50],"floor_reached":22,"language":"ENG","playtime":822,"items_purged":[],"score":238,"play_id":"1f72622a-d30a-4277-8a9b-3653c10bfcee","local_time":"20210204113132","is_ascension_mode":true,"campfire_choices":[{"data":"Anger","floor":6,"key":"SMITH"},{"floor":8,"key":"RECALL"},{"data":"Juggernaut","floor":10,"key":"SMITH"},{"floor":15,"key":"REST"}],"circlet_count":0,"master_deck":["Strike_R","Strike_R+1","Strike_R","Strike_R","Strike_R+1","Defend_R","Defend_R","Defend_R","Defend_R","Bash","ReplayTheSpireMod:Strike From Hell","Juggernaut+1","Disarm","Anger+1","Rage","Infernal Blade+1","Iron Wave","Body Slam","Feed","Run Through+1","Blood for Blood","Metallicize","Rampage+1"],"relics":["Burning Blood","reliquary:RedPaperclip","Toxic Egg 2"],"acts_visited":["Exordium","TheCity"],"potions_floor_usage":[7,11,16,16,22],"damage_taken":[{"damage":10,"enemies":"Small Slimes","floor":1,"turns":3},{"damage":6,"enemies":"Jaw Worm","floor":3,"turns":4},{"damage":1,"enemies":"Cultist","floor":4,"turns":3},{"damage":29,"enemies":"Large Slime","floor":5,"turns":7},{"damage":8,"enemies":"Gremlin Nob","floor":7,"turns":4},{"damage":5,"enemies":"Gremlin Gang","floor":11,"turns":2},{"damage":19,"enemies":"Blue Slaver","floor":12,"turns":4},{"damage":4,"enemies":"Lots of Slimes","floor":14,"turns":4},{"damage":7,"enemies":"Slime Boss","floor":16,"turns":6},{"damage":35,"enemies":"Shell Parasite","floor":18,"turns":6},{"damage":19,"enemies":"Chosen","floor":19,"turns":4},{"damage":29,"enemies":"Centurion and Healer","floor":21,"turns":5},{"damage":14,"enemies":"3 Cultists","floor":22,"turns":3}],"seed_played":"-4339520580474170187","potions_obtained":[{"floor":4,"key":"AttackPotion"},{"floor":5,"key":"Guardian:BlockOnCardUsePotion"},{"floor":11,"key":"SkillPotion"},{"floor":12,"key":"Adrenaline Potion"},{"floor":16,"key":"champ:CounterPotion"},{"floor":21,"key":"Dexterity Potion"}],"is_trial":false,"path_per_floor":["M","?","M","M","M","R","E","R","T","R","M","M","?","M","R","B",null,"M","M","$","M","M"],"character_chosen":"IRONCLAD","items_purchased":["Toxic Egg 2","Metallicize"],"campfire_rested":1,"item_purchase_floors":[20,20],"current_hp_per_floor":[76,60,60,65,42,42,40,40,40,40,41,28,28,30,54,53,73,44,31,31,11,0,0],"gold":50,"neow_bonus":"RANDOM_COMMON_RELIC","is_daily":false,"chose_seed":false,"campfire_upgraded":2,"win_rate":0.0,"timestamp":1612434692,"path_taken":["M","?","M","M","M","R","E","R","T","R","M","M","?","M","R","BOSS","M","?","$","M","M"],"items_purchased_type":["Relic","Card"],"build_version":"2020-12-22","purchased_purges":0,"victory":false,"max_hp_per_floor":[80,80,80,80,80,80,80,80,80,80,80,80,80,80,80,80,80,80,80,80,83,83,83],"card_choices":[{"not_picked":["Warcry","Headbutt"],"picked":"ReplayTheSpireMod:Strike From Hell","floor":1},{"not_picked":["hubris:ReadiedAction","Cleave"],"picked":"Juggernaut","floor":3},{"not_picked":["Anger","Body Slam"],"picked":"Disarm","floor":4},{"not_picked":["Burning Pact","Shrug It Off"],"picked":"Anger","floor":5},{"not_picked":["Corruption","Berserk"],"picked":"Rage","floor":7},{"not_picked":["Warcry","Wild Strike"],"picked":"Infernal Blade","floor":11},{"not_picked":["Perfected Strike","Demonic Infusion"],"picked":"Iron Wave","floor":12},{"not_picked":["Sever Soul","Thunderclap"],"picked":"Body Slam","floor":14},{"not_picked":["Hemogenesis","Brutality"],"picked":"Feed","floor":16},{"not_picked":["Perfected Strike","Dropkick"],"picked":"Run Through+1","floor":18},{"not_picked":["Havoc","Perfected Strike"],"picked":"Blood for Blood","floor":19},{"not_picked":["Dark Embrace","Clothesline"],"picked":"Rampage+1","floor":21}],"player_experience":337349,"relics_obtained":[{"floor":7,"key":"reliquary:BoilingFlask"}],"event_choices":[{"damage_healed":0,"gold_gain":0,"player_choice":"Entered Light","damage_taken":16,"max_hp_gain":0,"max_hp_loss":0,"event_name":"Shining Light","floor":2,"gold_loss":0,"cards_upgraded":["Strike_R","Strike_R"]},{"damage_healed":0,"gold_gain":0,"player_choice":"Forge","damage_taken":0,"max_hp_gain":0,"max_hp_loss":0,"event_name":"Accursed Blacksmith","floor":13,"gold_loss":0,"cards_upgraded":["Infernal Blade"]}],"is_beta":false,"boss_relics":[{"not_picked":["Busted Crown","hubris:Stopwatch"],"picked":"reliquary:RedPaperclip"}],"items_purged_floors":[],"is_endless":false,"potions_floor_spawned":[4,5,11,12,16,21],"killed_by":"3 Cultists","ascension_level":5}}