{"host":"hqvh779b89tfrjxy","time":1612457137,"event":{"mods":["Act Like it!","BaseMod","Better Third Choice","Downfall","Elementarium","Filter the Spire","GifTheSpireLib","Minty Spire (QoL Compilation)","Replay The Spire","Spicy Shops","StSLib"],"gold_per_floor":[109,121,138,63,80,80,105,105,105,131,131,31,31,43,43,140,140,159,179,191,203,221,221,221,254,277,309,324,339,196,225,225,326,326,337,65,65,76,89,89,124,124,150,179,179,190,190,190],"floor_reached":47,"language":"ENG","playtime":2392,"items_purged":["Strike_B","Strike_B","Defend_B+1"],"score":836,"play_id":"97e7946b-6b4a-4c70-82ba-28dbd513fd2e","local_time":"20210204174537","is_ascension_mode":true,"campfire_choices":[{"data":"Sunder","floor":6,"key":"SMITH"},{"data":"Doom and Gloom","floor":11,"key":"SMITH"},{"data":"Leap","floor":13,"key":"SMITH"},{"data":"Skim","floor":15,"key":"SMITH"},{"data":"Darkness","floor":23,"key":"SMITH"},{"data":"Decay","floor":32,"key":"PURGE"},{"data":"Multi-Cast","floor":40,"key":"SMITH"},{"floor":42,"key":"DIG"},{"data":"Decay","floor":45,"key":"PURGE"}],"circlet_count":0,"master_deck":["Defend_B+1","Defend_B+1","Defend_B+1","Dualcast","Sunder+1","Doom and Gloom+1","Leap+1","Rainbow+1","Lockon+1","Electrodynamics+1","Darkness+1","Capacitor","Multi-Cast+1","Capacitor+1","Defragment+1"],"relics":["Snecko Eye","Replay:PocketPolymizer","Replay:Bottled Eggs","Peace Pipe","Bag of Marbles","Cursed Key","Nunchaku","Oddly Smooth Stone","Blue Candle","Toolbox","Smiling Mask","Elementarium:ElementariumTrophy","Black Star","Pen Nib","OrangePellets","Shovel","Strawberry","Whetstone","ReplayTheSpireMod:Lightbulb","Omamori"],"acts_visited":["Exordium","Elementarium:Elementarium","TheBeyond"],"potions_floor_usage":[28,31,33,44,46],"damage_taken":[{"damage":0,"enemies":"Cultist","floor":1,"turns":3},{"damage":2,"enemies":"Jaw Worm","floor":2,"turns":3},{"damage":2,"enemies":"2 Louse","floor":3,"turns":3},{"damage":0,"enemies":"Gremlin Gang","floor":5,"turns":3},{"damage":10,"enemies":"Gremlin Nob","floor":7,"turns":3},{"damage":0,"enemies":"Replay:BlueRogue","floor":10,"turns":3},{"damage":0,"enemies":"3 Louse","floor":14,"turns":1},{"damage":8,"enemies":"Hexaghost","floor":16,"turns":7},{"damage":0,"enemies":"Elementarium:2_ELEMENTALS","floor":18,"turns":1},{"damage":0,"enemies":"Elementarium:VoidCorruption","floor":19,"turns":2},{"damage":0,"enemies":"Elementarium:3_ELEMENTALS","floor":20,"turns":4},{"damage":0,"enemies":"Elementarium:RubyGolem","floor":21,"turns":1},{"damage":0,"enemies":"Elementarium:CYCLONE_AND_LIVING_STORMCLOUD","floor":22,"turns":4},{"damage":0,"enemies":"Elementarium:WarGolem","floor":25,"turns":3},{"damage":2,"enemies":"Elementarium:ElementalPortal","floor":27,"turns":4},{"damage":1,"enemies":"Elementarium:Hydrostalker","floor":28,"turns":5},{"damage":0,"enemies":"Elementarium:3_ELEMENTALS","floor":29,"turns":2},{"damage":0,"enemies":"Elementarium:FIRE_NOBILITY","floor":31,"turns":5},{"damage":31,"enemies":"Elementarium:GoldenDragon","floor":33,"turns":7},{"damage":0,"enemies":"3 Darklings","floor":35,"turns":2},{"damage":0,"enemies":"Orb Walker","floor":38,"turns":2},{"damage":1,"enemies":"3 Darklings","floor":39,"turns":2},{"damage":0,"enemies":"Reptomancer","floor":41,"turns":4},{"damage":96,"enemies":"Nemesis","floor":44,"turns":9},{"damage":5,"enemies":"Spire Growth","floor":46,"turns":4},{"damage":16,"enemies":"Sphere and 2 Shapes","floor":47,"turns":3}],"seed_played":"5721278299849426389","potions_obtained":[{"floor":1,"key":"Strength Potion"},{"floor":5,"key":"AttackPotion"},{"floor":7,"key":"GamblersBrew"},{"floor":10,"key":"Block Potion"},{"floor":18,"key":"PowerPotion"},{"floor":22,"key":"FairyPotion"},{"floor":28,"key":"AttackPotion"},{"floor":35,"key":"LifebloodPotion"},{"floor":38,"key":"FearPotion"}],"is_trial":false,"path_per_floor":["M","M","M","$","M","R","E","?","T","E","R","$","R","M","R","B",null,"M","M","M","M","M","R","?","E","T","E","M","M","$","E","R","B",null,"M","$","?","M","M","R","E","R","T","E","R","M","M"],"character_chosen":"DEFECT","items_purchased":["Toolbox","Pen Nib","OrangePellets"],"campfire_rested":0,"item_purchase_floors":[30,36,36],"current_hp_per_floor":[68,66,64,64,64,64,54,36,36,36,36,36,36,36,36,28,63,63,63,63,63,63,63,63,63,63,61,60,60,60,60,60,29,64,64,64,64,64,63,63,70,70,70,13,13,8,0,0],"gold":190,"neow_bonus":"BOSS_RELIC","is_daily":false,"chose_seed":false,"campfire_upgraded":6,"win_rate":0.0,"timestamp":1612457137,"path_taken":["M","M","M","$","M","R","E","?","T","E","R","?","R","M","R","BOSS","M","M","M","M","M","R","?","E","T","E","M","?","$","E","R","BOSS","M","$","?","M","M","R","E","R","T","E","R","?","M"],"items_purchased_type":["Relic","Relic","Relic"],"build_version":"2020-12-22","purchased_purges":3,"victory":false,"max_hp_per_floor":[75,75,75,75,75,75,75,75,75,75,75,75,75,75,75,75,75,75,75,75,75,75,75,75,75,75,75,75,75,75,75,75,75,75,75,75,75,75,75,75,82,82,82,82,82,82,82,82],"card_choices":[{"not_picked":["Defragment","Redo"],"picked":"Sunder","floor":1},{"not_picked":["Gash","Panic Button","Steam Power"],"picked":"SKIP","floor":2},{"not_picked":["Conserve Battery","Panic Button"],"picked":"Doom and Gloom","floor":3},{"not_picked":["Beam Cell","Blizzard","Barrage"],"picked":"SKIP","floor":5},{"not_picked":["Gash","Streamline"],"picked":"Leap","floor":7},{"not_picked":["Streamline","Compile Driver"],"picked":"Rainbow","floor":10},{"not_picked":["Chaos","Gash","Skim"],"picked":"SKIP","floor":14},{"not_picked":["Multi-Cast","Core Surge"],"picked":"Electrodynamics","floor":16},{"not_picked":["BasicCrystalCard","Sweeping Beam","Sunder"],"picked":"SKIP","floor":18},{"not_picked":["Panic Button+1","Hologram","Conserve Battery"],"picked":"SKIP","floor":19},{"not_picked":["Go for the Eyes","Coolheaded","Conserve Battery"],"picked":"SKIP","floor":20},{"not_picked":["Barrage","Gash","Hologram"],"picked":"SKIP","floor":21},{"not_picked":["Storm","Steam+1","Undo"],"picked":"SKIP","floor":22},{"not_picked":["Beam Cell","Streamline","All For One"],"picked":"SKIP","floor":25},{"not_picked":["Beam Cell","Streamline","All For One"],"picked":"SKIP","floor":25},{"not_picked":["Skim","Redo+1","BasicCrystalCard+1"],"picked":"SKIP","floor":27},{"not_picked":["Compile Driver","Cold Snap","Recycle+1"],"picked":"SKIP","floor":28},{"not_picked":["ReplaySolidLightProjector","ReplaySort"],"picked":"Capacitor","floor":29},{"not_picked":["Reprogram","Leap","Streamline+1"],"picked":"SKIP","floor":31},{"not_picked":["Reprogram","Leap","Streamline+1"],"picked":"SKIP","floor":31},{"not_picked":["Fission","Machine Learning"],"picked":"Multi-Cast","floor":33},{"not_picked":["Beam Cell+1","BasicCrystalCard+1","Leap"],"picked":"SKIP","floor":35},{"not_picked":["Go for the Eyes","Redo+1"],"picked":"Capacitor+1","floor":38},{"not_picked":["Undo+1","Hyperbeam","Hologram+1"],"picked":"SKIP","floor":39},{"not_picked":["ReplayTheSpireMod:Reroute Power","Beam Cell+1","Barrage"],"picked":"SKIP","floor":41},{"not_picked":["Leap+1","Redo","Tempest+1"],"picked":"SKIP","floor":44},{"not_picked":["Crystallizer+1","Ball Lightning"],"picked":"Defragment+1","floor":46}],"player_experience":214164,"relics_obtained":[{"floor":7,"key":"Replay:PocketPolymizer"},{"floor":9,"key":"Peace Pipe"},{"floor":10,"key":"Bag of Marbles"},{"floor":25,"key":"Nunchaku"},{"floor":26,"key":"Oddly Smooth Stone"},{"floor":27,"key":"Blue Candle"},{"floor":31,"key":"Smiling Mask"},{"floor":41,"key":"Shovel"},{"floor":41,"key":"Strawberry"},{"floor":42,"key":"Whetstone"},{"floor":44,"key":"ReplayTheSpireMod:Lightbulb"},{"floor":44,"key":"Omamori"}],"event_choices":[{"damage_healed":0,"gold_gain":0,"player_choice":"Relic ","damage_taken":18,"max_hp_gain":0,"max_hp_loss":0,"event_name":"betterThird:BetterScrap","floor":8,"gold_loss":0,"cards_obtained":["Terror"]},{"damage_healed":0,"gold_gain":0,"player_choice":"Meditate","damage_taken":0,"max_hp_gain":0,"max_hp_loss":0,"event_name":"Elementarium:SculptureGarden","floor":24,"gold_loss":0,"cards_upgraded":["Rainbow","Electrodynamics"]},{"cards_removed":["Skim"],"damage_healed":0,"gold_gain":0,"player_choice":"Card Removal","damage_taken":0,"max_hp_gain":0,"max_hp_loss":0,"event_name":"Wheel of Change","floor":37,"gold_loss":0}],"is_beta":false,"boss_relics":[{"not_picked":["Replay:Bronze Core","Calling Bell"],"picked":"Cursed Key"},{"not_picked":["Ring of Chaos","Busted Crown"],"picked":"Black Star"}],"items_purged_floors":[4,12,36],"is_endless":false,"potions_floor_spawned":[1,5,7,10,14,18,22,25,28,29,35,38],"killed_by":"Sphere and 2 Shapes","ascension_level":6}}