{"host":"a5lz0e76zb3fcwkm","time":1612433634,"event":{"mods":["AchievementEnabler","BaseMod","Colored Map","Colored Powertips","Minty Spire (QoL Compilation)","StSLib","SuperFastMode"],"gold_per_floor":[111,128,128,203,19,354,354,364,443,453,486,498,516,259,259,337,337,347,262,137,153,3,31,31,31,31,31,50,50,60,60,60,134,134,152,152,152,170,183,208,228,253,298,331,331,362,362,380,380,380,380,380,380,38,64,64],"floor_reached":57,"language":"KOR","playtime":5906,"items_purged":["Strike_R","Strike_R","Strike_R","Strike_R","Dual Wield+1"],"score":3015,"play_id":"44698ec3-249c-4fd0-a19d-67a0fbb30144","local_time":"20210204191354","is_ascension_mode":true,"campfire_choices":[{"data":"Body Slam","floor":7.0,"key":"SMITH"},{"data":"Entrench","floor":15.0,"key":"SMITH"},{"data":"Barricade","floor":24.0,"key":"SMITH"},{"data":"Battle Trance","floor":27.0,"key":"SMITH"},{"floor":29.0,"key":"RECALL"},{"data":"Second Wind","floor":32.0,"key":"SMITH"},{"data":"Feel No Pain","floor":45,"key":"SMITH"},{"data":"Offering","floor":47,"key":"SMITH"},{"data":"Shrug It Off","floor":49,"key":"SMITH"},{"data":"Defend_R","floor":53,"key":"SMITH"}],"circlet_count":0,"master_deck":["AscendersBane","Defend_R","Defend_R+1","Bash","Body Slam+1","True Grit+1","Battle Trance+1","Shrug It Off+1","Entrench+1","Feel No Pain+1","Barricade+1","Second Wind+1","Offering+1","Sentinel+1","Feed+1","Entrench+1"],"relics":["Burning Blood","NeowsBlessing","Tiny Chest","Old Coin","Paper Frog","CaptainsWheel","MealTicket","Runic Pyramid","Happy Flower","Gremlin Horn","InkBottle","Pantograph","Astrolabe","Pocketwatch","Unceasing Top","Boot","Nunchaku","Blood Vial","Torii"],"acts_visited":["Exordium","TheCity","TheBeyond","TheEnding"],"potions_floor_usage":[56,56],"damage_taken":[{"damage":0.0,"enemies":"Cultist","floor":1.0,"turns":1.0},{"damage":0.0,"enemies":"2 Louse","floor":2.0,"turns":1.0},{"damage":0.0,"enemies":"3 Sentries","floor":6.0,"turns":2.0},{"damage":7.0,"enemies":"Jaw Worm","floor":8.0,"turns":4.0},{"damage":10.0,"enemies":"Looter","floor":10.0,"turns":4.0},{"damage":46.0,"enemies":"Gremlin Nob","floor":11.0,"turns":5.0},{"damage":0.0,"enemies":"Lots of Slimes","floor":12.0,"turns":1.0},{"damage":3.0,"enemies":"3 Louse","floor":13.0,"turns":4.0},{"damage":4.0,"enemies":"The Guardian","floor":16.0,"turns":5.0},{"damage":6.0,"enemies":"Shell Parasite","floor":18.0,"turns":5.0},{"damage":4.0,"enemies":"2 Thieves","floor":21.0,"turns":5.0},{"damage":48.0,"enemies":"Gremlin Leader","floor":23.0,"turns":5.0},{"damage":0.0,"enemies":"Snake Plant","floor":28.0,"turns":3.0},{"damage":0.0,"enemies":"Centurion and Healer","floor":30.0,"turns":3.0},{"damage":10.0,"enemies":"Champ","floor":33.0,"turns":4.0},{"damage":19.0,"enemies":"3 Darklings","floor":35.0,"turns":3.0},{"damage":6,"enemies":"3 Shapes","floor":38,"turns":3},{"damage":6,"enemies":"Maw","floor":39,"turns":3},{"damage":0,"enemies":"Giant Head","floor":40,"turns":4},{"damage":9,"enemies":"3 Darklings","floor":41,"turns":3},{"damage":0,"enemies":"Mind Bloom Boss Battle","floor":42,"turns":3},{"damage":6,"enemies":"Nemesis","floor":44,"turns":3},{"damage":18,"enemies":"Reptomancer","floor":46,"turns":3},{"damage":20,"enemies":"Writhing Mass","floor":48,"turns":3},{"damage":11,"enemies":"Awakened One","floor":50,"turns":5},{"damage":23,"enemies":"Donu and Deca","floor":51,"turns":5},{"damage":6,"enemies":"Shield and Spear","floor":55,"turns":4},{"damage":6,"enemies":"The Heart","floor":56,"turns":6}],"seed_played":"7830882898416188381","potions_obtained":[{"floor":8.0,"key":"HeartOfIron"},{"floor":11.0,"key":"Dexterity Potion"},{"floor":13.0,"key":"PowerPotion"},{"floor":21.0,"key":"Weak Potion"},{"floor":23.0,"key":"ElixirPotion"},{"floor":30.0,"key":"Explosive Potion"},{"floor":41,"key":"Ancient Potion"}],"is_trial":false,"path_per_floor":["M","M","?","?","$","E","R","M","T","M","E","M","M","$","R","B",null,"M","?","$","M","$","E","R","?","T","R","M","R","M","T","R","B",null,"M","?","?","M","M","E","M","?","T","E","R","E","R","M","R","B","B",null,"R","$","E","B",null],"character_chosen":"IRONCLAD","items_purchased":["True Grit","Explosive Potion","MealTicket","Blood Vial"],"campfire_rested":0,"item_purchase_floors":[5,5,14,54],"current_hp_per_floor":[74,75,70,59,59,65,65,64,64,60,20,26,29,29,29,31,64,64,64,75,75,75,33,33,33,33,33,39,39,45,45,45,66,73,60,60,60,64,68,74,75,87,87,91,91,79,79,65,65,85,74,87,87,91,91,91],"gold":64,"neow_bonus":"THREE_ENEMY_KILL","is_daily":false,"chose_seed":false,"campfire_upgraded":9,"win_rate":0.0,"timestamp":1612433634,"path_taken":["M","?","?","?","$","E","R","M","T","M","E","M","M","$","R","BOSS","M","?","$","M","$","E","R","?","T","R","M","R","M","?","R","BOSS","M","?","?","M","M","E","M","?","T","E","R","E","R","M","R","BOSS","BOSS","R","$","E","BOSS"],"items_purchased_type":["Card","Potion","Relic","Relic"],"build_version":"2020-12-22","purchased_purges":5,"victory":true,"max_hp_per_floor":[75,75,75,75,75,75,75,75,75,75,75,75,75,75,75,75,75,75,75,75,75,75,75,75,75,75,75,75,75,75,75,75,75,75,75,71,71,75,79,79,83,87,87,91,91,91,91,91,91,91,91,91,91,91,91,91],"card_choices":[{"not_picked":["Clothesline","Heavy Blade","Clash"],"picked":"SKIP","floor":1.0},{"not_picked":["Feel No Pain","Rampage"],"picked":"Body Slam","floor":2.0},{"not_picked":["Wild Strike","Pommel Strike","Berserk"],"picked":"SKIP","floor":6.0},{"not_picked":["Anger","Cleave","Armaments"],"picked":"SKIP","floor":8.0},{"not_picked":["Clash","Pommel Strike"],"picked":"Battle Trance","floor":10.0},{"not_picked":["Dark Embrace","Juggernaut"],"picked":"Shrug It Off","floor":11.0},{"not_picked":["Burning Pact","Havoc"],"picked":"Entrench","floor":12.0},{"not_picked":["Intimidate","Dropkick"],"picked":"Feel No Pain","floor":13.0},{"not_picked":["Feed","Reaper"],"picked":"Barricade","floor":16.0},{"not_picked":["Thunderclap","Dropkick","Shrug It Off"],"picked":"SKIP","floor":18.0},{"not_picked":["Pommel Strike","Spot Weakness","Clash+1"],"picked":"SKIP","floor":21.0},{"not_picked":["True Grit","Dark Embrace"],"picked":"Second Wind","floor":23.0},{"not_picked":["Juggernaut","Iron Wave+1","Bloodletting"],"picked":"SKIP","floor":28.0},{"not_picked":["True Grit","Twin Strike","Havoc"],"picked":"SKIP","floor":30.0},{"not_picked":["Brutality","Berserk"],"picked":"Offering","floor":33.0},{"not_picked":["Headbutt+1","Wild Strike+1","Twin Strike+1"],"picked":"SKIP","floor":35.0},{"not_picked":["Battle Trance","Sever Soul+1","Twin Strike"],"picked":"SKIP","floor":38},{"not_picked":["Cleave","Searing Blow","Sword Boomerang+1"],"picked":"SKIP","floor":39},{"not_picked":["Cleave","Searing Blow","Sword Boomerang+1"],"picked":"SKIP","floor":39},{"not_picked":["Whirlwind","Clash","Flame Barrier"],"picked":"SKIP","floor":40},{"not_picked":["Power Through","Havoc","Exhume"],"picked":"SKIP","floor":41},{"not_picked":["Evolve","Pummel","Sword Boomerang"],"picked":"SKIP","floor":44},{"not_picked":["Headbutt","Heavy Blade+1"],"picked":"Entrench+1","floor":46},{"not_picked":["Pummel+1","Clash","Flame Barrier"],"picked":"SKIP","floor":48},{"not_picked":["Uppercut","True Grit","Flex+1"],"picked":"SKIP","floor":55}],"player_experience":1834121,"relics_obtained":[{"floor":6.0,"key":"Old Coin"},{"floor":9.0,"key":"Paper Frog"},{"floor":11.0,"key":"CaptainsWheel"},{"floor":23.0,"key":"Gremlin Horn"},{"floor":26.0,"key":"InkBottle"},{"floor":31.0,"key":"Pantograph"},{"floor":40,"key":"Pocketwatch"},{"floor":42,"key":"Unceasing Top"},{"floor":44,"key":"Boot"},{"floor":46,"key":"Nunchaku"},{"floor":55,"key":"Torii"}],"event_choices":[{"damage_healed":0.0,"max_hp_gain":0.0,"max_hp_loss":0.0,"gold_gain":0.0,"event_name":"Scrap Ooze","player_choice":"Success","floor":3.0,"gold_loss":0.0,"damage_taken":5.0,"relics_obtained":["Tiny Chest"]},{"damage_healed":0.0,"max_hp_gain":0.0,"max_hp_loss":0.0,"gold_gain":75.0,"event_name":"World of Goop","player_choice":"Gather Gold","floor":4.0,"gold_loss":0.0,"damage_taken":11.0},{"damage_healed":0.0,"max_hp_gain":0.0,"max_hp_loss":0.0,"gold_gain":0.0,"event_name":"Addict","player_choice":"Obtained Relic","floor":19.0,"gold_loss":85.0,"damage_taken":0.0,"relics_obtained":["Happy Flower"]},{"damage_healed":0.0,"max_hp_gain":0.0,"max_hp_loss":0.0,"gold_gain":0.0,"event_name":"Accursed Blacksmith","player_choice":"Forge","floor":25.0,"gold_loss":0.0,"damage_taken":0.0,"cards_upgraded":["True Grit"]},{"damage_healed":0.0,"max_hp_gain":0.0,"max_hp_loss":4.0,"gold_gain":0.0,"event_name":"Winding Halls","player_choice":"Max HP","floor":36.0,"gold_loss":0.0,"damage_taken":0.0},{"damage_healed":0.0,"max_hp_gain":0.0,"max_hp_loss":0.0,"gold_gain":0.0,"event_name":"SensoryStone","player_choice":"Memory 1","floor":37.0,"gold_loss":0.0,"damage_taken":0.0},{"damage_healed":0,"gold_gain":0,"player_choice":"Fight","damage_taken":0,"max_hp_gain":0,"max_hp_loss":0,"event_name":"MindBloom","floor":42,"gold_loss":0}],"is_beta":false,"boss_relics":[{"not_picked":["Runic Dome","Black Star"],"picked":"Runic Pyramid"},{"not_picked":["Runic Cube","SacredBark"],"picked":"Astrolabe"}],"items_purged_floors":[5,14,20,22,54],"is_endless":false,"potions_floor_spawned":[8,11,13,21,23,30,33,39,41,42,48],"ascension_level":20}}