{"host":"lne8wiuoeo5kx55p","time":1612396876,"event":{"mods":["BaseMod","Colored Map","Colored Powertips","Googly Eyes","Minty Spire (QoL Compilation)","Replay The Spire","StSLib"],"gold_per_floor":[9999,10099,9357,9369,9387,9387,9417,9417,9487,9487,9487,9518,9535,9549,9549,9549,9549],"floor_reached":16,"language":"ZHS","playtime":1023,"items_purged":["Defend_G"],"score":116,"play_id":"f75d6309-11ea-4392-88e3-bc975304ae26","local_time":"20210204080116","is_ascension_mode":true,"campfire_choices":[{"floor":6,"key":"RECALL"},{"data":"Infinite Blades","floor":10,"key":"SMITH"},{"data":"ReplayTheSpireMod:Shiv Toss","floor":15,"key":"SMITH"}],"circlet_count":0,"master_deck":["Strike_G","Strike_G","Strike_G","Strike_G","Strike_G","Defend_G","Defend_G","Defend_G","Survivor","Neutralize","Infinite Blades+1","Secret Weapon","ReplayTheSpireMod:Shiv Toss","Hidden Blade","Calculated Gamble","Calculated Gamble","ReplayTheSpireMod:Shiv Toss+1","Flechettes","Fluid Movement","Quick Slash"],"relics":["NeowsBlessing","Membership Card","ReplayTheSpireMod:Ninjato","Pear","Replay:Wax Seal","Sizzling Blood","ReplayTheSpireMod:TigerMarble"],"acts_visited":["Exordium"],"potions_floor_usage":[7,7,7,7,12,12,16,16],"damage_taken":[{"damage":0,"enemies":"2 Louse","floor":1,"turns":1},{"damage":0,"enemies":"Cultist","floor":4,"turns":1},{"damage":0,"enemies":"Small Slimes","floor":5,"turns":1},{"damage":7,"enemies":"Replay:BlueRogue","floor":7,"turns":6},{"damage":8,"enemies":"Lagavulin","floor":12,"turns":5},{"damage":10,"enemies":"2 Fungi Beasts","floor":13,"turns":3},{"damage":25,"enemies":"Blue Slaver","floor":14,"turns":4},{"damage":44,"enemies":"The Guardian","floor":16,"turns":5}],"seed_played":"-6004102814079749218","potions_obtained":[{"floor":1,"key":"Swift Potion"},{"floor":4,"key":"LiquidBronze"},{"floor":7,"key":"LiquidBronze"},{"floor":14,"key":"Adrenaline Potion"}],"is_trial":false,"path_per_floor":["M","?","$","M","M","R","E","?","T","R","?","E","M","M","R","B"],"character_chosen":"THE_SILENT","items_purchased":["Secret Weapon","Membership Card","ReplayTheSpireMod:Ninjato","Pear","EntropicBrew","ReplayTheSpireMod:Shiv Toss","Hidden Blade"],"campfire_rested":0,"item_purchase_floors":[3,3,3,3,3,3,3],"current_hp_per_floor":[70,70,80,80,80,80,73,77,77,77,77,73,67,46,46,2,2],"gold":9549,"neow_bonus":"THREE_ENEMY_KILL","is_daily":false,"chose_seed":false,"campfire_upgraded":2,"win_rate":0.0,"timestamp":1612396876,"path_taken":["M","?","$","?","M","R","E","?","T","R","?","E","M","M","R","BOSS"],"items_purchased_type":["Card","Relic","Relic","Relic","Potion","Card","Card"],"build_version":"2020-12-22","purchased_purges":1,"victory":false,"max_hp_per_floor":[70,70,80,80,80,80,80,84,84,84,84,84,84,84,84,84,84],"card_choices":[{"not_picked":["Riddle With Holes","Prepared"],"picked":"Infinite Blades","floor":1},{"not_picked":["Deflect","Sucker Punch"],"picked":"Calculated Gamble","floor":4},{"not_picked":["Underhanded Strike","ReplayTheSpireMod:Exploit Weakness"],"picked":"Calculated Gamble","floor":5},{"not_picked":["Reflex","Dodge and Roll"],"picked":"ReplayTheSpireMod:Shiv Toss","floor":7},{"not_picked":["Sucker Punch","Predator"],"picked":"Flechettes","floor":12},{"not_picked":["Poisoned Stab","Footwork"],"picked":"Fluid Movement","floor":13},{"not_picked":["Deflect","Slice"],"picked":"Quick Slash","floor":14}],"player_experience":30990,"relics_obtained":[{"floor":7,"key":"Replay:Wax Seal"},{"floor":12,"key":"ReplayTheSpireMod:TigerMarble"}],"event_choices":[{"damage_healed":0,"gold_gain":100,"player_choice":"Pray","damage_taken":0,"max_hp_gain":0,"max_hp_loss":0,"event_name":"Golden Shrine","floor":2,"gold_loss":0},{"cards_removed":["Defend_G"],"damage_healed":0,"gold_gain":0,"player_choice":"Forget","damage_taken":0,"max_hp_gain":0,"max_hp_loss":0,"event_name":"Living Wall","floor":11,"gold_loss":0}],"is_beta":false,"boss_relics":[],"items_purged_floors":[3],"is_endless":false,"potions_floor_spawned":[1,4,7,14],"killed_by":"The Guardian","ascension_level":1}}