{"host":"t75twhtg6c476ygg","time":1612471277,"event":{"mods":["AchievementEnabler","BaseMod","Colored Powertips","Minty Spire (QoL Compilation)","Quick Restart","Relic Stats","StSLib","SuperFastMode"],"gold_per_floor":[144,144,189,234,279,369,369,414,414,459,459,554,599,649,649,949,949,994,1119,1169,1219,19,109,109,204,254,299,344,394,439,484,484,784,784,829,874,919,964,1009,1099,1149,29,29,124,214,405,605,659,659,659],"floor_reached":51,"language":"ENG","playtime":4431,"items_purged":[],"score":1012,"play_id":"62d1346c-5b4f-45c8-ad57-c5ae2f5af875","local_time":"20210204204117","daily_mods":["Insanity","Red Cards","Midas"],"is_ascension_mode":false,"campfire_choices":[{"floor":7.0,"key":"REST"},{"floor":15.0,"key":"REST"},{"floor":24.0,"key":"REST"},{"floor":32.0,"key":"REST"},{"floor":49,"key":"REST"}],"circlet_count":0,"master_deck":["Stack","Flex","Shrug It Off","Fire Breathing","Rip and Tear+1","Havoc","Bloodletting","Disarm","Anger","Flex","Barrage","Warcry","Barrage","Go for the Eyes","Dual Wield","Leap","Blood for Blood","Warcry","Metallicize","Shrug It Off","Flame Barrier","Shrug It Off","Reckless Charge","Conserve Battery","Clothesline","Clothesline","Barrage","Wild Strike","Genetic Algorithm","Shrug It Off","Hologram","Cleave","Cold Snap","Force Field","Loop","Scrape","Whirlwind","Undo","Chaos","Chaos","Warcry","Gash+1","Ball Lightning","Heavy Blade","Tempest","Clash","Double Energy","Warcry","Mind Blast+1","Thunderclap","Creative AI","Headbutt","Finesse","Offering","Flex","Double Tap","Flex","Pummel+1","Thunderclap+1","Demon Form","Sword Boomerang+1"],"relics":["Cracked Core","WarpedTongs","Gremlin Horn","Cables","SsserpentHead","Philosopher\u0027s Stone","The Courier","Red Mask","Orichalcum","Molten Egg 2","Eternal Feather","Calipers","Shuriken","Thread and Needle","Whetstone","Happy Flower","Bronze Scales","Nuclear Battery","Ornamental Fan","HandDrill","Blue Candle","Anchor","HornCleat","Bag of Marbles","CeramicFish","Vajra","Potion Belt","InkBottle","The Courier","Emotion Chip","Ginger"],"acts_visited":["Exordium","TheCity","TheBeyond"],"potions_floor_usage":[50,50,50,50,50,50,50],"damage_taken":[{"damage":3.0,"enemies":"Small Slimes","floor":1.0,"turns":2.0},{"damage":1.0,"enemies":"Cultist","floor":3.0,"turns":2.0},{"damage":0.0,"enemies":"2 Louse","floor":4.0,"turns":2.0},{"damage":0.0,"enemies":"Exordium Thugs","floor":5.0,"turns":2.0},{"damage":0.0,"enemies":"3 Sentries","floor":6.0,"turns":2.0},{"damage":0.0,"enemies":"Looter","floor":8.0,"turns":1.0},{"damage":0.0,"enemies":"Large Slime","floor":10.0,"turns":1.0},{"damage":0.0,"enemies":"Exordium Wildlife","floor":12.0,"turns":1.0},{"damage":0.0,"enemies":"3 Louse","floor":13.0,"turns":1.0},{"damage":27.0,"enemies":"Hexaghost","floor":16.0,"turns":5.0},{"damage":8.0,"enemies":"Shell Parasite","floor":18.0,"turns":3.0},{"damage":0.0,"enemies":"Masked Bandits","floor":19.0,"turns":2.0},{"damage":9.0,"enemies":"Slavers","floor":23.0,"turns":2.0},{"damage":6.0,"enemies":"3 Byrds","floor":25.0,"turns":2.0},{"damage":0.0,"enemies":"Snake Plant","floor":27.0,"turns":1.0},{"damage":6.0,"enemies":"Sentry and Sphere","floor":28.0,"turns":3.0},{"damage":9.0,"enemies":"Chosen and Byrds","floor":30.0,"turns":3.0},{"damage":0.0,"enemies":"Shelled Parasite and Fungi","floor":31.0,"turns":2.0},{"damage":41.0,"enemies":"Collector","floor":33.0,"turns":4.0},{"damage":0.0,"enemies":"Orb Walker","floor":35.0,"turns":2.0},{"damage":0,"enemies":"3 Shapes","floor":36,"turns":1},{"damage":0,"enemies":"Jaw Worm Horde","floor":37,"turns":3},{"damage":0,"enemies":"Sphere and 2 Shapes","floor":38,"turns":2},{"damage":0,"enemies":"Spire Growth","floor":39,"turns":1},{"damage":0,"enemies":"Reptomancer","floor":40,"turns":4},{"damage":0,"enemies":"Maw","floor":44,"turns":3},{"damage":0,"enemies":"Nemesis","floor":45,"turns":1},{"damage":0,"enemies":"2 Orb Walkers","floor":46,"turns":1},{"damage":0,"enemies":"Mind Bloom Boss Battle","floor":47,"turns":1},{"damage":0,"enemies":"Transient","floor":48,"turns":5},{"damage":22,"enemies":"Time Eater","floor":50,"turns":6}],"seed_played":"2514053361250750194","potions_obtained":[{"floor":5.0,"key":"Weak Potion"},{"floor":6.0,"key":"Dexterity Potion"},{"floor":13.0,"key":"PotionOfCapacity"},{"floor":16.0,"key":"EntropicBrew"},{"floor":19.0,"key":"DistilledChaos"},{"floor":35.0,"key":"GamblersBrew"},{"floor":38,"key":"CultistPotion"},{"floor":45,"key":"Block Potion"}],"is_trial":false,"path_per_floor":["M","?","M","M","M","E","R","M","T","M","?","M","M","?","R","B",null,"M","?","?","?","$","E","R","M","T","M","M","?","M","M","R","B",null,"M","M","M","M","M","E","?","$","T","M","E","?","?","M","R","B",null],"character_chosen":"DEFECT","items_purchased":["Molten Egg 2","Eternal Feather","Calipers","Shuriken","Thread and Needle","Whetstone","HandDrill","Blue Candle","Anchor","HornCleat","Bag of Marbles","CeramicFish","Vajra","Potion Belt"],"campfire_rested":5,"item_purchase_floors":[22,22,22,22,22,22,42,42,42,42,42,42,42,42],"current_hp_per_floor":[72,72,71,71,71,71,75,75,75,75,75,75,75,75,75,48,75,67,67,75,75,75,66,75,69,69,69,63,63,54,54,75,34,75,75,75,75,75,75,75,75,75,75,75,75,75,75,75,75,53],"gold":659,"neow_bonus":"","is_daily":true,"chose_seed":false,"campfire_upgraded":0,"win_rate":0.0,"timestamp":1612471277,"path_taken":["M","?","?","M","M","E","R","M","T","?","?","?","M","?","R","BOSS","M","?","?","?","$","E","R","?","T","M","M","?","M","M","R","BOSS","M","M","M","M","M","E","?","$","T","?","E","?","?","M","R","BOSS"],"items_purchased_type":["Relic","Relic","Relic","Relic","Relic","Relic","Relic","Relic","Relic","Relic","Relic","Relic","Relic","Relic"],"build_version":"2020-12-22","purchased_purges":0,"victory":true,"max_hp_per_floor":[75,75,75,75,75,75,75,75,75,75,75,75,75,75,75,75,75,75,75,75,75,75,75,75,75,75,75,75,75,75,75,75,75,75,75,75,75,75,75,75,75,75,75,75,75,75,75,75,75,75],"relic_stats":{"Gremlin Horn":[24,24],"Happy Flower":[15],"counters":[31,70],"Blue Candle":[0],"CeramicFish":9,"Eternal Feather":30,"Whetstone":["Rip and Tear","Gash"],"Ginger":[1],"Orichalcum":[36],"WarpedTongs":[68],"Cables":[41,34,0,0,7],"SsserpentHead":550,"Emotion Chip":[6,2,1,0,3],"Shuriken":[32],"Ornamental Fan":[44],"Bronze Scales":[84],"HandDrill":[2],"obtain_stats":[{"Calipers":22,"Gremlin Horn":6,"CeramicFish":42,"Vajra":42,"Whetstone":22,"Ginger":47,"SsserpentHead":11,"Emotion Chip":46,"HornCleat":42,"Philosopher\u0027s Stone":17,"Red Mask":19,"HandDrill":42,"Cracked Core":0,"InkBottle":43,"Potion Belt":42,"Happy Flower":23,"Blue Candle":42,"Eternal Feather":22,"Thread and Needle":22,"The Courier":19,"Orichalcum":21,"WarpedTongs":2,"Cables":9,"Nuclear Battery":34,"Anchor":42,"Shuriken":22,"Ornamental Fan":40,"Bronze Scales":26,"Molten Egg 2":22,"Bag of Marbles":42},{"Calipers":12,"Gremlin Horn":5,"CeramicFish":25,"Vajra":25,"Whetstone":12,"Ginger":29,"SsserpentHead":7,"Emotion Chip":28,"HornCleat":25,"Philosopher\u0027s Stone":10,"Red Mask":12,"HandDrill":25,"Cracked Core":0,"InkBottle":25,"Potion Belt":25,"Happy Flower":13,"Blue Candle":25,"Eternal Feather":12,"Thread and Needle":12,"The Courier":12,"Orichalcum":12,"WarpedTongs":1,"Cables":6,"Nuclear Battery":19,"Anchor":25,"Shuriken":12,"Ornamental Fan":25,"Bronze Scales":14,"Molten Egg 2":12,"Bag of Marbles":25},{"Calipers":23,"Gremlin Horn":10,"CeramicFish":53,"Vajra":53,"Whetstone":23,"Ginger":59,"SsserpentHead":12,"Emotion Chip":58,"HornCleat":53,"Philosopher\u0027s Stone":18,"Red Mask":23,"HandDrill":53,"Cracked Core":0,"InkBottle":53,"Potion Belt":53,"Happy Flower":25,"Blue Candle":53,"Eternal Feather":23,"Thread and Needle":23,"The Courier":22,"Orichalcum":23,"WarpedTongs":2,"Cables":11,"Nuclear Battery":40,"Anchor":53,"Shuriken":23,"Ornamental Fan":53,"Bronze Scales":27,"Molten Egg 2":23,"Bag of Marbles":53}],"InkBottle":[7]},"card_choices":[{"not_picked":["Rebound","Havoc","Barrage"],"picked":"SKIP","floor":1.0},{"not_picked":["Wild Strike","Heavy Blade","Thunderclap"],"picked":"SKIP","floor":3.0},{"not_picked":["Wild Strike","Heavy Blade"],"picked":"Thunderclap","floor":3.0},{"not_picked":["Armaments","Sweeping Beam","Stack"],"picked":"SKIP","floor":4.0},{"not_picked":["Dual Wield","Searing Blow","True Grit"],"picked":"SKIP","floor":5.0},{"not_picked":["BootSequence","Spot Weakness"],"picked":"Creative AI","floor":6.0},{"not_picked":["Ball Lightning","Go for the Eyes","Anger"],"picked":"SKIP","floor":8.0},{"not_picked":["Cold Snap","Blizzard","Loop"],"picked":"SKIP","floor":10.0},{"not_picked":["True Grit","Headbutt","Warcry"],"picked":"SKIP","floor":12.0},{"not_picked":["True Grit","Warcry"],"picked":"Headbutt","floor":12.0},{"not_picked":["Body Slam","Recycle","Ball Lightning"],"picked":"SKIP","floor":13.0},{"not_picked":["Thunder Strike","Creative AI"],"picked":"Offering","floor":16.0},{"not_picked":["Steam","Tempest","Warcry"],"picked":"SKIP","floor":18.0},{"not_picked":["Scrape","Perfected Strike"],"picked":"Flex","floor":19.0},{"not_picked":["Sweeping Beam+1","Anger+1"],"picked":"Double Tap","floor":23.0},{"not_picked":["Perfected Strike+1","Twin Strike+1","Bloodletting"],"picked":"SKIP","floor":25.0},{"not_picked":["Hologram+1","Force Field"],"picked":"Flex","floor":27.0},{"not_picked":["Iron Wave+1","Loop","Shrug It Off"],"picked":"SKIP","floor":28.0},{"not_picked":["Armaments","Sweeping Beam+1","Chaos+1"],"picked":"SKIP","floor":30.0},{"not_picked":["Hologram","Consume"],"picked":"Pummel+1","floor":31.0},{"not_picked":["Wild Strike+1","Body Slam+1"],"picked":"Thunderclap+1","floor":35.0},{"not_picked":["Heavy Blade+1","Combust","Sword Boomerang+1"],"picked":"SKIP","floor":36},{"not_picked":["Infernal Blade","Redo+1","Searing Blow+1"],"picked":"SKIP","floor":37},{"not_picked":["Cold Snap+1","Storm+1","Genetic Algorithm+1"],"picked":"SKIP","floor":38},{"not_picked":["Dropkick+1","Beam Cell+1","Ball Lightning+1"],"picked":"SKIP","floor":39},{"not_picked":["Sword Boomerang+1","Rebound+1","Iron Wave+1"],"picked":"SKIP","floor":40},{"not_picked":["Heatsinks+1","Rupture+1","Perfected Strike+1"],"picked":"SKIP","floor":44},{"not_picked":["Conserve Battery","Chill","Chaos"],"picked":"SKIP","floor":45},{"not_picked":["Reckless Charge+1","Heavy Blade+1"],"picked":"Sword Boomerang+1","floor":48}],"player_experience":347913,"relics_obtained":[{"floor":6.0,"key":"Gremlin Horn"},{"floor":9.0,"key":"Cables"},{"floor":19.0,"key":"Red Mask"},{"floor":23.0,"key":"Happy Flower"},{"floor":26.0,"key":"Bronze Scales"},{"floor":40,"key":"Ornamental Fan"},{"floor":43,"key":"InkBottle"},{"floor":45,"key":"The Courier"},{"floor":46,"key":"Emotion Chip"},{"floor":47,"key":"Ginger"}],"event_choices":[{"damage_healed":0.0,"max_hp_gain":0.0,"max_hp_loss":0.0,"gold_gain":0.0,"event_name":"Accursed Blacksmith","player_choice":"Rummage","floor":2.0,"gold_loss":0.0,"damage_taken":0.0,"relics_obtained":["WarpedTongs"],"cards_obtained":["Pain"]},{"damage_healed":0.0,"max_hp_gain":0.0,"max_hp_loss":0.0,"gold_gain":0.0,"event_name":"FaceTrader","player_choice":"Trade","floor":11.0,"gold_loss":0.0,"damage_taken":0.0,"relics_obtained":["SsserpentHead"]},{"damage_healed":0.0,"max_hp_gain":0.0,"max_hp_loss":0.0,"gold_gain":0.0,"event_name":"Match and Keep!","player_choice":"1 cards matched","floor":14.0,"gold_loss":0.0,"damage_taken":0.0,"cards_obtained":["Finesse"]},{"damage_healed":0.0,"max_hp_gain":0.0,"max_hp_loss":0.0,"gold_gain":0.0,"event_name":"Masked Bandits","player_choice":"Fought Bandits","floor":19.0,"gold_loss":0.0,"damage_taken":0.0},{"damage_healed":25.0,"max_hp_gain":0.0,"max_hp_loss":0.0,"gold_gain":0.0,"event_name":"The Library","player_choice":"Heal","floor":20.0,"gold_loss":0.0,"damage_taken":0.0},{"damage_healed":0.0,"max_hp_gain":0.0,"max_hp_loss":0.0,"gold_gain":0.0,"event_name":"The Mausoleum","player_choice":"Opened","floor":21.0,"gold_loss":0.0,"damage_taken":0.0,"relics_obtained":["Orichalcum"]},{"damage_healed":0.0,"max_hp_gain":0.0,"max_hp_loss":0.0,"gold_gain":0.0,"event_name":"Cursed Tome","player_choice":"Ignored","floor":29.0,"gold_loss":0.0,"damage_taken":0.0},{"damage_healed":0,"gold_gain":0,"cards_transformed":["Steam"],"player_choice":"Transformed","damage_taken":0,"max_hp_gain":0,"max_hp_loss":0,"event_name":"Transmorgrifier","floor":41,"gold_loss":0,"cards_obtained":["Demon Form"]},{"damage_healed":0,"gold_gain":0,"player_choice":"Fight","damage_taken":0,"max_hp_gain":0,"max_hp_loss":0,"event_name":"Mysterious Sphere","floor":46,"gold_loss":0},{"damage_healed":0,"gold_gain":0,"player_choice":"Fight","damage_taken":0,"max_hp_gain":0,"max_hp_loss":0,"event_name":"MindBloom","floor":47,"gold_loss":0}],"is_beta":false,"boss_relics":[{"not_picked":["Empty Cage","Runic Dome"],"picked":"Philosopher\u0027s Stone"},{"not_picked":["Sozu","SacredBark"],"picked":"Nuclear Battery"}],"items_purged_floors":[],"is_endless":false,"potions_floor_spawned":[5,6,13,16,19,23,25,28,33,35,37,38,40,45],"ascension_level":0}}