{"host":"61ejhfsushs0xmcl","time":1612431901,"event":{"mods":["ATMod(°¢èªMod)","Act Like it!","BaseMod","Colored Map","Gold Saver","Minty Spire (QoL Compilation)","MostiFishMod","Reliquary","Spicy Shops","StSLib","TestMod","[IsaacMod]ÒÔÈö¼âËþ","¡¾ÒÅÎï¿¨ÅÆ¡¿REMEMod","óô»ðÖ¸ÄÏ"],"gold_per_floor":[1711,1145,1145,1156,1169,1169,1197,1209,1254,1288,1288,1299,1299,834,446,516,516,533,533,164,183,196,223,223,238,238,238,247,258,258,208,17,87,87,99,111,61,107,107,57,71,100,170,200,249,648,648,331,46,46,52,52,52,2,47,59],"floor_reached":57,"language":"ZHS","playtime":1919,"items_purged":["Defend_B","Strike_B","Defend_B","Defend_B","Strike_B","Strike_B","Dualcast","Defend_B","AT_CaressingTears","Strike_B+1","Eruption+1","MostiFishMod:ATRI"],"score":4001,"play_id":"2d1ec7d5-a69d-4e22-8075-06c194ac0699","local_time":"20210204174501","is_ascension_mode":true,"campfire_choices":[{"data":"Seek","floor":6.0,"key":"SMITH"},{"data":"MostiFishMod:Disappear","floor":11.0,"key":"SMITH"},{"floor":13.0,"key":"RECALL"},{"data":"AT_StudyProgram","floor":24.0,"key":"SMITH"},{"data":"FTL","floor":27.0,"key":"SMITH"},{"data":"Skim","floor":30,"key":"SMITH"}],"circlet_count":0,"master_deck":["AscendersBane","Seek+1","MostiFishMod:Disappear+1","FTL+1","Gash+1","AT_StudyProgram+1","MostiFishMod:ATRI","Necronomicurse","Gash+1","Skim+1","Echo Form+1","MostiFishMod:ReadyAimFire+1","REME_Compress+1","Gash+1"],"relics":["Cracked Core","testmod-TestBox","AT_ATBox","REME_ComplimentaryCards","HushsDoor","DeadEye","testmod-SaigiyounoYou","Jackal-EndForJourney","SynthV:TestCard","Singing Bowl","MoneyPower","Whetstone","AT_ImmortalShieldbow","Vajra","testmod-Charity","Smiling Mask","testmod-IWantAll","ChiXiaoBlade","Necronomicon","OrangePellets","PunchingBag","reliquary:NewFriend","AT_SilvercatRing","SalivaCoin","SatanicBible","AT_SpeedBoots","HowToJump","Mummified Hand"],"acts_visited":["Exordium","TheCity","TheBeyond","TheEnding"],"potions_floor_usage":[34,56,56,56,56],"damage_taken":[{"damage":25.0,"enemies":"Small Slimes","floor":1.0,"turns":3.0},{"damage":0.0,"enemies":"2 Louse","floor":4.0,"turns":2.0},{"damage":0.0,"enemies":"Cultist","floor":5.0,"turns":2.0},{"damage":0.0,"enemies":"3 Sentries","floor":7.0,"turns":2.0},{"damage":0.0,"enemies":"Gremlin Gang","floor":8.0,"turns":1.0},{"damage":0.0,"enemies":"Gremlin Nob","floor":10.0,"turns":1.0},{"damage":0.0,"enemies":"3 Louse","floor":12.0,"turns":2.0},{"damage":35.0,"enemies":"The Guardian","floor":16.0,"turns":5.0},{"damage":0.0,"enemies":"Chosen","floor":18.0,"turns":2.0},{"damage":36.0,"enemies":"3 Byrds","floor":21.0,"turns":3.0},{"damage":0.0,"enemies":"Sentry and Sphere","floor":22.0,"turns":1.0},{"damage":23.0,"enemies":"Book of Stabbing","floor":23.0,"turns":2.0},{"damage":0.0,"enemies":"Chosen and Byrds","floor":25.0,"turns":1.0},{"damage":4.0,"enemies":"Snake Plant","floor":28.0,"turns":2.0},{"damage":0.0,"enemies":"Sentry and Sphere","floor":29.0,"turns":1.0},{"damage":0,"enemies":"Collector","floor":33,"turns":3},{"damage":17,"enemies":"Orb Walker","floor":35,"turns":2},{"damage":23,"enemies":"3 Darklings","floor":36,"turns":3},{"damage":1,"enemies":"Transient","floor":41,"turns":3},{"damage":0,"enemies":"Reptomancer","floor":42,"turns":1},{"damage":13,"enemies":"Giant Head","floor":44,"turns":3},{"damage":0,"enemies":"Donu and Deca","floor":50,"turns":2},{"damage":12,"enemies":"Awakened One","floor":51,"turns":5},{"damage":23,"enemies":"Shield and Spear","floor":55,"turns":3},{"damage":0,"enemies":"Delirium","floor":56,"turns":7}],"seed_played":"-3503368575607497604","potions_obtained":[{"floor":1.0,"key":"Swift Potion"},{"floor":8.0,"key":"testmod-TimePotion"},{"floor":16.0,"key":"Dexterity Potion"},{"floor":21.0,"key":"testmod-TestPotion"},{"floor":22.0,"key":"LiquidMemories"},{"floor":23.0,"key":"Regen Potion"},{"floor":29.0,"key":"Fruit Juice"},{"floor":42,"key":"ColorlessPotion"}],"is_trial":false,"path_per_floor":["M","$","?","M","M","R","E","M","T","E","R","M","R","$","R","B",null,"M","?","$","M","M","E","R","M","T","R","M","M","R","$","R","B",null,"M","M","$","?","?","R","M","E","T","E","?","?","T","$","R","B","B",null,"R","$","E","B",null],"character_chosen":"DEFECT","items_purchased":["Singing Bowl","MoneyPower","FTL","Whetstone","testmod-Charity","testmod-SpacePotion","Smiling Mask","testmod-IWantAll","testmod-SpacePotion","OrangePellets","AT_SilvercatRing","Gash","HowToJump","Mummified Hand"],"campfire_rested":0,"item_purchase_floors":[2,2,2,2,14,14,15,15,20,20,32,48,48,49],"current_hp_per_floor":[45,45,38,43,48,48,55,61,61,66,66,72,72,72,72,41,65,71,50,50,30,38,81,81,86,86,86,88,90,90,90,90,91,96,84,74,74,60,60,60,95,102,103,102,89,90,90,90,90,103,111,111,111,111,105,119],"gold":59,"neow_bonus":"THREE_RARE_CARDS","is_daily":false,"chose_seed":false,"campfire_upgraded":5,"win_rate":0.0,"timestamp":1612431901,"path_taken":["M","$","?","?","M","R","E","M","T","E","R","?","R","$","R","BOSS","M","?","$","M","M","E","R","M","T","R","M","M","R","$","R","BOSS","M","M","$","?","?","R","M","E","T","E","?","?","?","$","R","BOSS","BOSS","R","$","E","BOSS"],"items_purchased_type":["Relic","Relic","Card","Relic","Relic","Potion","Relic","Relic","Potion","Relic","Relic","Card","Relic","Relic"],"build_version":"2020-12-22","purchased_purges":12,"victory":true,"max_hp_per_floor":[64,64,64,66,66,66,66,68,68,70,70,72,72,72,72,73,73,76,76,76,79,82,85,85,86,86,86,89,90,90,90,90,91,96,99,100,100,101,96,96,99,102,103,107,109,110,110,110,110,110,111,111,111,111,117,119],"card_choices":[{"not_picked":[],"picked":"ChaosCard","floor":0.0},{"not_picked":["MostiFishMod:Prepare","Multi-Cast"],"picked":"Seek","floor":0.0},{"not_picked":["Leap","AT_HeatAcrobatics","MostiFishMod:PushDownKick"],"picked":"SKIP","floor":1.0},{"not_picked":["Distribution","Hologram","MostiFishMod:IceShield","Rebound","Capacitor"],"picked":"Singing Bowl","floor":4.0},{"not_picked":["MostiFishMod:PushDownKick","AT_HeatAcrobatics","Loop","Blizzard"],"picked":"Gash","floor":5.0},{"not_picked":["AT_ThreeBodyProblem","MostiFishMod:ReprogramOld","Compile Driver","Hologram"],"picked":"AT_StudyProgram","floor":7.0},{"not_picked":["Coolheaded","Go for the Eyes","Barrage","Compile Driver","Beam Cell"],"picked":"Singing Bowl","floor":8.0},{"not_picked":["Stack","Conserve Battery","MostiFishMod:DawningShadow","AT_ThunderBolt","Rebound"],"picked":"Singing Bowl","floor":10.0},{"not_picked":["Double Energy","Redo","Compile Driver","Hologram","Stack"],"picked":"Singing Bowl","floor":12.0},{"not_picked":["ElectricPowerLearning","MostiFishMod:Hijack","MostiFishMod:DawningShadow","Thunder Strike"],"picked":"MostiFishMod:ATRI","floor":16.0},{"not_picked":["ElectricPowerLearning","MostiFishMod:Hijack","MostiFishMod:DawningShadow","Thunder Strike"],"picked":"MostiFishMod:ATRI","floor":16.0},{"not_picked":["Conserve Battery","Ball Lightning","REME_SelfUpgrade","Beam Cell","BootSequence"],"picked":"Singing Bowl","floor":18.0},{"not_picked":["Defragment","Cold Snap","AT_ThreeBodyProblem","Force Field","Reprogram"],"picked":"Singing Bowl","floor":21.0},{"not_picked":["Barrage","Redo","MostiFishMod:PushDownKick","Stack","Coolheaded"],"picked":"Singing Bowl","floor":22.0},{"not_picked":["Loop","REME_DataAnalysis","Hello World","Blizzard+1","Chill"],"picked":"Singing Bowl","floor":23.0},{"not_picked":["Rip and Tear","Blizzard","Reprogram","Leap"],"picked":"Gash","floor":25.0},{"not_picked":["Capacitor","Distribution","Leap+1","Conserve Battery","Gash"],"picked":"Singing Bowl","floor":28.0},{"not_picked":["Doom and Gloom","Undo","Coolheaded","Amplify"],"picked":"Skim","floor":29.0},{"not_picked":["REME_Shoggoth","MostiFishMod:ReadyAimFire","ElectricPowerLearning","MostiFishMod:Prepare"],"picked":"Echo Form","floor":33},{"not_picked":["REME_Shoggoth","ElectricPowerLearning","MostiFishMod:Prepare","Echo Form"],"picked":"MostiFishMod:ReadyAimFire","floor":33},{"not_picked":["Coolheaded","Leap","Stack","AT_ThunderBolt","Cold Snap"],"picked":"Singing Bowl","floor":35},{"not_picked":["Sweeping Beam","REME_DataAnalysis","Steam+1","Sunder"],"picked":"REME_Compress","floor":36},{"not_picked":["Barrage","Cancel","Stack","Defragment+1","Beam Cell"],"picked":"Singing Bowl","floor":41},{"not_picked":["Undo+1","Go for the Eyes+1","FTL","Turbo","Sweeping Beam+1"],"picked":"Singing Bowl","floor":42},{"not_picked":["Go for the Eyes","Gash","Capacitor+1","Steam Power+1","Meteor Strike"],"picked":"Singing Bowl","floor":44},{"not_picked":["Ball Lightning","MostiFishMod:LinkProtocol","Barrage+1","Static Discharge+1","Beam Cell"],"picked":"Singing Bowl","floor":55}],"player_experience":848211,"relics_obtained":[{"floor":1.0,"key":"SynthV:TestCard"},{"floor":7.0,"key":"AT_ImmortalShieldbow"},{"floor":10.0,"key":"Vajra"},{"floor":19.0,"key":"Necronomicon"},{"floor":23.0,"key":"PunchingBag"},{"floor":26.0,"key":"reliquary:NewFriend"},{"floor":42,"key":"SalivaCoin"},{"floor":43,"key":"SatanicBible"},{"floor":44,"key":"AT_SpeedBoots"},{"floor":55,"key":"reliquary:FerryPass"}],"event_choices":[{"cards_removed":["Zap"],"damage_healed":0.0,"max_hp_gain":0.0,"max_hp_loss":0.0,"gold_gain":0.0,"event_name":"Golden Wing","player_choice":"Card Removal","floor":3.0,"gold_loss":0.0,"damage_taken":7.0},{"damage_healed":0.0,"max_hp_gain":0.0,"max_hp_loss":0.0,"gold_gain":0.0,"event_name":"Cursed Tome","player_choice":"Obtained Book","floor":19.0,"gold_loss":0.0,"damage_taken":21.0},{"damage_healed":0,"gold_gain":0,"player_choice":"Max HP","damage_taken":0,"max_hp_gain":0,"max_hp_loss":5,"event_name":"Winding Halls","floor":39,"gold_loss":0},{"damage_healed":0,"gold_gain":400,"player_choice":"Sell","damage_taken":0,"max_hp_gain":0,"max_hp_loss":0,"event_name":"¶÷ÂåË¹µÄÅÌ×Ó","floor":46,"relics_lost":["DaveBox"],"gold_loss":0}],"is_beta":false,"boss_relics":[{"not_picked":["Coffee Dripper","Runic Dome"],"picked":"ChiXiaoBlade"},{"not_picked":[]},{"not_picked":["testmod-GoldenSoul","FixedStarFall","reliquary:KinkedSpring"]}],"items_purged_floors":[2,14,14,15,20,31,32,37,40,48,48,54],"is_endless":false,"potions_floor_spawned":[1,8,16,21,22,23,29,42],"ascension_level":20}}