{"host":"Ringo","time":1612438673,"event":{"mods":["BaseMod","Colored Map","Conspire","Dota2Spire","Hubris","Minty Spire (QoL Compilation)","Replay The Spire","StSLib","The Construct","[IsaacMod]ÒÔÈö¼âËþ","¡¾ÒÅÎï¿¨ÅÆ¡¿REMEMod"],"gold_per_floor":[99,116,135,151,151,183,211,236,260,285,320,353,387,422,422,493,493,523,321,144,172,12,38,73,98,98,133,163,194,220,245,245,318,318,352,352,191,226,126,157,189,222,222,249,274,304,338,366,366,366,366],"floor_reached":52,"language":"ZHS","playtime":1624,"items_purged":[],"score":4667,"play_id":"47130ca3-a121-4655-8922-f87478d13863","local_time":"20210204193753","daily_mods":["SealedDeck","Vintage","Colorless Cards","Heirloom","Time Dilation","Flight","DeadlyEvents","Elite Swarm","Lethality","Binary"],"is_ascension_mode":true,"campfire_choices":[{"floor":15.0,"key":"DIG"},{"data":"Dash","floor":32.0,"key":"SMITH"},{"floor":49,"key":"DIG"}],"circlet_count":0,"master_deck":["AscendersBane","ThirdEye+1","ReachHeaven","FlyingSleeves+1","SashWhip","Replay:BluntJabs","FlyingSleeves+1","FollowUp","CutThroughFate","Crescendo+1","Dash+1","JustLucky","Prostrate","JustLucky","EmptyFist","Nirvana","Consecrate"],"relics":["PureWater","Busted Crown","HushsDoor","REME_ComplimentaryCards","replay:Trail_Library","Replay:PocketPolymizer","SteamSale","Blood Vial","construct:FoamFinger","Pear","Dota2Spire:Vanguard","REME_HourglassOfDeath","War Paint","Shovel","Dota2Spire:ArcaneBoots","hubris:ToyBattleship","BelialBook","BookOfRevelations","Happy Flower","hubris:OldNail","PokeGo","ChampionBelt","Unceasing Top","Matryoshka","Replay:Wax Seal","BargainBundle","ReplayTheSpireMod:TigerMarble","Mercury Hourglass","Gremlin Horn","Replay:Rubber Ducky","conspire:Dentures","hubris:BottledRain","Dota2Spire:UrnOfShadows","Pet Ghost","SatanicBible","Singing Bowl","BlankCard","Dota2Spire:EyeOfSkadi","Lantern","REME_ChargedStone","hubris:PeanutButter","Dota2Spire:CrimsonGuard","Onion Ring","hubris:SlimyHat","Damaru","Bottled Lightning","Garlic","Replay:Bottled Eggs","PillsDrop","REME_HandOfSuture","REME_IWantAll","Oddly Smooth Stone","Bag of Marbles","Art of War"],"acts_visited":["Exordium","TheCity","TheBeyond"],"potions_floor_usage":[51,51],"damage_taken":[{"damage":3.0,"enemies":"conspire:RoseBush","floor":2.0,"turns":2.0},{"damage":0.0,"enemies":"Jaw Worm","floor":3.0,"turns":1.0},{"damage":0.0,"enemies":"Cultist","floor":4.0,"turns":1.0},{"damage":0.0,"enemies":"Replay:BlueRogue","floor":6.0,"turns":2.0},{"damage":0.0,"enemies":"Lagavulin","floor":7.0,"turns":2.0},{"damage":0.0,"enemies":"3 Sentries","floor":8.0,"turns":2.0},{"damage":0.0,"enemies":"Gremlin Nob","floor":10.0,"turns":1.0},{"damage":0.0,"enemies":"Lagavulin","floor":11.0,"turns":2.0},{"damage":0.0,"enemies":"3 Sentries","floor":12.0,"turns":2.0},{"damage":0.0,"enemies":"Gremlin Nob","floor":13.0,"turns":1.0},{"damage":0.0,"enemies":"3 Sentries","floor":14.0,"turns":3.0},{"damage":0.0,"enemies":"The Guardian","floor":16.0,"turns":1.0},{"damage":0.0,"enemies":"Gremlin Leader","floor":18.0,"turns":2.0},{"damage":0.0,"enemies":"Book of Stabbing","floor":21.0,"turns":2.0},{"damage":14.0,"enemies":"Gremlin Leader","floor":23.0,"turns":3.0},{"damage":0.0,"enemies":"Slavers","floor":24.0,"turns":1.0},{"damage":0.0,"enemies":"conspire:Head Lice","floor":25.0,"turns":1.0},{"damage":0.0,"enemies":"Book of Stabbing","floor":27.0,"turns":3.0},{"damage":0.0,"enemies":"Gremlin Leader","floor":28.0,"turns":1.0},{"damage":0.0,"enemies":"REME_1_Revenger","floor":29.0,"turns":2.0},{"damage":0.0,"enemies":"Gremlin Leader","floor":30.0,"turns":1.0},{"damage":0.0,"enemies":"conspire:Head Lice","floor":31.0,"turns":2.0},{"damage":0.0,"enemies":"hubris:MusketHawk","floor":33.0,"turns":1.0},{"damage":0.0,"enemies":"Reptomancer","floor":35.0,"turns":2.0},{"damage":0,"enemies":"R_Hoarder","floor":38,"turns":3},{"damage":0,"enemies":"Nemesis","floor":40,"turns":1},{"damage":0,"enemies":"R_Hoarder","floor":41,"turns":1},{"damage":0,"enemies":"Nemesis","floor":42,"turns":1},{"damage":0,"enemies":"R_Hoarder","floor":44,"turns":1},{"damage":0,"enemies":"Reptomancer","floor":45,"turns":1},{"damage":0,"enemies":"R_Hoarder","floor":46,"turns":1},{"damage":0,"enemies":"Giant Head","floor":47,"turns":2},{"damage":0,"enemies":"R_Hoarder","floor":48,"turns":1},{"damage":0,"enemies":"Time Eater","floor":50,"turns":1},{"damage":0,"enemies":"hubris:GrandSnecko","floor":51,"turns":1}],"seed_played":"7918568924867568055","potions_obtained":[{"floor":4.0,"key":"Block Potion"},{"floor":7.0,"key":"AttackPotion"},{"floor":23.0,"key":"ColorlessPotion"},{"floor":25.0,"key":"SteroidPotion"},{"floor":27.0,"key":"Explosive Potion"},{"floor":31.0,"key":"Fire Potion"},{"floor":35.0,"key":"Dota2Spire:HealingSalve"},{"floor":42,"key":"Reflective Coating"},{"floor":47,"key":"Flashbang"}],"is_trial":true,"path_per_floor":["?","M","M","M","?","E","E","E","T","E","E","E","E","E","R","B",null,"M","$","$","M","$","E","E","E","T","E","E","E","E","M","R","B",null,"M","?","$","M","NS","E","E","E","T","E","E","E","M","E","R","B","B",null],"character_chosen":"WATCHER","items_purchased":["Matryoshka","Study+1","JustLucky","Replay:Wax Seal","BargainBundle","ReplayTheSpireMod:TigerMarble","Prostrate","JustLucky","EmptyFist","Gremlin Horn","Nirvana","Dota2Spire:CrimsonGuard","Consecrate"],"campfire_rested":0,"item_purchase_floors":[19,19,19,20,20,20,20,20,22,22,34,37,37],"current_hp_per_floor":[61,58,60,72,72,74,76,78,78,78,78,78,78,78,78,78,78,78,78,78,78,78,64,70,72,72,75,79,79,84,84,84,84,81,82,82,82,82,82,82,82,82,82,82,82,82,82,82,82,82,82],"gold":366,"neow_bonus":"","is_daily":false,"chose_seed":false,"campfire_upgraded":1,"win_rate":0.0,"timestamp":1612438673,"path_taken":["?","M","M","M","?","E","E","E","T","E","E","?","E","E","R","BOSS","M","$","$","M","$","E","E","E","T","E","E","E","E","?","R","BOSS","M","?","$","M","NS","E","E","E","T","E","E","E","M","E","R","BOSS","BOSS"],"items_purchased_type":["Relic","Card","Card","Relic","Relic","Relic","Card","Card","Card","Relic","Card","Relic","Card"],"build_version":"2020-12-18","purchased_purges":0,"victory":true,"max_hp_per_floor":[68,68,68,78,78,78,78,78,78,78,78,78,78,78,78,78,78,78,78,78,78,78,78,78,78,78,79,79,79,84,84,84,84,81,82,82,82,82,82,82,82,82,82,82,82,82,82,82,82,82,82],"card_choices":[],"player_experience":624358,"relics_obtained":[{"floor":2.0,"key":"Blood Vial"},{"floor":3.0,"key":"construct:FoamFinger"},{"floor":4.0,"key":"Pear"},{"floor":5.0,"key":"Dota2Spire:Vanguard"},{"floor":6.0,"key":"REME_HourglassOfDeath"},{"floor":7.0,"key":"War Paint"},{"floor":8.0,"key":"Shovel"},{"floor":9.0,"key":"Dota2Spire:ArcaneBoots"},{"floor":10.0,"key":"hubris:ToyBattleship"},{"floor":11.0,"key":"BelialBook"},{"floor":12.0,"key":"BookOfRevelations"},{"floor":13.0,"key":"Happy Flower"},{"floor":14.0,"key":"hubris:OldNail"},{"floor":15.0,"key":"PokeGo"},{"floor":18.0,"key":"Unceasing Top"},{"floor":21.0,"key":"Mercury Hourglass"},{"floor":23.0,"key":"Replay:Rubber Ducky"},{"floor":24.0,"key":"conspire:Dentures"},{"floor":25.0,"key":"hubris:BottledRain"},{"floor":26.0,"key":"Dota2Spire:UrnOfShadows"},{"floor":26.0,"key":"Pet Ghost"},{"floor":27.0,"key":"SatanicBible"},{"floor":28.0,"key":"Singing Bowl"},{"floor":29.0,"key":"BlankCard"},{"floor":30.0,"key":"Dota2Spire:EyeOfSkadi"},{"floor":31.0,"key":"Lantern"},{"floor":35.0,"key":"hubris:PeanutButter"},{"floor":38,"key":"Onion Ring"},{"floor":40,"key":"hubris:SlimyHat"},{"floor":41,"key":"Damaru"},{"floor":42,"key":"Bottled Lightning"},{"floor":43,"key":"Garlic"},{"floor":43,"key":"Replay:Bottled Eggs"},{"floor":44,"key":"PillsDrop"},{"floor":45,"key":"REME_HandOfSuture"},{"floor":46,"key":"REME_IWantAll"},{"floor":47,"key":"Oddly Smooth Stone"},{"floor":48,"key":"Bag of Marbles"},{"floor":49,"key":"Art of War"}],"event_choices":[{"damage_healed":0.0,"max_hp_gain":0.0,"max_hp_loss":0.0,"gold_gain":0.0,"event_name":"Wheel of Change","player_choice":"Relic","floor":5.0,"gold_loss":0.0,"damage_taken":0.0}],"is_beta":true,"boss_relics":[{"not_picked":["hubris:BlackHole","Honey Jar"],"picked":"ChampionBelt"},{"not_picked":[]},{"not_picked":["Empty Cage","hubris:VirtuousBlindfold"],"picked":"REME_ChargedStone"},{"not_picked":[]}],"items_purged_floors":[],"is_endless":false,"potions_floor_spawned":[4,7,8,11,13,14,23,25,27,31,35,42,45,47],"ascension_level":20}}