{"host":"by8i6f8xc0ywpsd5","time":1612421608,"event":{"mods":["BaseMod","Colored Map","Minty Spire (QoL Compilation)","Relic Stats"],"gold_per_floor":[115,115,129,54,70,81,81,110,110,122,122,148,167,179,179,179,179],"floor_reached":16,"language":"ENG","playtime":548,"items_purged":[],"score":228,"play_id":"81cd0128-4835-4f0b-bc03-1e969a2c7bdb","local_time":"20210204085328","is_ascension_mode":true,"campfire_choices":[{"data":"Uppercut","floor":7,"key":"SMITH"},{"data":"Havoc","floor":11,"key":"SMITH"},{"data":"Juggernaut","floor":15,"key":"SMITH"}],"circlet_count":0,"master_deck":["AscendersBane","Strike_R","Strike_R","Strike_R","Strike_R","Defend_R","Defend_R","Defend_R","Defend_R","Bash+1","Clothesline","Uppercut+1","Warcry","Juggernaut+1","Evolve","Havoc+1","Combust","Iron Wave"],"relics":["Burning Blood","Ornamental Fan","StoneCalendar"],"acts_visited":["Exordium"],"potions_floor_usage":[6,8,12,14],"damage_taken":[{"damage":4,"enemies":"Jaw Worm","floor":1,"turns":4},{"damage":2,"enemies":"Cultist","floor":3,"turns":4},{"damage":11,"enemies":"Small Slimes","floor":5,"turns":4},{"damage":0,"enemies":"Gremlin Gang","floor":6,"turns":3},{"damage":3,"enemies":"Gremlin Nob","floor":8,"turns":3},{"damage":24,"enemies":"2 Fungi Beasts","floor":10,"turns":5},{"damage":15,"enemies":"Lagavulin","floor":12,"turns":8},{"damage":6,"enemies":"Blue Slaver","floor":13,"turns":4},{"damage":18,"enemies":"Gremlin Gang","floor":14,"turns":4},{"damage":36,"enemies":"Hexaghost","floor":16,"turns":7}],"seed_played":"-6184616003216655400","potions_obtained":[{"floor":2,"key":"Dexterity Potion"},{"floor":2,"key":"Explosive Potion"},{"floor":3,"key":"Fire Potion"},{"floor":6,"key":"SneckoOil"},{"floor":8,"key":"Dexterity Potion"},{"floor":13,"key":"Ancient Potion"}],"is_trial":false,"path_per_floor":["M","?","M","?","M","M","R","E","T","M","R","E","M","M","R","B"],"character_chosen":"IRONCLAD","items_purchased":[],"campfire_rested":0,"item_purchase_floors":[],"current_hp_per_floor":[70,70,74,74,69,75,75,75,75,57,57,48,48,36,36,0,0],"gold":179,"neow_bonus":"UPGRADE_CARD","is_daily":false,"chose_seed":false,"campfire_upgraded":3,"win_rate":0.0,"timestamp":1612421608,"path_taken":["M","?","?","?","M","M","R","E","T","M","R","E","M","M","R","BOSS"],"items_purchased_type":[],"build_version":"2020-12-22","purchased_purges":0,"victory":false,"max_hp_per_floor":[75,75,75,75,75,75,75,75,75,75,75,75,75,75,75,75,75],"relic_stats":{"counters":[10,46],"Ornamental Fan":[8],"StoneCalendar":[52],"obtain_stats":[{"Ornamental Fan":8,"StoneCalendar":12,"Burning Blood":0},{"Ornamental Fan":5,"StoneCalendar":7,"Burning Blood":0},{"Ornamental Fan":18,"StoneCalendar":31,"Burning Blood":0}],"Burning Blood":51},"card_choices":[{"not_picked":["Havoc","Sever Soul"],"picked":"Clothesline","floor":1},{"not_picked":["Twin Strike","Armaments"],"picked":"Uppercut","floor":3},{"not_picked":["Sever Soul","Thunderclap"],"picked":"Warcry","floor":5},{"not_picked":["Body Slam","Rampage"],"picked":"Juggernaut","floor":6},{"not_picked":["Headbutt","Warcry"],"picked":"Evolve","floor":8},{"not_picked":["Headbutt","True Grit"],"picked":"Havoc","floor":10},{"not_picked":["Wild Strike","Uppercut"],"picked":"Combust","floor":12},{"not_picked":["Second Wind","Warcry"],"picked":"Iron Wave","floor":13},{"not_picked":["Heavy Blade","Body Slam","Twin Strike"],"picked":"SKIP","floor":14}],"player_experience":1730541,"relics_obtained":[{"floor":8,"key":"Ornamental Fan"},{"floor":12,"key":"StoneCalendar"}],"event_choices":[{"damage_healed":0,"gold_gain":0,"player_choice":"Got Potions","damage_taken":0,"max_hp_gain":0,"max_hp_loss":0,"event_name":"Lab","floor":2,"gold_loss":0},{"cards_removed":["Strike_R"],"damage_healed":0,"gold_gain":0,"player_choice":"Card Removal","damage_taken":0,"max_hp_gain":0,"max_hp_loss":0,"event_name":"The Cleric","floor":4,"gold_loss":75}],"is_beta":false,"boss_relics":[],"items_purged_floors":[],"is_endless":false,"potions_floor_spawned":[3,6,8,13],"killed_by":"Hexaghost","ascension_level":20}}