{"host":"04hh9gplt9wkfmr1","time":1612412257,"event":{"mods":["AchievementEnabler","BaseMod","Colored Map","KOR Keyword Fix","Minty Spire (QoL Compilation)","Rare Cards Sparkle","SuperFastMode"],"gold_per_floor":[114,128,147,160,177,177,177,177,200,230,242,242,256,256,256],"floor_reached":14,"language":"KOR","playtime":334,"items_purged":[],"score":113,"play_id":"d982bbb0-4c0b-4718-ae9d-2146589aa281","local_time":"20210204131737","is_ascension_mode":true,"campfire_choices":[{"floor":6.0,"key":"REST"},{"data":"Searing Blow","floor":8.0,"key":"SMITH"},{"floor":12.0,"key":"REST"}],"circlet_count":0,"master_deck":["Strike_R","Strike_R","Strike_R","Strike_R","Strike_R","Defend_R","Defend_R","Defend_R","Defend_R","Bash","Heavy Blade","Searing Blow+1","Seeing Red"],"relics":["Burning Blood","Centennial Puzzle","Boot","Happy Flower"],"acts_visited":["Exordium"],"potions_floor_usage":[],"damage_taken":[{"damage":14.0,"enemies":"Jaw Worm","floor":1.0,"turns":6.0},{"damage":11.0,"enemies":"Small Slimes","floor":2.0,"turns":5.0},{"damage":10.0,"enemies":"2 Louse","floor":3.0,"turns":3.0},{"damage":22.0,"enemies":"Large Slime","floor":4.0,"turns":5.0},{"damage":44.0,"enemies":"Gremlin Gang","floor":5.0,"turns":5.0},{"damage":17.0,"enemies":"Blue Slaver","floor":11.0,"turns":5.0},{"damage":17.0,"enemies":"3 Louse","floor":13.0,"turns":4.0},{"damage":35,"enemies":"Lagavulin","floor":14,"turns":5}],"seed_played":"-2186307522397543701","potions_obtained":[{"floor":1.0,"key":"PowerPotion"},{"floor":3.0,"key":"SkillPotion"},{"floor":5.0,"key":"SpeedPotion"},{"floor":13.0,"key":"Explosive Potion"}],"is_trial":false,"path_per_floor":["M","M","M","M","M","R","?","R","T","?","M","R","M","E"],"character_chosen":"IRONCLAD","items_purchased":[],"campfire_rested":2,"item_purchase_floors":[],"current_hp_per_floor":[72,67,63,47,9,35,28,28,28,28,17,43,32,0,0],"gold":256,"neow_bonus":"TEN_PERCENT_HP_BONUS","is_daily":false,"chose_seed":false,"campfire_upgraded":1,"win_rate":0.0,"timestamp":1612412257,"path_taken":["M","M","M","M","M","R","?","R","T","?","M","R","M","E"],"items_purchased_type":[],"build_version":"2020-12-22","purchased_purges":0,"victory":false,"max_hp_per_floor":[88,88,88,88,88,88,88,88,88,88,88,88,88,88,88],"card_choices":[{"not_picked":["Rampage","Warcry"],"picked":"Heavy Blade","floor":1.0},{"not_picked":["Intimidate","Shrug It Off"],"picked":"Searing Blow","floor":2.0},{"not_picked":["Cleave","Blood for Blood","Intimidate"],"picked":"SKIP","floor":3.0},{"not_picked":["Thunderclap","Iron Wave","Flex"],"picked":"SKIP","floor":4.0},{"not_picked":["Twin Strike","Wild Strike","Immolate"],"picked":"SKIP","floor":5.0},{"not_picked":["Carnage","Clothesline"],"picked":"Seeing Red","floor":11.0},{"not_picked":["Second Wind","Cleave","Iron Wave"],"picked":"SKIP","floor":13.0}],"player_experience":126720,"relics_obtained":[{"floor":9.0,"key":"Boot"}],"event_choices":[{"damage_healed":0.0,"max_hp_gain":0.0,"max_hp_loss":0.0,"gold_gain":0.0,"event_name":"Scrap Ooze","player_choice":"Success","floor":7.0,"gold_loss":0.0,"damage_taken":7.0,"relics_obtained":["Centennial Puzzle"]},{"damage_healed":0.0,"max_hp_gain":0.0,"max_hp_loss":0.0,"gold_gain":30.0,"event_name":"Dead Adventurer","player_choice":"Searched \u00272\u0027 times","floor":10.0,"gold_loss":0.0,"damage_taken":0.0,"relics_obtained":["Happy Flower"]}],"is_beta":false,"boss_relics":[],"items_purged_floors":[],"is_endless":false,"potions_floor_spawned":[1,3,5,13],"killed_by":"Lagavulin","ascension_level":7}}