{"host":"eebsr5bfap1y39p2","time":1612407944,"event":{"mods":["AchievementEnabler","BaseMod","Colored Map","Minty Spire (QoL Compilation)","StSLib","SuperFastMode"],"gold_per_floor":[117,42,53,66,66,66,66,91,91,91,109,29,29,47,47,47,47],"floor_reached":16,"language":"KOR","playtime":359,"items_purged":["Defend_P"],"score":181,"play_id":"f3d790df-501a-4a10-ae08-67c2f15247f1","local_time":"20210203220544","is_ascension_mode":true,"campfire_choices":[{"data":"Eruption","floor":6.0,"key":"SMITH"},{"data":"Vigilance","floor":10.0,"key":"SMITH"},{"data":"MentalFortress","floor":13.0,"key":"SMITH"},{"data":"FlurryOfBlows","floor":15.0,"key":"SMITH"}],"circlet_count":0,"master_deck":["Strike_P","Strike_P","Strike_P","Defend_P","Defend_P","Defend_P","Eruption+1","Vigilance+1","FlurryOfBlows+1","MentalFortress+1"],"relics":["PureWater","Blood Vial","Kunai","HornCleat"],"acts_visited":["Exordium"],"potions_floor_usage":[],"damage_taken":[{"damage":0.0,"enemies":"Cultist","floor":1.0,"turns":2.0},{"damage":0.0,"enemies":"Jaw Worm","floor":3.0,"turns":7.0},{"damage":0.0,"enemies":"Small Slimes","floor":4.0,"turns":2.0},{"damage":0.0,"enemies":"Lagavulin","floor":8.0,"turns":2.0},{"damage":1.0,"enemies":"3 Louse","floor":11.0,"turns":4.0},{"damage":8.0,"enemies":"Gremlin Gang","floor":14.0,"turns":5.0},{"damage":83,"enemies":"The Guardian","floor":16,"turns":10}],"seed_played":"8605833386210980006","potions_obtained":[{"floor":7.0,"key":"Ambrosia"},{"floor":7.0,"key":"Strength Potion"},{"floor":7.0,"key":"ColorlessPotion"},{"floor":11.0,"key":"AttackPotion"},{"floor":14.0,"key":"SmokeBomb"}],"is_trial":false,"path_per_floor":["M","$","M","M","?","R","?","E","T","R","M","$","R","M","R","B"],"character_chosen":"WATCHER","items_purchased":["MentalFortress"],"campfire_rested":0,"item_purchase_floors":[12],"current_hp_per_floor":[67,67,69,71,71,71,71,72,72,72,71,71,71,64,64,0,0],"gold":47,"neow_bonus":"RANDOM_COMMON_RELIC","is_daily":false,"chose_seed":false,"campfire_upgraded":4,"win_rate":0.0,"timestamp":1612407944,"path_taken":["M","$","?","M","?","R","?","E","T","R","M","$","R","M","R","BOSS"],"items_purchased_type":["Card"],"build_version":"2020-12-22","purchased_purges":1,"victory":false,"max_hp_per_floor":[72,72,72,72,72,72,72,72,72,72,72,72,72,72,72,72,72],"card_choices":[{"not_picked":["CrushJoints","DeceiveReality","JustLucky"],"picked":"SKIP","floor":1.0},{"not_picked":["EmptyFist","EmptyBody"],"picked":"FlurryOfBlows","floor":3.0},{"not_picked":["WindmillStrike","Conclude","CutThroughFate"],"picked":"SKIP","floor":4.0},{"not_picked":["CrushJoints","Meditate","Halt"],"picked":"SKIP","floor":8.0},{"not_picked":["Blasphemy","BattleHymn","CutThroughFate"],"picked":"SKIP","floor":11.0},{"not_picked":["Perseverance","Sanctity","Weave"],"picked":"SKIP","floor":14.0}],"player_experience":399409,"relics_obtained":[{"floor":8.0,"key":"Kunai"},{"floor":9.0,"key":"HornCleat"}],"event_choices":[{"cards_removed":["Strike_P"],"damage_healed":0.0,"max_hp_gain":0.0,"max_hp_loss":0.0,"gold_gain":0.0,"event_name":"Living Wall","player_choice":"Forget","floor":5.0,"gold_loss":0.0,"damage_taken":0.0},{"damage_healed":0.0,"max_hp_gain":0.0,"max_hp_loss":0.0,"gold_gain":0.0,"event_name":"Lab","player_choice":"Got Potions","floor":7.0,"gold_loss":0.0,"damage_taken":0.0}],"is_beta":false,"boss_relics":[],"items_purged_floors":[2],"is_endless":false,"potions_floor_spawned":[11,14],"killed_by":"The Guardian","ascension_level":9}}