{"host":"126yiuos2nq86se7","time":1612418194,"event":{"mods":["AchievementEnabler","Act Like it!","BaseMod","Colored Map","Colored Powertips","Friendly Minions","Highlight Path","Hubris","Minty Spire (QoL Compilation)","Reimu??????","StSLib","SuperFastMode"],"gold_per_floor":[10,26,1,20,20,20,32,66,119,119,139,139,158,183,183,287,287,306,275,70,70,84,84,96,96,96,110,129,129,129,139,139,239,239,256,268,268,268,281,281,296,296,296,296,296,296,311,326,326,326],"floor_reached":51,"language":"ENG","playtime":6062,"items_purged":["Strike_G"],"score":703,"play_id":"213388ae-9bb0-417d-b914-304707d123b8","local_time":"20210204165634","is_ascension_mode":false,"campfire_choices":[{"data":"Survivor","floor":6,"key":"SMITH"},{"floor":12,"key":"REST"},{"floor":15,"key":"REST"},{"data":"Noxious Fumes","floor":23,"key":"SMITH"},{"data":"Poisoned Stab","floor":25,"key":"SMITH"},{"floor":29,"key":"REST"},{"floor":32,"key":"REST"},{"data":"A Thousand Cuts","floor":40,"key":"SMITH"},{"data":"Bouncing Flask","floor":42,"key":"SMITH"},{"data":"Poisoned Stab","floor":44,"key":"SMITH"},{"data":"Backflip","floor":46,"key":"SMITH"},{"floor":49,"key":"REST"}],"circlet_count":0,"master_deck":["Strike_G","Strike_G","Strike_G","Strike_G","Defend_G","Defend_G","Defend_G","Defend_G","Defend_G","Survivor+1","Neutralize+1","Poisoned Stab+1","Bouncing Flask+1","Poisoned Stab+1","Leg Sweep+1","Noxious Fumes+1","Backflip+1","Backflip","Burst","Escape Plan+1","A Thousand Cuts+1","hubris:SlightOfHand+1","After Image","Escape Plan+1","Bane+1","Calculated Gamble+1"],"relics":["Ring of the Snake","Prayer Wheel","hubris:AncientText","Potion Belt","Smiling Mask","Busted Crown","hubris:ToyBattleship","Question Card","Blue Candle","MutagenicStrength","HoveringKite","hubris:Towel","hubris:Icosahedron","Anchor"],"acts_visited":["Exordium","TheCity","TheBeyond"],"potions_floor_usage":[8,8,8,16,16,16,27,33,33,33,50,50],"damage_taken":[{"damage":0,"enemies":"2 Louse","floor":1,"turns":3},{"damage":0,"enemies":"Cultist","floor":2,"turns":3},{"damage":0,"enemies":"Jaw Worm","floor":4,"turns":4},{"damage":4,"enemies":"Exordium Wildlife","floor":7,"turns":7},{"damage":27,"enemies":"3 Sentries","floor":8,"turns":9},{"damage":13,"enemies":"Lots of Slimes","floor":11,"turns":5},{"damage":0,"enemies":"Red Slaver","floor":13,"turns":4},{"damage":0,"enemies":"The Guardian","floor":16,"turns":7},{"damage":0,"enemies":"Chosen","floor":18,"turns":5},{"damage":20,"enemies":"2 Thieves","floor":19,"turns":5},{"damage":7,"enemies":"Snake Plant","floor":22,"turns":4},{"damage":1,"enemies":"Snecko","floor":24,"turns":5},{"damage":3,"enemies":"Shelled Parasite and Fungi","floor":27,"turns":6},{"damage":17,"enemies":"Cultist and Chosen","floor":28,"turns":8},{"damage":14,"enemies":"3 Cultists","floor":31,"turns":5},{"damage":30,"enemies":"hubris:MusketHawk","floor":33,"turns":10},{"damage":16,"enemies":"Orb Walker","floor":35,"turns":5},{"damage":0,"enemies":"3 Shapes","floor":36,"turns":8},{"damage":0,"enemies":"Maw","floor":39,"turns":9},{"damage":3,"enemies":"3 Darklings","floor":41,"turns":4},{"damage":0,"enemies":"4 Shapes","floor":47,"turns":6},{"damage":24,"enemies":"Transient","floor":48,"turns":5},{"damage":35,"enemies":"Awakened One","floor":50,"turns":20}],"seed_played":"3499657666345093543","potions_obtained":[{"floor":4,"key":"Block Potion"},{"floor":5,"key":"SteroidPotion"},{"floor":5,"key":"ColorlessPotion"},{"floor":5,"key":"FearPotion"},{"floor":8,"key":"ColorlessPotion"},{"floor":11,"key":"Poison Potion"},{"floor":13,"key":"ColorlessPotion"},{"floor":18,"key":"GamblersBrew"},{"floor":24,"key":"GamblersBrew"},{"floor":27,"key":"Fruit Juice"},{"floor":31,"key":"Ancient Potion"},{"floor":47,"key":"Dexterity Potion"}],"is_trial":false,"path_per_floor":["M","M","$","M","?","R","M","E","T","?","M","R","M","T","R","B",null,"M","M","$","T","M","R","M","R","T","M","M","R","?","M","R","B",null,"M","M","?","?","M","R","M","R","T","R","?","R","M","M","R","B",null],"character_chosen":"THE_SILENT","items_purchased":["Poisoned Stab","hubris:ToyBattleship"],"campfire_rested":5,"item_purchase_floors":[3,20],"current_hp_per_floor":[70,70,70,70,70,70,66,39,39,25,12,33,33,33,54,54,70,70,50,50,50,43,43,42,42,42,44,27,49,49,35,57,27,75,59,59,59,59,59,59,56,56,56,56,56,56,56,32,54,19],"gold":326,"neow_bonus":"ONE_RARE_RELIC","is_daily":false,"chose_seed":false,"campfire_upgraded":7,"win_rate":0.0,"timestamp":1612418194,"path_taken":["M","M","$","M","?","R","?","E","T","?","M","R","M","?","R","BOSS","M","M","$","?","?","R","M","R","T","M","M","R","?","M","R","BOSS","M","M","?","?","M","R","?","R","T","R","?","R","M","M","R","BOSS"],"items_purchased_type":["Card","Relic"],"build_version":"2020-12-22","purchased_purges":1,"victory":true,"max_hp_per_floor":[70,70,70,70,70,70,70,70,70,70,70,70,70,70,70,70,70,70,70,70,70,70,70,70,70,70,75,75,75,75,75,75,75,75,75,75,75,75,75,75,75,75,75,75,75,75,75,75,75,75],"card_choices":[{"not_picked":["hubris:SlightOfHand","Dodge and Roll"],"picked":"Poisoned Stab","floor":1},{"not_picked":["hubris:Counter","Setup","Expertise"],"picked":"SKIP","floor":1},{"not_picked":["hubris:Counter","Setup","Expertise"],"picked":"SKIP","floor":1},{"not_picked":["Wraith Form v2","Deadly Poison"],"picked":"Bouncing Flask","floor":2},{"not_picked":["Prepared","Dagger Throw","All Out Attack"],"picked":"SKIP","floor":2},{"not_picked":["Cloak And Dagger","Underhanded Strike","Quick Slash"],"picked":"SKIP","floor":4},{"not_picked":["Eviscerate","Acrobatics","Dagger Spray"],"picked":"SKIP","floor":4},{"not_picked":["hubris:SlightOfHand","Underhanded Strike","Blade Dance"],"picked":"SKIP","floor":7},{"not_picked":["Sucker Punch","hubris:SlightOfHand","Outmaneuver"],"picked":"SKIP","floor":7},{"not_picked":["Quick Slash","Outmaneuver"],"picked":"Leg Sweep","floor":8},{"not_picked":["Expertise","Dagger Spray","Cloak And Dagger"],"picked":"SKIP","floor":11},{"not_picked":["Cloak And Dagger","Reflex","Grand Finale"],"picked":"SKIP","floor":11},{"not_picked":["Bane","Heel Hook"],"picked":"Noxious Fumes","floor":13},{"not_picked":["Riddle With Holes","Sucker Punch","Poisoned Stab"],"picked":"SKIP","floor":13},{"not_picked":["Riddle With Holes","Sucker Punch","Poisoned Stab"],"picked":"SKIP","floor":13},{"not_picked":[],"picked":"Backflip","floor":18},{"not_picked":["Slice"],"picked":"SKIP","floor":18},{"not_picked":[],"picked":"Backflip","floor":19},{"not_picked":["Outmaneuver+1"],"picked":"SKIP","floor":19},{"not_picked":["Backflip"],"picked":"Burst","floor":22},{"not_picked":["Deflect","Poisoned Stab"],"picked":"SKIP","floor":22},{"not_picked":["Deflect"],"picked":"Escape Plan+1","floor":24},{"not_picked":["Flechettes","Sucker Punch"],"picked":"SKIP","floor":24},{"not_picked":["Prepared"],"picked":"A Thousand Cuts","floor":27},{"not_picked":["Dagger Spray+1","Backflip"],"picked":"SKIP","floor":27},{"not_picked":["Underhanded Strike","Slice"],"picked":"SKIP","floor":28},{"not_picked":["Underhanded Strike","Dash"],"picked":"SKIP","floor":28},{"not_picked":["hubris:TrickCloak"],"picked":"hubris:SlightOfHand+1","floor":31},{"not_picked":["Deflect","Flying Knee+1"],"picked":"SKIP","floor":31},{"not_picked":["A Thousand Cuts"],"picked":"After Image","floor":33},{"not_picked":["Prepared+1","Blade Dance+1"],"picked":"SKIP","floor":35},{"not_picked":["Acrobatics","hubris:Sniper+1"],"picked":"SKIP","floor":35},{"not_picked":["Finisher"],"picked":"Escape Plan+1","floor":36},{"not_picked":["Outmaneuver+1","Flying Knee+1"],"picked":"SKIP","floor":36},{"not_picked":["Underhanded Strike+1","Flying Knee"],"picked":"SKIP","floor":39},{"not_picked":["Choke","Quick Slash+1"],"picked":"SKIP","floor":39},{"not_picked":["Outmaneuver+1"],"picked":"Bane+1","floor":41},{"not_picked":["Distraction","Deflect"],"picked":"SKIP","floor":41},{"not_picked":["Bane"],"picked":"Calculated Gamble+1","floor":47},{"not_picked":["Riddle With Holes+1","Well Laid Plans"],"picked":"SKIP","floor":47},{"not_picked":["Dodge and Roll","Doppelganger"],"picked":"SKIP","floor":48},{"not_picked":["Poisoned Stab","Well Laid Plans+1"],"picked":"SKIP","floor":48}],"player_experience":1493471,"relics_obtained":[{"floor":8,"key":"hubris:AncientText"},{"floor":9,"key":"Potion Belt"},{"floor":14,"key":"Smiling Mask"},{"floor":21,"key":"Question Card"},{"floor":26,"key":"Blue Candle"},{"floor":43,"key":"Anchor"}],"event_choices":[{"damage_healed":0,"gold_gain":0,"player_choice":"Got Potions","damage_taken":0,"max_hp_gain":0,"max_hp_loss":0,"event_name":"Lab","floor":5,"gold_loss":0},{"damage_healed":0,"gold_gain":0,"player_choice":"Entered Light","damage_taken":14,"max_hp_gain":0,"max_hp_loss":0,"event_name":"Shining Light","floor":10,"gold_loss":0,"cards_upgraded":["Leg Sweep","Neutralize"]},{"damage_healed":0,"gold_gain":0,"player_choice":"Inject Mutagens","damage_taken":0,"relics_obtained":["MutagenicStrength"],"max_hp_gain":0,"max_hp_loss":0,"event_name":"Drug Dealer","floor":30,"gold_loss":0},{"damage_healed":0,"gold_gain":0,"player_choice":"Ignored","damage_taken":0,"max_hp_gain":0,"max_hp_loss":0,"event_name":"Mysterious Sphere","floor":45,"gold_loss":0}],"is_beta":false,"boss_relics":[{"not_picked":["Black Star","hubris:Backtick"],"picked":"Busted Crown"},{"not_picked":["Ring of the Serpent","hubris:CrackedHourglass"],"picked":"HoveringKite"}],"items_purged_floors":[20],"is_endless":false,"potions_floor_spawned":[4,8,11,13,18,24,27,31,47],"ascension_level":0}}