{"host":"h2977v3ax51ohsow","time":1612429210,"event":{"mods":["Act Like it!","BaseMod","Colored Powertips","Koishi","Lobotomy","LobotomyExtend","Marisa（F雨　魔理沙）","Minty Spire (QoL Compilation)","Reimu（博丽灵梦）","Remilia（蕾米莉亚）","StSLib","The Administrix","The Servant 0.9.4"],"gold_per_floor":[113,128,128,138,138,138,168,168,168,168,202,215,235,255,355,366,424,424,454,454,507,121,121,121],"floor_reached":11,"language":"ZHS","playtime":1213,"items_purged":["Strike_RM"],"score":183,"play_id":"bd3c4e4b-5448-490e-a031-2f8ac5b23e4f","local_time":"20210204170010","is_ascension_mode":true,"campfire_choices":[{"data":"ScarletShoot","floor":6,"key":"SMITH"},{"data":"BloodyHallows","floor":8,"key":"SMITH"},{"floor":10,"key":"RECALL"},{"data":"ScarletDevilSign","floor":6,"key":"SMITH"}],"circlet_count":0,"master_deck":["Strike_RM","Strike_RM","Strike_RM","Defend_RM","Defend_RM","Defend_RM","Defend_RM","RedMoon+1","ScarletShoot+1","UniverseFragment","FitfulNightmare","ScarletDevilSign+1","RedRainbow+1","BloodyHallows+1","BombardNight+1","OSAHOGD","StarOfDavid+1","FavorOfDestiny","ScarletImprint+1","Stigmanizer+1","FieryBird","LeisurelyOfLord+1","Poor:ReiMu"],"relics":["ScarletHat","CogitoBucket","Pantograph","Molten Egg 2","Bag of Preparation","SkinProphecy","LetterFromLob","Meat on the Bone","YidongShenshe:ReiMu","Incense Burner","ShedSkin_r","Heaven_r","Moonlight_r"],"acts_visited":["Exordium"],"potions_floor_usage":[11,11],"damage_taken":[{"damage":0,"enemies":"Small Slimes","floor":1,"turns":3},{"damage":0,"enemies":"2 Louse","floor":2,"turns":3},{"damage":0,"enemies":"Cultist","floor":4,"turns":5},{"damage":0,"enemies":"Gremlin Nob","floor":7,"turns":3},{"damage":42,"enemies":"Lagavulin","floor":11,"turns":5},{"damage":8,"enemies":"Blue Slaver","floor":12,"turns":14},{"damage":0,"enemies":"2 Louse","floor":1,"turns":2},{"damage":0,"enemies":"Jaw Worm","floor":2,"turns":3},{"damage":0,"enemies":"Cultist","floor":4,"turns":2},{"damage":0,"enemies":"Gremlin Nob","floor":7,"turns":2},{"damage":21,"enemies":"Lagavulin","floor":11,"turns":2}],"seed_played":"-8625723561397989027","potions_obtained":[{"floor":1,"key":"Explosive Potion"},{"floor":2,"key":"EssenceOfSteel"},{"floor":2,"key":"Regen Potion"},{"floor":2,"key":"GrandPatriotsElixir:ReiMu"},{"floor":4,"key":"PowerPotion"}],"is_trial":false,"path_per_floor":["M","M","?","M","?","R","E","R","T","R","E","M","?","M","M","?","M","?","R","E","?","T","$","E"],"character_chosen":"REMILIA","items_purchased":["Incense Burner"],"campfire_rested":0,"item_purchase_floors":[10],"current_hp_per_floor":[75,75,75,75,75,75,75,75,75,75,38,41,71,67,67,64,64,64,60,60,60,60,0,0],"gold":121,"neow_bonus":"","is_daily":false,"chose_seed":false,"campfire_upgraded":3,"win_rate":0.0,"timestamp":1612429210,"path_taken":["M","M","?","M","?","R","E","R","T","R","E","M","?","M","M","?","?","?","R","E","?","T","$","E"],"items_purchased_type":["Relic"],"build_version":"2020-12-22","purchased_purges":1,"victory":false,"max_hp_per_floor":[75,75,75,75,75,75,75,75,75,75,75,75,77,79,79,81,81,81,83,83,83,83,85,85],"card_choices":[{"not_picked":["ShyLook","OSAHOGD"],"picked":"UniverseFragment","floor":1},{"not_picked":["UnderTheZenith","DevilSight"],"picked":"FitfulNightmare","floor":1},{"not_picked":["MHz","ShyLook","DespairKnight"],"picked":"Singing Bowl","floor":2},{"not_picked":["DiffusionOfMisfortune","ChainGang"],"picked":"ScarletDevilSign","floor":2},{"not_picked":["BeautyBeast","Scorched","PunishingBird"],"picked":"Singing Bowl","floor":4},{"not_picked":["VampireKiss","EndlessAdversity"],"picked":"RedRainbow","floor":4},{"not_picked":["BigBadWolf","SpiderBud","ShyLook"],"picked":"Singing Bowl","floor":7},{"not_picked":["AfternoonTea","BloodHunter"],"picked":"BloodyHallows","floor":7},{"not_picked":["VoidDream","OldLady","WallGazer"],"picked":"Singing Bowl","floor":11},{"not_picked":["VampireSweep+1","Stigmanizer+1"],"picked":"BombardNight+1","floor":11},{"not_picked":["Scorched","Bloodbath","ShyLook"],"picked":"Singing Bowl","floor":12},{"not_picked":["Scorched","CrumblingArmor"],"picked":"OSAHOGD","floor":12},{"not_picked":["FavorOfDestiny","BombardNight+1"],"picked":"StarOfDavid+1","floor":12},{"not_picked":["SpiderBud","Alriune","BigBadWolf"],"picked":"Singing Bowl","floor":1},{"not_picked":["CharismaGuard","ForbiddenFruit"],"picked":"FavorOfDestiny","floor":1},{"not_picked":["BigBadWolf","ShyLook","CrumblingArmor"],"picked":"Singing Bowl","floor":2},{"not_picked":["VampireKiss+1","BlasphemousPunishment"],"picked":"ScarletImprint+1","floor":2},{"not_picked":["SpiderBud","Funeral","CherryBlossoms"],"picked":"Singing Bowl","floor":4},{"not_picked":["UnstableMagic","Maim"],"picked":"Stigmanizer+1","floor":4},{"not_picked":["HeroicMonk","LongBird","QueenBee"],"picked":"Singing Bowl","floor":7},{"not_picked":["BigBird","CrumblingArmor"],"picked":"FieryBird","floor":7},{"not_picked":["UnderTheZenith","EndlessAdversity+1"],"picked":"LeisurelyOfLord+1","floor":7}],"player_experience":137876,"relics_obtained":[{"floor":1,"key":"LetterFromLob"},{"floor":7,"key":"Pantograph"},{"floor":9,"key":"Molten Egg 2"},{"floor":11,"key":"Bag of Preparation"},{"floor":1,"key":"LetterFromLob"},{"floor":7,"key":"Meat on the Bone"}],"event_choices":[{"damage_healed":0,"gold_gain":0,"player_choice":"Ignored","damage_taken":0,"max_hp_gain":0,"max_hp_loss":0,"event_name":"Liars Game","floor":5,"gold_loss":0},{"damage_healed":0,"gold_gain":100,"player_choice":"Pray","damage_taken":0,"max_hp_gain":0,"max_hp_loss":0,"event_name":"Golden Shrine","floor":3,"gold_loss":0},{"damage_healed":0,"gold_gain":58,"player_choice":"Gained Gold","damage_taken":0,"max_hp_gain":0,"max_hp_loss":0,"event_name":"Golden Wing","floor":5,"gold_loss":0},{"damage_healed":0,"gold_gain":0,"player_choice":"带走神社","damage_taken":0,"relics_obtained":["YidongShenshe:ReiMu"],"max_hp_gain":0,"max_hp_loss":0,"event_name":"yidonshenshe","floor":8,"gold_loss":0,"cards_obtained":["Poor:ReiMu"]}],"is_beta":false,"boss_relics":[],"items_purged_floors":[10],"is_endless":false,"potions_floor_spawned":[1,2,2,4,7],"killed_by":"Lagavulin","ascension_level":1}}