{"host":"neeznpvpgo0qgfkd","time":1612431295,"event":{"mods":["AchievementEnabler","BaseMod","BetterRewards","Colored Map","Colored Powertips","Exacting","Minty Spire (QoL Compilation)","Permanent Neow","Quick Restart","Shop Mod"],"gold_per_floor":[113,154,182,182,182,245,245,33,33,33,55,90,129,149,149,261,261,273,129,158,188,197,231,231,146,146,146,163,193,204,244,244,339,339,352,574,574,604,619,651,651,667,667,667,705,730,756,781,781,781,781,781,64,97,97],"floor_reached":56,"language":"ENG","playtime":2795,"items_purged":[],"score":2096,"play_id":"ba4323dd-7214-44cf-ab2f-4ae03ecab2e3","local_time":"20210204043455","is_ascension_mode":true,"campfire_choices":[{"floor":7,"key":"RECALL"},{"data":"Infinite Blades","floor":10,"key":"SMITH"},{"data":"Accuracy","floor":15,"key":"SMITH"},{"floor":24,"key":"REST"},{"data":"Envenom","floor":32,"key":"SMITH"},{"data":"Accuracy","floor":41,"key":"SMITH"},{"data":"Neutralize","floor":44,"key":"SMITH"},{"data":"Dash","floor":49,"key":"SMITH"},{"data":"Dash","floor":52,"key":"SMITH"}],"circlet_count":0,"master_deck":["Strike_G","Strike_G","Strike_G","Strike_G","Strike_G","Defend_G+1","Defend_G+1","Defend_G","Defend_G","Defend_G","Survivor","Neutralize+1","Noxious Fumes","Accuracy+1","Poisoned Stab","Noxious Fumes","Blade Dance","Dash+1","Infinite Blades+1","Bane","Dash+1","Dagger Spray","Poisoned Stab","Envenom+1","Cloak And Dagger+1","Necronomicurse","Finisher","Accuracy+1","Slice+1","Blade Dance+1","Caltrops+1"],"relics":["Ring of the Snake","FossilizedHelix","Ancient Tea Set","Tingsha","Boot","Incense Burner","Tough Bandages","Pantograph","FaceOfCleric","CeramicFish","Blood Vial","StrikeDummy","Busted Crown","OrangePellets","Red Mask","Necronomicon","War Paint","Toy Ornithopter","White Beast Statue","Singing Bowl","CaptainsWheel","PreservedInsect","WristBlade","Molten Egg 2","InkBottle","Orichalcum","Frozen Egg 2","Ornamental Fan","Calipers","Lee\u0027s Waffle","Shuriken"],"acts_visited":["Exordium","TheCity","TheBeyond","TheEnding"],"potions_floor_usage":[1,11,13,13,16,23,29,29,31,38,38,38,40,50,50],"damage_taken":[{"damage":0,"enemies":"Jaw Worm","floor":1,"turns":4},{"damage":0,"enemies":"Small Slimes","floor":2,"turns":3},{"damage":10,"enemies":"Cultist","floor":3,"turns":4},{"damage":2,"enemies":"Gremlin Nob","floor":6,"turns":4},{"damage":10,"enemies":"Exordium Wildlife","floor":11,"turns":3},{"damage":10,"enemies":"2 Fungi Beasts","floor":12,"turns":3},{"damage":0,"enemies":"Lagavulin","floor":13,"turns":5},{"damage":0,"enemies":"Looter","floor":14,"turns":2},{"damage":1,"enemies":"Hexaghost","floor":16,"turns":7},{"damage":0,"enemies":"3 Byrds","floor":18,"turns":4},{"damage":4,"enemies":"Chosen","floor":20,"turns":3},{"damage":18,"enemies":"Masked Bandits","floor":21,"turns":3},{"damage":1,"enemies":"Gremlin Leader","floor":23,"turns":4},{"damage":9,"enemies":"Sentry and Sphere","floor":28,"turns":4},{"damage":7,"enemies":"Slavers","floor":29,"turns":4},{"damage":10,"enemies":"Cultist and Chosen","floor":30,"turns":5},{"damage":0,"enemies":"Gremlin Leader","floor":31,"turns":5},{"damage":0,"enemies":"Automaton","floor":33,"turns":7},{"damage":0,"enemies":"Orb Walker","floor":35,"turns":3},{"damage":9,"enemies":"3 Darklings","floor":38,"turns":5},{"damage":0,"enemies":"Writhing Mass","floor":39,"turns":4},{"damage":9,"enemies":"Reptomancer","floor":40,"turns":5},{"damage":0,"enemies":"Maw","floor":42,"turns":5},{"damage":0,"enemies":"Giant Head","floor":45,"turns":5},{"damage":0,"enemies":"Sphere and 2 Shapes","floor":46,"turns":4},{"damage":5,"enemies":"Nemesis","floor":47,"turns":4},{"damage":18,"enemies":"4 Shapes","floor":48,"turns":4},{"damage":34,"enemies":"Donu and Deca","floor":50,"turns":8},{"damage":22,"enemies":"Shield and Spear","floor":54,"turns":4},{"damage":108,"enemies":"The Heart","floor":55,"turns":8}],"seed_played":"-3221324914756355040","potions_obtained":[{"floor":3,"key":"Explosive Potion"},{"floor":6,"key":"SteroidPotion"},{"floor":12,"key":"Strength Potion"},{"floor":14,"key":"ColorlessPotion"},{"floor":18,"key":"SteroidPotion"},{"floor":20,"key":"EssenceOfSteel"},{"floor":23,"key":"Energy Potion"},{"floor":28,"key":"Explosive Potion"},{"floor":29,"key":"Weak Potion"},{"floor":30,"key":"SteroidPotion"},{"floor":31,"key":"Explosive Potion"},{"floor":38,"key":"Weak Potion"},{"floor":39,"key":"Regen Potion"},{"floor":40,"key":"Fruit Juice"},{"floor":42,"key":"SpeedPotion"},{"floor":54,"key":"Fire Potion"}],"is_trial":false,"path_per_floor":["M","M","M","?","?","E","R","$","T","R","M","M","E","M","R","B",null,"M","$","M","?","?","E","R","?","T","?","M","E","M","E","R","B",null,"M","?","?","M","M","E","R","M","T","R","E","M","E","M","R","B",null,"R","$","E","B",null],"character_chosen":"THE_SILENT","items_purchased":["FossilizedHelix","Ancient Tea Set","Noxious Fumes","Boot","Accuracy","Pantograph","Fruit Juice","Blood Vial","Infinite Blades","OrangePellets","Ornamental Fan","Calipers","Lee\u0027s Waffle","Caltrops+1"],"campfire_rested":1,"item_purchase_floors":[0,0,0,0,0,0,0,8,8,19,53,53,53,53],"current_hp_per_floor":[75,75,65,65,65,64,64,64,64,64,57,50,64,67,67,80,81,82,82,79,64,48,50,75,75,75,75,69,87,82,90,90,96,96,99,99,99,93,98,104,104,109,109,109,112,115,115,102,102,112,122,122,132,113,28],"gold":97,"neow_bonus":"","is_daily":false,"chose_seed":false,"campfire_upgraded":7,"win_rate":0.0,"timestamp":1612431295,"path_taken":["M","M","M","?","?","E","R","$","T","R","?","M","E","M","R","BOSS","M","$","M","?","?","E","R","?","T","?","M","E","M","E","R","BOSS","M","?","?","M","M","E","R","M","T","R","E","M","E","M","R","BOSS","R","$","E","BOSS"],"items_purchased_type":["Relic","Relic","Card","Relic","Card","Relic","Potion","Relic","Card","Relic","Relic","Relic","Relic","Card"],"build_version":"2020-12-22","purchased_purges":0,"victory":true,"max_hp_per_floor":[75,75,75,75,75,76,76,76,76,76,77,78,79,80,80,81,81,82,82,83,84,84,85,85,85,85,85,86,89,92,93,93,96,96,99,99,99,102,105,113,113,116,116,116,117,118,121,124,124,125,125,125,132,135,136],"card_choices":[{"not_picked":["Deadly Poison","Calculated Gamble"],"picked":"Poisoned Stab","floor":1},{"not_picked":["Backflip","Underhanded Strike"],"picked":"Noxious Fumes","floor":2},{"not_picked":["All Out Attack","Sucker Punch"],"picked":"Blade Dance","floor":3},{"not_picked":["Well Laid Plans","Venomology"],"picked":"Dash","floor":6},{"not_picked":["Tactician","Backflip"],"picked":"Bane","floor":11},{"not_picked":["Tactician","Prepared"],"picked":"Dash","floor":12},{"not_picked":["Prepared","Poisoned Stab"],"picked":"Dagger Spray","floor":13},{"not_picked":["Quick Slash","Dagger Spray"],"picked":"Poisoned Stab","floor":14},{"not_picked":["Unload","Glass Knife"],"picked":"Envenom","floor":16},{"not_picked":["Deflect"],"picked":"SKIP","floor":18},{"not_picked":[],"picked":"Cloak And Dagger+1","floor":20},{"not_picked":[],"picked":"Finisher","floor":23},{"not_picked":["PiercingWail"],"picked":"SKIP","floor":28},{"not_picked":["Concentrate+1"],"picked":"Singing Bowl","floor":29},{"not_picked":["Tactician"],"picked":"Singing Bowl","floor":30},{"not_picked":[],"picked":"Accuracy","floor":31},{"not_picked":["Doppelganger"],"picked":"Singing Bowl","floor":33},{"not_picked":["Quick Slash"],"picked":"Singing Bowl","floor":35},{"not_picked":["Poisoned Stab+1"],"picked":"Singing Bowl","floor":38},{"not_picked":["Poisoned Stab"],"picked":"Singing Bowl","floor":39},{"not_picked":["Choke+1"],"picked":"Singing Bowl","floor":40},{"not_picked":["Deadly Poison+1"],"picked":"Singing Bowl","floor":42},{"not_picked":[],"picked":"Slice+1","floor":45},{"not_picked":[],"picked":"Blade Dance+1","floor":46},{"not_picked":["Backflip"],"picked":"Singing Bowl","floor":47},{"not_picked":["Expertise+1"],"picked":"Singing Bowl","floor":48},{"not_picked":["Distraction+1"],"picked":"Singing Bowl","floor":54}],"player_experience":1301520,"relics_obtained":[{"floor":6,"key":"CeramicFish"},{"floor":13,"key":"StrikeDummy"},{"floor":21,"key":"Red Mask"},{"floor":22,"key":"Necronomicon"},{"floor":23,"key":"War Paint"},{"floor":26,"key":"White Beast Statue"},{"floor":29,"key":"Singing Bowl"},{"floor":31,"key":"CaptainsWheel"},{"floor":33,"key":"PreservedInsect"},{"floor":40,"key":"Molten Egg 2"},{"floor":43,"key":"InkBottle"},{"floor":45,"key":"Orichalcum"},{"floor":47,"key":"Frozen Egg 2"},{"floor":54,"key":"Shuriken"}],"event_choices":[{"damage_healed":0,"gold_gain":0,"player_choice":"Leave","damage_taken":0,"max_hp_gain":0,"max_hp_loss":0,"event_name":"The Cleric","floor":4,"gold_loss":0},{"damage_healed":0,"gold_gain":0,"player_choice":"Trade","damage_taken":0,"relics_obtained":["FaceOfCleric"],"max_hp_gain":0,"max_hp_loss":0,"event_name":"FaceTrader","floor":5,"gold_loss":0},{"damage_healed":0,"gold_gain":0,"player_choice":"Fought Bandits","damage_taken":0,"max_hp_gain":0,"max_hp_loss":0,"event_name":"Masked Bandits","floor":21,"gold_loss":0},{"damage_healed":0,"gold_gain":0,"player_choice":"Obtained Book","damage_taken":16,"max_hp_gain":0,"max_hp_loss":0,"event_name":"Cursed Tome","floor":22,"gold_loss":0},{"damage_healed":0,"gold_gain":0,"player_choice":"Obtained Relic","damage_taken":0,"relics_obtained":["Toy Ornithopter"],"max_hp_gain":0,"max_hp_loss":0,"event_name":"Addict","floor":25,"gold_loss":85},{"damage_healed":0,"gold_gain":0,"player_choice":"Ignored","damage_taken":0,"max_hp_gain":0,"max_hp_loss":0,"event_name":"Ghosts","floor":27,"gold_loss":0},{"damage_healed":0,"gold_gain":222,"player_choice":"Wore Mask","damage_taken":0,"max_hp_gain":0,"max_hp_loss":0,"event_name":"Tomb of Lord Red Mask","floor":36,"gold_loss":0},{"damage_healed":0,"gold_gain":0,"player_choice":"Bought 0 Potions","damage_taken":0,"max_hp_gain":0,"max_hp_loss":0,"event_name":"The Woman in Blue","floor":37,"gold_loss":0}],"is_beta":false,"boss_relics":[{"not_picked":["Snecko Eye","Pandora\u0027s Box"],"picked":"Busted Crown"},{"not_picked":["Philosopher\u0027s Stone","SacredBark"],"picked":"WristBlade"}],"items_purged_floors":[],"is_endless":false,"potions_floor_spawned":[3,6,12,14,20,23,28,29,30,31,33,35,38,39,40,42,45,46,47,48,54],"ascension_level":5}}