{"host":"eebsr5bfap1y39p2","time":1612423499,"event":{"mods":["AchievementEnabler","BaseMod","Colored Map","Minty Spire (QoL Compilation)","StSLib","SuperFastMode"],"gold_per_floor":[113,113,126,145,70,70,89,171,171,171,200,100,129,159,171,285,297,325,352,364,390,327,339,339],"floor_reached":23,"language":"KOR","playtime":574,"items_purged":["Defend_P","Strike_P"],"score":302,"play_id":"6a816c0c-4997-4d19-8c2f-5dc76264353c","local_time":"20210204022459","is_ascension_mode":true,"campfire_choices":[{"data":"Eruption","floor":6.0,"key":"SMITH"},{"data":"FearNoEvil","floor":10.0,"key":"SMITH"},{"floor":15.0,"key":"REST"}],"circlet_count":0,"master_deck":["AscendersBane","Strike_P","Strike_P","Defend_P","Defend_P","Defend_P","Eruption+1","Vigilance","FlurryOfBlows","FearNoEvil+1"],"relics":["PureWater","Mango","HornCleat","TungstenRod","Blood Vial","MawBank","VioletLotus"],"acts_visited":["Exordium","TheCity"],"potions_floor_usage":[21,23],"damage_taken":[{"damage":5.0,"enemies":"Jaw Worm","floor":1.0,"turns":4.0},{"damage":2.0,"enemies":"Cultist","floor":3.0,"turns":3.0},{"damage":1.0,"enemies":"2 Louse","floor":4.0,"turns":2.0},{"damage":0.0,"enemies":"Exordium Wildlife","floor":7.0,"turns":2.0},{"damage":17.0,"enemies":"Gremlin Nob","floor":11.0,"turns":3.0},{"damage":27.0,"enemies":"3 Sentries","floor":13.0,"turns":6.0},{"damage":0.0,"enemies":"2 Fungi Beasts","floor":14.0,"turns":2.0},{"damage":13.0,"enemies":"Hexaghost","floor":16.0,"turns":7.0},{"damage":0.0,"enemies":"Spheric Guardian","floor":18.0,"turns":3.0},{"damage":24,"enemies":"Shell Parasite","floor":19,"turns":8},{"damage":34,"enemies":"Snake Plant","floor":21,"turns":6},{"damage":20,"enemies":"Gremlin Leader","floor":23,"turns":5}],"seed_played":"5123492471021823204","potions_obtained":[{"floor":4.0,"key":"SkillPotion"},{"floor":14.0,"key":"CultistPotion"},{"floor":16.0,"key":"BlessingOfTheForge"},{"floor":19,"key":"DistilledChaos"}],"is_trial":false,"path_per_floor":["M","?","M","M","$","R","M","T","T","R","E","$","E","M","R","B",null,"M","M","$","M","?","E"],"character_chosen":"WATCHER","items_purchased":[],"campfire_rested":1,"item_purchase_floors":[],"current_hp_per_floor":[74,74,72,71,71,71,71,71,71,71,54,54,29,31,54,43,70,72,50,50,18,18,0,0],"gold":339,"neow_bonus":"ONE_RARE_RELIC","is_daily":false,"chose_seed":false,"campfire_upgraded":2,"win_rate":0.0,"timestamp":1612423499,"path_taken":["M","?","M","?","$","R","M","?","T","R","E","?","E","M","R","BOSS","M","M","$","M","?","E"],"items_purchased_type":[],"build_version":"2020-12-22","purchased_purges":2,"victory":false,"max_hp_per_floor":[79,79,79,79,79,79,79,79,79,79,79,79,79,79,79,79,79,79,79,79,79,79,79,79],"card_choices":[{"not_picked":["Prostrate","Consecrate"],"picked":"FlurryOfBlows","floor":1.0},{"not_picked":["CrushJoints","Consecrate","Evaluate"],"picked":"SKIP","floor":3.0},{"not_picked":["Crescendo","FlurryOfBlows","JustLucky"],"picked":"SKIP","floor":4.0},{"not_picked":["EmptyMind","JustLucky","Halt"],"picked":"SKIP","floor":7.0},{"not_picked":["Fasting2","Worship","Nirvana"],"picked":"SKIP","floor":11.0},{"not_picked":["Sanctity","Halt","CutThroughFate"],"picked":"SKIP","floor":13.0},{"not_picked":["EmptyFist","TalkToTheHand","CarveReality"],"picked":"SKIP","floor":14.0},{"not_picked":["CrushJoints","FlyingSleeves","EmptyFist+1"],"picked":"SKIP","floor":18.0},{"not_picked":["Evaluate","Wallop","SashWhip"],"picked":"SKIP","floor":19},{"not_picked":["EmptyFist","FlyingSleeves+1","WindmillStrike"],"picked":"SKIP","floor":21}],"player_experience":403689,"relics_obtained":[{"floor":8.0,"key":"HornCleat"},{"floor":9.0,"key":"TungstenRod"},{"floor":11.0,"key":"Blood Vial"},{"floor":13.0,"key":"MawBank"}],"event_choices":[{"damage_healed":0.0,"max_hp_gain":0.0,"max_hp_loss":0.0,"gold_gain":0.0,"event_name":"Match and Keep!","player_choice":"1 cards matched","floor":2.0,"gold_loss":0.0,"damage_taken":0.0,"cards_obtained":["FearNoEvil"]},{"cards_removed":["Strike_P"],"damage_healed":0,"gold_gain":0,"player_choice":"Gave Gold","damage_taken":0,"max_hp_gain":0,"max_hp_loss":0,"event_name":"Beggar","floor":22,"gold_loss":75}],"is_beta":false,"boss_relics":[{"not_picked":["Philosopher\u0027s Stone","Fusion Hammer"],"picked":"VioletLotus"}],"items_purged_floors":[5,12],"is_endless":false,"potions_floor_spawned":[4,14,16,19],"killed_by":"Gremlin Leader","ascension_level":10}}