{"host":"8d3fefv2347kqkpz","time":1612438290,"event":{"mods":["AchievementEnabler","Act Like it!","Aspiration","BaseMod","Better Vampires","Colored Map","Colored Powertips","Conspire","GifTheSpireLib","Highlight Path","Hubris","Mimic Mod","Minty Spire (QoL Compilation)","Quick Restart","Rare Cards Sparkle","Relic Stats","Replay The Spire","Spicy Shops","StSLib","The Jungle","Waifu the Spire"],"gold_per_floor":[113,131,131,8,199,224,234,262,286,286,299,299,312,325,325,451,451,475,491,95,195,216,216,250,250,250,274,274,274,320,334,334,334,334],"floor_reached":33,"language":"ZHS","playtime":1149,"items_purged":["Strike_R","Strike_R"],"score":317,"play_id":"187dc402-d65c-4578-962c-957d6c887a40","local_time":"20210204193130","is_ascension_mode":true,"campfire_choices":[{"data":"Armaments","floor":10.0,"key":"SMITH"},{"floor":15.0,"key":"REST"},{"data":"Flex","floor":23,"key":"SMITH"},{"floor":32,"key":"REST"}],"circlet_count":0,"master_deck":["Strike_R","Strike_R","Defend_R","Defend_R","Defend_R","Defend_R","Bash","Inflame+1","hubris:ReadiedAction","Armaments+1","Sword Boomerang","hubris:SharpeningStone","Spot Weakness","Flex+1","Metallicize","Impervious+1","Headbutt+1","ReplayTheSpireMod:Muscle Training","Heavy Blade+1","hubris:Compulsion","conspire:NecroticWound"],"relics":["Burning Blood","NeowsBlessing","Mummified Hand","Bag of Marbles","hubris:OldNail","Golden Idol","Cursed Key","Guide Book","PreservedInsect","conspire:Boomerang","Pear","conspire:DeflatedDodgeball","Nunchaku"],"acts_visited":["Exordium","TheCity"],"potions_floor_usage":[24,33,33,33],"damage_taken":[{"damage":0.0,"enemies":"conspire:RoseBush","floor":1.0,"turns":1.0},{"damage":0.0,"enemies":"Jaw Worm","floor":2.0,"turns":1.0},{"damage":0.0,"enemies":"3 Sentries","floor":6.0,"turns":2.0},{"damage":0.0,"enemies":"Cultist","floor":7.0,"turns":3.0},{"damage":21.0,"enemies":"Lagavulin","floor":8.0,"turns":6.0},{"damage":9.0,"enemies":"Blue Slaver","floor":11.0,"turns":3.0},{"damage":8.0,"enemies":"Lots of Slimes","floor":13.0,"turns":5.0},{"damage":1.0,"enemies":"2 Fungi Beasts","floor":14.0,"turns":2.0},{"damage":40.0,"enemies":"The Guardian","floor":16.0,"turns":8.0},{"damage":6.0,"enemies":"Chosen","floor":18.0,"turns":5.0},{"damage":3,"enemies":"conspire:FuzzyDice","floor":19,"turns":4},{"damage":23,"enemies":"Snake Plant","floor":22,"turns":6},{"damage":47,"enemies":"Gremlin Leader","floor":24,"turns":7},{"damage":11,"enemies":"Centurion and Healer","floor":27,"turns":3},{"damage":10,"enemies":"Chosen and Byrds","floor":31,"turns":3},{"damage":72,"enemies":"Collector","floor":33,"turns":5}],"seed_played":"-8557460431575051586","potions_obtained":[{"floor":6.0,"key":"GamblersBrew"},{"floor":7.0,"key":"LifebloodPotion"},{"floor":14.0,"key":"ElixirPotion"},{"floor":24,"key":"EntropicBrew"},{"floor":31,"key":"BloodPotion"}],"is_trial":false,"path_per_floor":["M","M","?","$","?","E","M","E","T","R","M","?","M","M","R","B",null,"M","M","$","?","M","R","E","?","T","M","?","$","T","M","R","B"],"character_chosen":"IRONCLAD","items_purchased":["hubris:ReadiedAction","Guide Book","PreservedInsect"],"campfire_rested":2,"item_purchase_floors":[4,20,20],"current_hp_per_floor":[80,80,80,80,60,66,72,57,57,57,54,34,32,37,61,27,80,80,80,80,80,63,63,22,32,32,27,27,27,27,23,50,0,0],"gold":334,"neow_bonus":"THREE_ENEMY_KILL","is_daily":false,"chose_seed":false,"campfire_upgraded":2,"win_rate":0.0,"timestamp":1612438290,"path_taken":["M","M","?","?","?","E","M","E","T","R","M","?","M","?","R","BOSS","M","M","$","?","?","R","E","?","T","?","?","?","?","M","R","BOSS"],"items_purchased_type":["Card","Relic","Relic"],"build_version":"2020-12-22","purchased_purges":2,"victory":false,"max_hp_per_floor":[80,80,80,80,80,80,80,80,80,80,80,80,80,80,80,80,80,80,80,80,80,80,80,80,90,90,90,90,90,90,90,90,90,90],"relic_stats":{"Nunchaku":[1],"counters":[16,64],"Mummified Hand":[24],"Golden Idol":58,"PreservedInsect":46,"Cursed Key":2,"obtain_stats":[{"Pear":25,"NeowsBlessing":0,"Golden Idol":12,"Guide Book":20,"PreservedInsect":20,"conspire:Boomerang":24,"Cursed Key":17,"Burning Blood":0,"Nunchaku":30,"Mummified Hand":6,"Bag of Marbles":8,"conspire:DeflatedDodgeball":26,"hubris:OldNail":9},{"Pear":13,"NeowsBlessing":0,"Golden Idol":6,"Guide Book":11,"PreservedInsect":11,"conspire:Boomerang":13,"Cursed Key":9,"Burning Blood":0,"Nunchaku":14,"Mummified Hand":3,"Bag of Marbles":5,"conspire:DeflatedDodgeball":13,"hubris:OldNail":5},{"Pear":53,"NeowsBlessing":0,"Golden Idol":16,"Guide Book":40,"PreservedInsect":40,"conspire:Boomerang":53,"Cursed Key":31,"Burning Blood":0,"Nunchaku":56,"Mummified Hand":4,"Bag of Marbles":13,"conspire:DeflatedDodgeball":53,"hubris:OldNail":13}],"Burning Blood":75},"card_choices":[{"not_picked":["Havoc","Run Through","True Grit"],"picked":"SKIP","floor":1.0},{"not_picked":["Blood for Blood","Flame Barrier"],"picked":"Inflame","floor":2.0},{"not_picked":["Warcry","Headbutt"],"picked":"Armaments","floor":5.0},{"not_picked":["Flame Barrier","Shrug It Off","Corruption"],"picked":"SKIP","floor":6.0},{"not_picked":["Run Through","Warcry"],"picked":"Sword Boomerang","floor":7.0},{"not_picked":["Thunderclap","True Grit"],"picked":"hubris:SharpeningStone","floor":8.0},{"not_picked":["Rage","Anger"],"picked":"Spot Weakness","floor":11.0},{"not_picked":["Perfected Strike","Armaments"],"picked":"Flex","floor":13.0},{"not_picked":["Sword Boomerang","Iron Wave"],"picked":"Metallicize","floor":14.0},{"not_picked":["Immolate","Double Tap"],"picked":"Impervious","floor":16.0},{"not_picked":["Iron Wave","Feel No Pain"],"picked":"Headbutt+1","floor":18.0},{"not_picked":["Run Through","Whirlwind"],"picked":"ReplayTheSpireMod:Muscle Training","floor":19},{"not_picked":["Anger","ReplayTheSpireMod:LeadingStrike","Demonic Infusion"],"picked":"SKIP","floor":22},{"not_picked":["Flame Barrier+1","Bloodletting"],"picked":"Heavy Blade+1","floor":24},{"not_picked":["Iron Wave","Replay:Undeath\u0027s Touch","Warcry"],"picked":"SKIP","floor":27},{"not_picked":["ReplayTheSpireMod:Muscle Training","Sentinel","Sword Boomerang"],"picked":"SKIP","floor":31}],"player_experience":248221,"relics_obtained":[{"floor":6.0,"key":"Mummified Hand"},{"floor":8.0,"key":"Bag of Marbles"},{"floor":9.0,"key":"hubris:OldNail"},{"floor":24,"key":"conspire:Boomerang"},{"floor":26,"key":"conspire:DeflatedDodgeball"},{"floor":30,"key":"Nunchaku"}],"event_choices":[{"cards_removed":["Strike_R"],"damage_healed":0.0,"max_hp_gain":0.0,"max_hp_loss":0.0,"gold_gain":0.0,"event_name":"Bonfire Elementals","player_choice":"Offered Basic","floor":3.0,"gold_loss":0.0,"damage_taken":0.0},{"damage_healed":0.0,"max_hp_gain":0.0,"max_hp_loss":0.0,"gold_gain":0.0,"event_name":"Golden Idol","player_choice":"Take Damage","floor":12.0,"gold_loss":0.0,"damage_taken":20.0,"relics_obtained":["Golden Idol"]},{"damage_healed":0,"gold_gain":100,"player_choice":"Pray","damage_taken":0,"max_hp_gain":0,"max_hp_loss":0,"event_name":"Golden Shrine","floor":21,"gold_loss":0},{"damage_healed":0,"gold_gain":0,"player_choice":"Gave Potion","damage_taken":0,"relics_obtained":["Pear"],"max_hp_gain":0,"max_hp_loss":0,"event_name":"WeMeetAgain","floor":25,"gold_loss":0},{"damage_healed":0,"gold_gain":0,"player_choice":"Ignored","damage_taken":0,"max_hp_gain":0,"max_hp_loss":0,"event_name":"Ghosts","floor":28,"gold_loss":0}],"is_beta":false,"boss_relics":[{"not_picked":["aspiration:FutureDiary","Replay:Grab Bag"],"picked":"Cursed Key"}],"items_purged_floors":[4,20],"is_endless":false,"potions_floor_spawned":[6,7,11,14,24,31],"killed_by":"Collector","ascension_level":1}}