{"host":"kxz5izodaorfb9am","time":1612476243,"event":{"mods":["BaseMod","GifTheSpireLib","Minty Spire (QoL Compilation)","Shop Mod","StSLib"],"gold_per_floor":[115,40,40,54,54,85,85,95,95,95,95,95,120,120,120,219,219,235,235,235,135,163,194,211,211,211,211,211,211,211],"floor_reached":29,"language":"ENG","playtime":1302,"items_purged":["Strike_R","Pain"],"score":297,"play_id":"0fb19f60-6068-49b9-bbce-43492b35f90e","local_time":"20210204230403","is_ascension_mode":true,"campfire_choices":[{"data":"True Grit","floor":10,"key":"SMITH"},{"data":"Intimidate","floor":12,"key":"SMITH"},{"data":"Armaments","floor":15,"key":"SMITH"},{"data":"Rage","floor":25,"key":"SMITH"},{"data":"Inflame","floor":27,"key":"SMITH"}],"circlet_count":0,"master_deck":["Strike_R","Strike_R","Strike_R","Defend_R","Defend_R","Defend_R","Defend_R","Bash","True Grit+1","Intimidate+1","Armaments+1","Impervious","RitualDagger","Inflame+1","Rage+1"],"relics":["Burning Blood","NeowsBlessing","WarpedTongs","Mercury Hourglass","Ancient Tea Set","Akabeko","Philosopher\u0027s Stone","Red Mask","Oddly Smooth Stone","WingedGreaves"],"acts_visited":["Exordium","TheCity"],"potions_floor_usage":[13,16,16,22,23],"damage_taken":[{"damage":0,"enemies":"Small Slimes","floor":1,"turns":1},{"damage":0,"enemies":"Cultist","floor":4,"turns":1},{"damage":0,"enemies":"3 Sentries","floor":6,"turns":1},{"damage":4,"enemies":"2 Louse","floor":8,"turns":3},{"damage":28,"enemies":"Lagavulin","floor":13,"turns":7},{"damage":25,"enemies":"The Guardian","floor":16,"turns":14},{"damage":8,"enemies":"Chosen","floor":18,"turns":5},{"damage":0,"enemies":"Masked Bandits","floor":22,"turns":4},{"damage":34,"enemies":"Slavers","floor":23,"turns":8},{"damage":10,"enemies":"Shell Parasite","floor":24,"turns":6},{"damage":46,"enemies":"Book of Stabbing","floor":29,"turns":7}],"seed_played":"-7688020426931773869","potions_obtained":[{"floor":4,"key":"Swift Potion"},{"floor":8,"key":"Swift Potion"},{"floor":13,"key":"FearPotion"},{"floor":16,"key":"AttackPotion"},{"floor":18,"key":"Block Potion"}],"is_trial":false,"path_per_floor":["M","$","?","M","?","E","$","M","T","R","$","R","E","?","R","B",null,"M","?","?","$","?","E","M","R","T","R","?","E"],"character_chosen":"IRONCLAD","items_purchased":[],"campfire_rested":0,"item_purchase_floors":[],"current_hp_per_floor":[80,80,80,80,80,80,80,80,80,80,80,80,58,58,58,39,80,78,78,72,72,78,50,46,46,46,46,46,0,0],"gold":211,"neow_bonus":"THREE_ENEMY_KILL","is_daily":false,"chose_seed":false,"campfire_upgraded":5,"win_rate":0.0,"timestamp":1612476243,"path_taken":["M","$","?","?","?","E","?","?","T","R","$","R","E","?","R","BOSS","M","?","?","$","?","E","M","R","T","R","?","E"],"items_purchased_type":[],"build_version":"2020-12-22","purchased_purges":2,"victory":false,"max_hp_per_floor":[80,80,80,80,80,80,80,80,80,80,80,80,80,80,80,80,80,80,80,80,80,80,80,80,80,80,80,80,80,80],"card_choices":[{"not_picked":["Iron Wave","Second Wind","Rupture"],"picked":"SKIP","floor":1},{"not_picked":["Carnage","Dual Wield"],"picked":"True Grit","floor":4},{"not_picked":["Exhume","Dropkick"],"picked":"Intimidate","floor":6},{"not_picked":["Carnage","Anger","Twin Strike"],"picked":"SKIP","floor":8},{"not_picked":["Combust","Heavy Blade"],"picked":"Armaments","floor":13},{"not_picked":["Brutality","Bludgeon"],"picked":"Impervious","floor":16},{"not_picked":["Twin Strike+1","Seeing Red","Burning Pact"],"picked":"SKIP","floor":18},{"not_picked":["Rupture","Perfected Strike+1"],"picked":"Inflame","floor":22},{"not_picked":["Pummel","Armaments","Blood for Blood"],"picked":"SKIP","floor":23},{"not_picked":["Warcry","Hemokinesis"],"picked":"Rage","floor":24}],"player_experience":279132,"relics_obtained":[{"floor":6,"key":"Mercury Hourglass"},{"floor":9,"key":"Ancient Tea Set"},{"floor":13,"key":"Akabeko"},{"floor":22,"key":"Red Mask"},{"floor":23,"key":"Oddly Smooth Stone"},{"floor":26,"key":"WingedGreaves"}],"event_choices":[{"damage_healed":0,"gold_gain":0,"player_choice":"Rummage","damage_taken":0,"relics_obtained":["WarpedTongs"],"max_hp_gain":0,"max_hp_loss":0,"event_name":"Accursed Blacksmith","floor":3,"gold_loss":0,"cards_obtained":["Pain"]},{"damage_healed":0,"gold_gain":0,"player_choice":"Bought 0 Potions","damage_taken":0,"max_hp_gain":0,"max_hp_loss":0,"event_name":"The Woman in Blue","floor":5,"gold_loss":0},{"damage_healed":0,"gold_gain":0,"player_choice":"Ignored","damage_taken":0,"max_hp_gain":0,"max_hp_loss":0,"event_name":"Liars Game","floor":14,"gold_loss":0},{"damage_healed":0,"gold_gain":0,"player_choice":"Ignored","damage_taken":0,"max_hp_gain":0,"max_hp_loss":0,"event_name":"Ghosts","floor":19,"gold_loss":0},{"damage_healed":0,"gold_gain":0,"player_choice":"Joined the Cult","damage_taken":6,"max_hp_gain":0,"max_hp_loss":0,"event_name":"Nest","floor":20,"gold_loss":0,"cards_obtained":["RitualDagger"]},{"damage_healed":0,"gold_gain":0,"player_choice":"Fought Bandits","damage_taken":0,"max_hp_gain":0,"max_hp_loss":0,"event_name":"Masked Bandits","floor":22,"gold_loss":0},{"cards_removed":["Strike_R"],"damage_healed":0,"gold_gain":0,"player_choice":"Offered Basic","damage_taken":0,"max_hp_gain":0,"max_hp_loss":0,"event_name":"Bonfire Elementals","floor":28,"gold_loss":0}],"is_beta":false,"boss_relics":[{"not_picked":["Ectoplasm","Empty Cage"],"picked":"Philosopher\u0027s Stone"}],"items_purged_floors":[2,21],"is_endless":false,"potions_floor_spawned":[4,8,13,16,18],"killed_by":"Book of Stabbing","ascension_level":2}}