{"host":"vt6dr1xq3iy14a3e","time":1612459605,"event":{"mods":["AchievementEnabler","BaseMod","Colored Map","DeckTracker","Minty Spire (QoL Compilation)","StSLib","SuperFastMode"],"gold_per_floor":[144,144,189,234,279,369,369,414,414,459,504,549,624,49,49,349,349,394,439,48,93,138,228,228,318,368,368,413,458,503,548,548,848,848,893,938,248,293,593,683,483,83,83,83,173,0,45,90,90,90],"floor_reached":51,"language":"KOR","playtime":3133,"items_purged":["Pain"],"score":1032,"play_id":"13bad82f-49bf-48fa-b8d3-b91c7a022273","local_time":"20210205022645","daily_mods":["Insanity","Red Cards","Midas"],"is_ascension_mode":false,"campfire_choices":[{"floor":7.0,"key":"REST"},{"floor":15.0,"key":"REST"},{"floor":24.0,"key":"REST"},{"floor":27.0,"key":"REST"},{"floor":32.0,"key":"REST"},{"floor":49,"key":"REST"}],"circlet_count":0,"master_deck":["Stack","Flex","Shrug It Off","Fire Breathing","Rip and Tear","Havoc","Bloodletting","Disarm","Anger","Flex","Barrage","Warcry","Barrage","Go for the Eyes+1","Hello World","Dual Wield","Steam","Leap","Blood for Blood","Warcry","Metallicize","Shrug It Off","Flame Barrier","Shrug It Off","Reckless Charge","Conserve Battery","Clothesline","Clothesline","Barrage","Wild Strike","Genetic Algorithm","Shrug It Off","Hologram","Cleave","Cold Snap","Force Field","Loop","Scrape+1","Whirlwind","Undo","Chaos","Chaos","Warcry","Ball Lightning","Heavy Blade","Tempest","Clash","Double Energy","Warcry","Rebound","Armaments","BootSequence","Seek","Mind Blast+1","Havoc+1","Coolheaded+1","Dark Embrace","All For One+1","Body Slam+1","Mind Blast+1","Secret Weapon","Capacitor","Demon Form","Seeing Red+1"],"relics":["Cracked Core","WarpedTongs","Gremlin Horn","Cables","Molten Egg 2","Eternal Feather","Philosopher\u0027s Stone","HandDrill","Whetstone","Orichalcum","Happy Flower","Bronze Scales","SacredBark","Shuriken","Bag of Marbles","Ornamental Fan","Anchor","ClockworkSouvenir","Blue Candle","InkBottle","The Courier","Red Mask"],"acts_visited":["Exordium","TheCity","TheBeyond"],"potions_floor_usage":[40,50,50,50],"damage_taken":[{"damage":0.0,"enemies":"Small Slimes","floor":1.0,"turns":3.0},{"damage":3.0,"enemies":"Cultist","floor":3.0,"turns":3.0},{"damage":0.0,"enemies":"2 Louse","floor":4.0,"turns":2.0},{"damage":0.0,"enemies":"Exordium Thugs","floor":5.0,"turns":4.0},{"damage":11.0,"enemies":"3 Sentries","floor":6.0,"turns":4.0},{"damage":0.0,"enemies":"Looter","floor":8.0,"turns":2.0},{"damage":4.0,"enemies":"Large Slime","floor":10.0,"turns":6.0},{"damage":0.0,"enemies":"Exordium Wildlife","floor":11.0,"turns":2.0},{"damage":0.0,"enemies":"3 Louse","floor":12.0,"turns":2.0},{"damage":21.0,"enemies":"Hexaghost","floor":16.0,"turns":7.0},{"damage":2.0,"enemies":"Shell Parasite","floor":18.0,"turns":3.0},{"damage":3.0,"enemies":"3 Byrds","floor":19.0,"turns":5.0},{"damage":0.0,"enemies":"Snake Plant","floor":21.0,"turns":2.0},{"damage":0.0,"enemies":"Sentry and Sphere","floor":22.0,"turns":3.0},{"damage":3.0,"enemies":"Slavers","floor":23.0,"turns":4.0},{"damage":7.0,"enemies":"Book of Stabbing","floor":25.0,"turns":4.0},{"damage":0.0,"enemies":"Chosen and Byrds","floor":28.0,"turns":2.0},{"damage":0.0,"enemies":"Shelled Parasite and Fungi","floor":29.0,"turns":2.0},{"damage":0.0,"enemies":"Snake Plant","floor":30.0,"turns":2.0},{"damage":3.0,"enemies":"Snecko","floor":31.0,"turns":3.0},{"damage":49.0,"enemies":"Collector","floor":33.0,"turns":8.0},{"damage":0,"enemies":"Orb Walker","floor":35,"turns":3},{"damage":0,"enemies":"3 Shapes","floor":36,"turns":2},{"damage":0,"enemies":"Jaw Worm Horde","floor":38,"turns":2},{"damage":0,"enemies":"Reptomancer","floor":40,"turns":1},{"damage":0,"enemies":"Nemesis","floor":45,"turns":1},{"damage":0,"enemies":"Sphere and 2 Shapes","floor":47,"turns":1},{"damage":0,"enemies":"Spire Growth","floor":48,"turns":1},{"damage":0,"enemies":"Time Eater","floor":50,"turns":2}],"seed_played":"2514053361250750194","potions_obtained":[{"floor":5.0,"key":"Weak Potion"},{"floor":6.0,"key":"Dexterity Potion"},{"floor":12.0,"key":"PotionOfCapacity"},{"floor":16.0,"key":"Fire Potion"},{"floor":19.0,"key":"Weak Potion"},{"floor":25.0,"key":"SteroidPotion"},{"floor":33.0,"key":"CultistPotion"},{"floor":35,"key":"AttackPotion"},{"floor":47,"key":"DuplicationPotion"}],"is_trial":false,"path_per_floor":["M","?","M","M","M","E","R","M","T","M","M","M","?","$","R","B",null,"M","M","$","M","M","E","R","E","T","R","M","M","M","M","R","B",null,"M","M","$","M","?","E","$","$","T","?","E","?","M","M","R","B",null],"character_chosen":"DEFECT","items_purchased":["Molten Egg 2","Eternal Feather","Mind Blast+1","HandDrill","Whetstone","Mind Blast+1","Secret Weapon","Shuriken","Bag of Marbles","Anchor","BlessingOfTheForge","ClockworkSouvenir","Blue Candle"],"campfire_rested":6,"item_purchase_floors":[14,14,20,20,20,37,37,37,37,41,41,42,42],"current_hp_per_floor":[75,75,72,72,72,61,75,75,75,71,71,71,64,64,75,54,75,73,70,70,70,70,67,75,68,68,75,75,75,75,72,75,26,75,75,75,75,75,75,75,75,75,75,75,75,75,75,75,75,75],"gold":90,"neow_bonus":"","is_daily":true,"chose_seed":false,"campfire_upgraded":0,"win_rate":0.0,"timestamp":1612459605,"path_taken":["M","?","?","M","M","E","R","M","T","M","?","M","?","$","R","BOSS","M","M","$","?","M","E","R","E","T","R","M","M","M","M","R","BOSS","M","M","$","M","?","E","?","$","T","?","E","?","?","M","R","BOSS"],"items_purchased_type":["Relic","Relic","Card","Relic","Relic","Card","Card","Relic","Relic","Relic","Potion","Relic","Relic"],"build_version":"2020-12-22","purchased_purges":1,"victory":true,"max_hp_per_floor":[75,75,75,75,75,75,75,75,75,75,75,75,75,75,75,75,75,75,75,75,75,75,75,75,75,75,75,75,75,75,75,75,75,75,75,75,75,75,75,75,75,75,75,75,75,75,75,75,75,75],"card_choices":[{"not_picked":["Havoc","Barrage"],"picked":"Rebound","floor":1.0},{"not_picked":["Wild Strike","Heavy Blade","Thunderclap"],"picked":"SKIP","floor":3.0},{"not_picked":["Sweeping Beam","Stack"],"picked":"Armaments","floor":4.0},{"not_picked":["Dual Wield","Searing Blow","True Grit"],"picked":"SKIP","floor":5.0},{"not_picked":["Creative AI","Spot Weakness"],"picked":"BootSequence","floor":6.0},{"not_picked":["Ball Lightning","Go for the Eyes","Anger"],"picked":"SKIP","floor":8.0},{"not_picked":["Cold Snap","Blizzard","Loop"],"picked":"SKIP","floor":10.0},{"not_picked":["True Grit","Headbutt","Warcry"],"picked":"SKIP","floor":11.0},{"not_picked":["Body Slam","Recycle","Ball Lightning"],"picked":"SKIP","floor":12.0},{"not_picked":["Brutality","Meteor Strike+1"],"picked":"Seek","floor":16.0},{"not_picked":["Steam","Tempest","Warcry"],"picked":"SKIP","floor":18.0},{"not_picked":["Scrape+1","Perfected Strike+1","Flex"],"picked":"SKIP","floor":19.0},{"not_picked":["Melter+1","Sweeping Beam+1","Anger+1"],"picked":"SKIP","floor":21.0},{"not_picked":["Beam Cell+1","Clash+1","Twin Strike+1"],"picked":"SKIP","floor":22.0},{"not_picked":["Coolheaded","Sever Soul+1"],"picked":"Havoc+1","floor":23.0},{"not_picked":["Shockwave","Turbo","Clash+1"],"picked":"SKIP","floor":25.0},{"not_picked":["Metallicize","Hello World"],"picked":"Coolheaded+1","floor":28.0},{"not_picked":["True Grit","Twin Strike+1","Perfected Strike+1"],"picked":"SKIP","floor":29.0},{"not_picked":["Go for the Eyes+1","Leap+1","Cold Snap+1"],"picked":"SKIP","floor":30.0},{"not_picked":["Go for the Eyes+1","Compile Driver+1"],"picked":"Dark Embrace","floor":31.0},{"not_picked":["Limit Break","Offering"],"picked":"All For One+1","floor":33.0},{"not_picked":["Thunderclap+1","Wild Strike+1"],"picked":"Body Slam+1","floor":35},{"not_picked":["Heavy Blade+1","Combust","Sword Boomerang+1"],"picked":"SKIP","floor":36},{"not_picked":["Go for the Eyes+1","Loop"],"picked":"Capacitor","floor":38},{"not_picked":["Perfected Strike+1","Iron Wave+1"],"picked":"Demon Form","floor":40},{"not_picked":["Gash+1","Conserve Battery+1","Chill"],"picked":"SKIP","floor":45},{"not_picked":["Flex","Metallicize+1"],"picked":"Seeing Red+1","floor":47},{"not_picked":["Barrage+1","Leap","Clothesline+1"],"picked":"SKIP","floor":48}],"player_experience":1037001,"relics_obtained":[{"floor":6.0,"key":"Gremlin Horn"},{"floor":9.0,"key":"Cables"},{"floor":23.0,"key":"Orichalcum"},{"floor":25.0,"key":"Happy Flower"},{"floor":26.0,"key":"Bronze Scales"},{"floor":40,"key":"Ornamental Fan"},{"floor":43,"key":"InkBottle"},{"floor":45,"key":"The Courier"}],"event_choices":[{"damage_healed":0.0,"max_hp_gain":0.0,"max_hp_loss":0.0,"gold_gain":0.0,"event_name":"Accursed Blacksmith","player_choice":"Rummage","floor":2.0,"gold_loss":0.0,"damage_taken":0.0,"relics_obtained":["WarpedTongs"],"cards_obtained":["Pain"]},{"damage_healed":0.0,"max_hp_gain":0.0,"max_hp_loss":0.0,"gold_gain":75.0,"event_name":"FaceTrader","player_choice":"Touch","floor":13.0,"gold_loss":0.0,"damage_taken":7.0},{"damage_healed":0,"gold_gain":300,"player_choice":"Gold","damage_taken":0,"max_hp_gain":0,"max_hp_loss":0,"event_name":"Wheel of Change","floor":39,"gold_loss":0},{"cards_removed":["Gash"],"damage_healed":0,"gold_gain":0,"player_choice":"Removed Attack","damage_taken":0,"max_hp_gain":0,"max_hp_loss":0,"event_name":"Falling","floor":44,"gold_loss":0},{"damage_healed":0,"gold_gain":0,"player_choice":"Paid","damage_taken":0,"relics_obtained":["Red Mask"],"max_hp_gain":0,"max_hp_loss":0,"event_name":"Tomb of Lord Red Mask","floor":46,"gold_loss":173}],"is_beta":false,"boss_relics":[{"not_picked":["Empty Cage","Runic Dome"],"picked":"Philosopher\u0027s Stone"},{"not_picked":["Sozu","Nuclear Battery"],"picked":"SacredBark"}],"items_purged_floors":[14],"is_endless":false,"potions_floor_spawned":[5,6,12,16,18,19,25,29,31,33,35,38,47],"ascension_level":0}}