{"host":"tdq5vwehmzjlkkx3","time":1612423791,"event":{"mods":["2.2 Compatiblity","Act Like it!","Aspiration","Astrologer","BaseMod","Beaked The Cultist","Better Altar","Better Match","Better Note","Better Third Choice","BetterRewards","Clockwork Mod","Colored Map","Colorless Booster Pack","Conjunction","Conspire","Defuse TimeMaze Blight","Energized Spire","FetchMod","Friendly Minions","FruityMod","GifTheSpireLib","Glutton Mod","Gremlin Mod","Halation","Hallownest","Highlight Path","Hubris","Infinite Spire","Key Reminder","Lotus Mark","Mimic Mod","Minty Spire (QoL Compilation)","Pale of the Ancients","Random Character Button","Reworked Bosses","SCP261 Mod","Small Relic Pack","StSLib","Stuff the Spire","The Bladedancer","The Clintock","The Construct","The Disciple","The Jungle","The Marked","The Mystic","The Servant","TheFirefly","Trackpad","Unceasing Turn Reminder"],"gold_per_floor":[117,117,133,166,178,210,210,59,59,72,107,107,107,183,183,284,284,304,304,304,322,333,361,30,30,30,30,59,59,93,110,110,209,209,224,238,249,266,276,301,301,301,301,301,311,388,404,421,421,421,421,421,278,312,312],"floor_reached":56,"language":"ENG","playtime":4476,"items_purged":[],"score":1632,"play_id":"f0553a9e-31d6-4b4e-855e-f073e516f158","local_time":"20210203232951","is_ascension_mode":false,"campfire_choices":[{"data":"Gremlin:BulkUp","floor":12,"key":"SMITH"},{"data":"Gremlin:EdibleArmor","floor":15,"key":"SMITH"},{"floor":42,"key":"RECALL"},{"data":"Gremlin:InfiniteBlocks","floor":49,"key":"SMITH"},{"data":"Gremlin:Polish","floor":52,"key":"SMITH"}],"circlet_count":0,"master_deck":["Gremlin:Strike","Gremlin:Strike","Gremlin:Strike","Gremlin:Strike","Gremlin:Defend","Gremlin:Defend","Gremlin:Defend","Gremlin:Defend","Gremlin:TagTeam","Gremlin:GremlinDance","Gremlin:ProperTools","Gremlin:GremlinArms","Gremlin:TwistTheKnife","Gremlin:BulkUp+1","Gremlin:Patsy","Gremlin:CounterStrike","Gremlin:Presto","Gremlin:EdibleArmor+1","Gremlin:FairyDust","Gremlin:PourSalt","Gremlin:Heckle","CBP: UltraDivineWater","infinitespire:FutureSight+1","Gremlin:BulkUp+1","Gremlin:FairyDust","Gremlin:InfiniteBlocks+1","Gremlin:Polish+1"],"relics":["Gremlin:GremlinKnob","relicPack:SpireResearchBook","StuffTheSpire:HeavyRock","Pear","hubris:Icosahedron","hubris:ToyBattleship","infinitespire:CheckeredPen","trackpad:PetRock","Potion Belt","StuffTheSpire:Tea","hubris:PeanutButter","SlaversCollar","betterThird:NestCultRelic","infinitespire:Lychee Nut","TheAbacus","StrikeDummy","Meat on the Bone","infinitespire:WardingShard","halation:PinkAlligatorPlush","trackpad:WindUpAutoDealer","halation:PinkSoulGem","Darkstone Periapt","Cauldron","Bag of Preparation"],"acts_visited":["Hallownest:Greenpath","TheCity","TheBeyond","TheEnding"],"potions_floor_usage":[3,11,22,23,23,23,33,38,40,54,54,54,55],"damage_taken":[{"damage":4,"enemies":"Hallownest:2_Baldur","floor":1,"turns":5},{"damage":0,"enemies":"2_ Uuma","floor":3,"turns":3},{"damage":10,"enemies":"Hallownest:eliteCrystalGuardian","floor":4,"turns":8},{"damage":0,"enemies":"Hallownest:2_MossCreeps","floor":5,"turns":3},{"damage":1,"enemies":"Hallownest:eliteCrystalGuardian","floor":6,"turns":10},{"damage":0,"enemies":"Hallownest:1_Baldur_1_Crawlid_1_Warrior","floor":10,"turns":4},{"damage":0,"enemies":"Hallownest:eliteVengeflyKing","floor":11,"turns":4},{"damage":0,"enemies":"Hallownest:monsterAspidMother","floor":13,"turns":2},{"damage":0,"enemies":"Hallownest:BossBrokenVessel","floor":16,"turns":5},{"damage":0,"enemies":"Spheric Guardian","floor":18,"turns":3},{"damage":0,"enemies":"Chosen","floor":21,"turns":3},{"damage":0,"enemies":"Centurion and Healer","floor":22,"turns":4},{"damage":0,"enemies":"Gremlin Leader","floor":23,"turns":5},{"damage":25,"enemies":"conspire:SneckoGhost","floor":28,"turns":4},{"damage":0,"enemies":"conspire:Head Lice","floor":30,"turns":4},{"damage":22,"enemies":"Shelled Parasite and Fungi","floor":31,"turns":5},{"damage":0,"enemies":"bossMod:newCollector","floor":33,"turns":5},{"damage":12,"enemies":"3 Shapes","floor":35,"turns":4},{"damage":3,"enemies":"Orb Walker","floor":36,"turns":3},{"damage":14,"enemies":"Jaw Worm Horde","floor":37,"turns":4},{"damage":4,"enemies":"Sphere and 2 Shapes","floor":38,"turns":4},{"damage":18,"enemies":"3 Darklings","floor":39,"turns":4},{"damage":20,"enemies":"beaked:SuperParasite","floor":40,"turns":3},{"damage":14,"enemies":"4 Shapes","floor":45,"turns":6},{"damage":0,"enemies":"Spire Growth","floor":47,"turns":5},{"damage":0,"enemies":"Maw","floor":48,"turns":7},{"damage":4,"enemies":"conspire:OrnateMirror","floor":50,"turns":8},{"damage":18,"enemies":"Shield and Spear","floor":54,"turns":4},{"damage":4,"enemies":"The Heart","floor":55,"turns":10}],"seed_played":"-2821460062926470021","potions_obtained":[{"floor":1,"key":"BlessingOfTheForge"},{"floor":6,"key":"Block Potion"},{"floor":10,"key":"Swift Potion"},{"floor":11,"key":"SCP261:GirlTearsPotion"},{"floor":18,"key":"AttackPotion"},{"floor":22,"key":"Swift Potion"},{"floor":31,"key":"SCP261:SweetSwarmPotion"},{"floor":37,"key":"ColorlessPotion"},{"floor":38,"key":"Conjunction:LightningMarble"},{"floor":48,"key":"SCP261:BarrettColaPotion"},{"floor":53,"key":"SCP261:PenguinPunchPotion"},{"floor":53,"key":"FearPotion"},{"floor":53,"key":"PowerPotion"},{"floor":53,"key":"SCP261:BlastolaColaPotion"},{"floor":53,"key":"SpeedPotion"}],"is_trial":false,"path_per_floor":["M","?","M","?","M","E","?","$","T","M","E","R","M","T","R","B",null,"M","?","?","M","M","E","$","?","T","$","E","?","E","M","R","B",null,"M","M","M","M","M","E","?","R","T","?","M","T","M","M","R","B",null,"R","$","E","B",null],"character_chosen":"GREMLIN","items_purchased":["relicPack:SpireResearchBook","StuffTheSpire:HeavyRock","Pear","trackpad:PetRock","CBP: UltraDivineWater","TheAbacus","Cauldron"],"campfire_rested":0,"item_purchase_floors":[0,0,0,8,24,24,53],"current_hp_per_floor":[22,22,22,22,18,21,22,22,22,22,18,18,12,12,12,22,22,22,22,22,22,22,20,20,15,15,15,20,20,20,12,12,19,19,19,19,19,19,17,19,19,19,19,19,19,19,10,19,19,19,19,19,19,17,19],"gold":312,"neow_bonus":"","is_daily":false,"chose_seed":false,"campfire_upgraded":4,"win_rate":0.0,"timestamp":1612423791,"path_taken":["M","?","M","?","M","E","?","$","T","M","E","R","?","?","R","BOSS","M","?","?","?","M","E","$","?","T","$","E","?","E","M","R","BOSS","M","M","M","M","M","E","?","R","T","?","M","?","M","M","R","BOSS","R","$","E","BOSS"],"items_purchased_type":["Relic","Relic","Relic","Relic","Card","Relic","Relic"],"build_version":"2020-12-22","purchased_purges":0,"victory":true,"max_hp_per_floor":[22,22,22,22,22,22,22,22,22,22,22,22,22,22,22,22,22,22,22,22,22,22,20,20,20,20,20,20,20,20,20,19,19,19,19,19,19,19,19,19,19,19,19,19,19,19,19,19,19,19,19,19,19,19,19],"card_choices":[{"not_picked":["Gremlin:Irritability","Gremlin:Kablamo"],"picked":"Gremlin:ProperTools","floor":1},{"not_picked":["Gremlin:Jeer","Gremlin:Tricksy"],"picked":"Gremlin:GremlinArms","floor":3},{"not_picked":["Gremlin:Tricksy","Gremlin:DaggerDance"],"picked":"Gremlin:TwistTheKnife","floor":4},{"not_picked":["Gremlin:DaggerDance","Gremlin:Irritability"],"picked":"Gremlin:BulkUp","floor":5},{"not_picked":["Gremlin:BrokenShin","Gremlin:Flurry"],"picked":"Gremlin:Patsy","floor":6},{"not_picked":["Gremlin:GlitterGuard","Gremlin:Patsy"],"picked":"Gremlin:CounterStrike","floor":10},{"not_picked":["Gremlin:CatScratch","Gremlin:GremlinMeal"],"picked":"Gremlin:Presto","floor":11},{"not_picked":["Gremlin:Patsy","Gremlin:Changeo"],"picked":"Gremlin:EdibleArmor","floor":13},{"not_picked":["Gremlin:Unforgiving","Gremlin:Erupt"],"picked":"Gremlin:FairyDust","floor":16},{"not_picked":["Gremlin:Kablamo","Gremlin:Changeo","Gremlin:Irritability"],"picked":"SKIP","floor":18},{"not_picked":["Gremlin:DaggerDance","Gremlin:GremlinMeal"],"picked":"Gremlin:PourSalt","floor":21},{"not_picked":["Gremlin:ToeStub","Gremlin:Flurry+1"],"picked":"Gremlin:Heckle","floor":22},{"not_picked":["Gremlin:DaggerDance","Gremlin:CatScratch+1","Gremlin:Jeer"],"picked":"SKIP","floor":23},{"not_picked":["infinitespire:Fortify","hubris:InfiniteBlow"],"picked":"infinitespire:FutureSight","floor":25},{"not_picked":["Gremlin:Patsy","Gremlin:RageBreak","Gremlin:DaggerDance"],"picked":"SKIP","floor":28},{"not_picked":["Gremlin:ShowStopper","Gremlin:Irritability"],"picked":"Gremlin:BulkUp+1","floor":30},{"not_picked":["Gremlin:Pinprick+1","Gremlin:Jeer+1","Gremlin:Presto"],"picked":"SKIP","floor":31},{"not_picked":["Gremlin:Exacerbate","Gremlin:BrokenShin"],"picked":"Gremlin:FairyDust","floor":33},{"not_picked":["Gremlin:PartyStick","Gremlin:BubbleBarrier+1"],"picked":"Gremlin:InfiniteBlocks","floor":35},{"not_picked":["Gremlin:Tadah+1","Gremlin:Presto","Gremlin:IrksomeBlow+1"],"picked":"SKIP","floor":36},{"not_picked":["Gremlin:Duplicate","Gremlin:Rhythm","Gremlin:Tricksy+1"],"picked":"SKIP","floor":37},{"not_picked":["Gremlin:Revel","Gremlin:Glimmer","Gremlin:GremlinMeal"],"picked":"SKIP","floor":38},{"not_picked":["Gremlin:BurlyBlow+1","Gremlin:Pretaliation+1"],"picked":"Gremlin:Polish","floor":39},{"not_picked":["Gremlin:DaggerDance+1","Gremlin:Heckle","Gremlin:Changeo+1"],"picked":"SKIP","floor":40},{"not_picked":["Gremlin:DaggerDance","Gremlin:Rhythm+1","Gremlin:MakeshiftArmor+1"],"picked":"SKIP","floor":45},{"not_picked":["Gremlin:CounterStrike","Gremlin:RageBreak","Gremlin:TwistTheKnife"],"picked":"SKIP","floor":47},{"not_picked":["Gremlin:GremlinToss+1","Gremlin:BubbleBarrier+1","Gremlin:DaggerDance+1"],"picked":"SKIP","floor":48},{"not_picked":["Gremlin:ShowOfHands","Gremlin:RageBreak","Gremlin:Pretaliation+1"],"picked":"SKIP","floor":54}],"player_experience":354009,"relics_obtained":[{"floor":4,"key":"hubris:ToyBattleship"},{"floor":6,"key":"infinitespire:CheckeredPen"},{"floor":9,"key":"Potion Belt"},{"floor":11,"key":"StuffTheSpire:Tea"},{"floor":14,"key":"hubris:PeanutButter"},{"floor":23,"key":"infinitespire:Lychee Nut"},{"floor":26,"key":"StrikeDummy"},{"floor":28,"key":"Meat on the Bone"},{"floor":30,"key":"infinitespire:WardingShard"},{"floor":40,"key":"trackpad:WindUpAutoDealer"},{"floor":46,"key":"Darkstone Periapt"},{"floor":54,"key":"Bag of Preparation"}],"event_choices":[{"damage_healed":0,"gold_gain":0,"player_choice":"Madness","damage_taken":0,"relics_obtained":["betterThird:NestCultRelic"],"max_hp_gain":0,"max_hp_loss":0,"event_name":"betterThird:BetterNest","floor":19,"gold_loss":0}],"is_beta":false,"boss_relics":[{"not_picked":["halation:CatFaceCupcake","hubris:HollowSoul"],"picked":"SlaversCollar"},{"not_picked":["halation:ForbiddenBikini","hubris:GrandSneckoEye"],"picked":"halation:PinkAlligatorPlush"}],"items_purged_floors":[],"is_endless":false,"potions_floor_spawned":[1,6,10,11,18,22,31,37,38,48],"ascension_level":0}}