{"host":"utqe55yv0jihe4d6","time":1612413139,"event":{"mods":["2.2 Compatiblity","AchievementEnabler","BaseMod","Block Reminder","Colored Map","Colored Powertips","Minty Spire (QoL Compilation)","Quick Restart","Rare Cards Sparkle","Relic Stats","SuperFastMode"],"gold_per_floor":[110,110,129,129,147,191,200,200,225,257,257,301,323,375,375,375,375],"floor_reached":16,"language":"ENG","playtime":517,"items_purged":[],"score":240,"play_id":"fd49c0cb-8fdb-4d3a-b8e4-f4be83333e97","local_time":"20210203233219","is_ascension_mode":true,"campfire_choices":[{"data":"Finisher","floor":8.0,"key":"SMITH"},{"floor":11,"key":"REST"},{"floor":15,"key":"REST"}],"circlet_count":0,"master_deck":["AscendersBane","Strike_G","Strike_G","Strike_G","Strike_G","Defend_G","Defend_G","Defend_G","Defend_G","Defend_G","Survivor","Neutralize","A Thousand Cuts","Blade Dance","Finisher+1","Poisoned Stab","Calculated Gamble","Calculated Gamble","Infinite Blades","Sucker Punch","Blade Dance","Doppelganger"],"relics":["Ring of the Snake","Blood Vial","Golden Idol","CeramicFish","PreservedInsect","Strawberry","HornCleat"],"acts_visited":["Exordium"],"potions_floor_usage":[16],"damage_taken":[{"damage":3.0,"enemies":"2 Louse","floor":1.0,"turns":4.0},{"damage":4.0,"enemies":"Jaw Worm","floor":3.0,"turns":4.0},{"damage":0.0,"enemies":"Cultist","floor":5.0,"turns":4.0},{"damage":22.0,"enemies":"Gremlin Nob","floor":6.0,"turns":4.0},{"damage":19,"enemies":"Large Slime","floor":10,"turns":6},{"damage":15,"enemies":"3 Sentries","floor":12,"turns":7},{"damage":10,"enemies":"3 Louse","floor":13,"turns":5},{"damage":6,"enemies":"Gremlin Nob","floor":14,"turns":3},{"damage":38,"enemies":"The Guardian","floor":16,"turns":14}],"seed_played":"4163463527982455676","potions_obtained":[{"floor":3.0,"key":"PowerPotion"},{"floor":5.0,"key":"PowerPotion"},{"floor":13,"key":"LiquidBronze"}],"is_trial":false,"path_per_floor":["M","?","M","?","M","E","?","R","T","M","R","E","M","E","R","B"],"character_chosen":"THE_SILENT","items_purchased":[],"campfire_rested":2,"item_purchase_floors":[],"current_hp_per_floor":[56,51,49,49,51,31,31,31,31,14,32,26,18,14,34,0,0],"gold":375,"neow_bonus":"ONE_RANDOM_RARE_CARD","is_daily":false,"chose_seed":false,"campfire_upgraded":1,"win_rate":0.0,"timestamp":1612413139,"path_taken":["M","?","M","?","M","E","?","R","T","M","R","E","?","E","R","BOSS"],"items_purchased_type":[],"build_version":"2020-12-22","purchased_purges":0,"victory":false,"max_hp_per_floor":[66,66,66,60,60,60,60,60,60,60,60,67,67,67,67,67,67],"relic_stats":{"Blood Vial":16,"counters":[9,51],"Golden Idol":35,"CeramicFish":54,"PreservedInsect":56,"obtain_stats":[{"Blood Vial":2,"HornCleat":14,"Golden Idol":4,"CeramicFish":6,"Strawberry":12,"PreservedInsect":9,"Ring of the Snake":0},{"Blood Vial":1,"HornCleat":8,"Golden Idol":2,"CeramicFish":4,"Strawberry":6,"PreservedInsect":4,"Ring of the Snake":0},{"Blood Vial":4,"HornCleat":37,"Golden Idol":8,"CeramicFish":16,"Strawberry":29,"PreservedInsect":16,"Ring of the Snake":0}],"Ring of the Snake":[18]},"card_choices":[{"not_picked":["Prepared","Dash"],"picked":"Blade Dance","floor":1.0},{"not_picked":["Deflect","Dodge and Roll"],"picked":"Finisher","floor":3.0},{"not_picked":["Catalyst","Grand Finale"],"picked":"Poisoned Stab","floor":5.0},{"not_picked":["Deadly Poison","Flying Knee"],"picked":"Calculated Gamble","floor":6.0},{"not_picked":["Blade Dance","Leg Sweep"],"picked":"Infinite Blades","floor":10},{"not_picked":["Eviscerate","Deadly Poison"],"picked":"Sucker Punch","floor":12},{"not_picked":["Prepared","Dagger Throw"],"picked":"Blade Dance","floor":13},{"not_picked":["All Out Attack","Outmaneuver"],"picked":"Doppelganger","floor":14}],"player_experience":3015744,"relics_obtained":[{"floor":6.0,"key":"CeramicFish"},{"floor":9.0,"key":"PreservedInsect"},{"floor":12,"key":"Strawberry"},{"floor":14,"key":"HornCleat"}],"event_choices":[{"damage_healed":0.0,"max_hp_gain":0.0,"max_hp_loss":0.0,"gold_gain":0.0,"event_name":"Scrap Ooze","player_choice":"Success","floor":2.0,"gold_loss":0.0,"damage_taken":5.0,"relics_obtained":["Blood Vial"]},{"damage_healed":0.0,"max_hp_gain":0.0,"max_hp_loss":6.0,"gold_gain":0.0,"event_name":"Golden Idol","player_choice":"Lose Max HP","floor":4.0,"gold_loss":0.0,"damage_taken":0.0,"relics_obtained":["Golden Idol"]},{"damage_healed":0.0,"max_hp_gain":0.0,"max_hp_loss":0.0,"gold_gain":0.0,"cards_transformed":["Strike_G"],"event_name":"Transmorgrifier","player_choice":"Transformed","floor":7.0,"gold_loss":0.0,"damage_taken":0.0,"cards_obtained":["Calculated Gamble"]}],"is_beta":false,"boss_relics":[],"items_purged_floors":[],"is_endless":false,"potions_floor_spawned":[3,5,13],"killed_by":"The Guardian","ascension_level":20}}