{"host":"5w7hw1ne5h7avrl9","time":1612426180,"event":{"mods":["AchievementEnabler","BaseMod","Colored Map","Colored Powertips","Displayed Cursed Tome","Googly Eyes","Minty Spire (QoL Compilation)","SuperFastMode"],"gold_per_floor":[12,23,23,23,39,80,80,120,146,177,4,4,4,40,40,163,226,249,149,162,183,198,198,236,257,307,347,347,391,391,306,306,427,427,446,471,549,563,4,44,67,67,67,17,30,30,55,95,95,95,95],"floor_reached":50,"language":"ENG","playtime":5041,"items_purged":["Strike_G","Defend_G","Writhe","Doubt"],"score":705,"play_id":"daeefb79-d773-45c5-b7be-d6389942248b","local_time":"20210204000940","is_ascension_mode":true,"campfire_choices":[{"floor":7,"key":"REST"},{"data":"Adrenaline","floor":15,"key":"SMITH"},{"data":"Discovery","floor":23,"key":"SMITH"},{"floor":28,"key":"REST"},{"floor":32,"key":"REST"},{"data":"Burst","floor":42,"key":"SMITH"},{"data":"Bouncing Flask","floor":46,"key":"SMITH"},{"floor":49,"key":"REST"}],"circlet_count":0,"master_deck":["Strike_G","Strike_G","Strike_G","Defend_G","Defend_G","Defend_G","Survivor","Neutralize","Eviscerate","Masterful Stab","Prepared","Acrobatics","Bouncing Flask+1","Prepared+1","Discovery+1","Adrenaline+1","Malaise","Reflex","Bouncing Flask+1","Bane+1","Venomology","Catalyst+1","Burst+1","PiercingWail+1"],"relics":["Ring of the Snake","Golden Idol","Oddly Smooth Stone","Boot","Anchor","Bottled Flame","Dream Catcher","Lantern","Tiny House","Smiling Mask","Tiny Chest","Red Mask","Pen Nib","Enchiridion","Bag of Preparation","Cursed Key","Ninja Scroll","Frozen Egg 2","Molten Egg 2","Mummified Hand","Blue Candle","Toxic Egg 2"],"acts_visited":["Exordium","TheCity","TheBeyond"],"potions_floor_usage":[8,18,24,24,24,24,27,33,33,33,36,38,38,38,41,45,48,50,50,50,50],"damage_taken":[{"damage":0,"enemies":"Jaw Worm","floor":1,"turns":4},{"damage":0,"enemies":"2 Louse","floor":2,"turns":1},{"damage":5,"enemies":"Cultist","floor":5,"turns":4},{"damage":28,"enemies":"Gremlin Nob","floor":6,"turns":5},{"damage":0,"enemies":"Lagavulin","floor":8,"turns":4},{"damage":15,"enemies":"3 Sentries","floor":10,"turns":8},{"damage":14,"enemies":"Gremlin Nob","floor":14,"turns":3},{"damage":29,"enemies":"The Guardian","floor":16,"turns":9},{"damage":3,"enemies":"2 Thieves","floor":18,"turns":4},{"damage":0,"enemies":"3 Byrds","floor":20,"turns":3},{"damage":13,"enemies":"Sentry and Sphere","floor":21,"turns":5},{"damage":6,"enemies":"Centurion and Healer","floor":22,"turns":5},{"damage":10,"enemies":"Slavers","floor":24,"turns":4},{"damage":5,"enemies":"Snecko","floor":25,"turns":3},{"damage":16,"enemies":"Masked Bandits","floor":27,"turns":5},{"damage":6,"enemies":"Book of Stabbing","floor":29,"turns":5},{"damage":30,"enemies":"Automaton","floor":33,"turns":5},{"damage":0,"enemies":"3 Shapes","floor":35,"turns":2},{"damage":0,"enemies":"Orb Walker","floor":36,"turns":4},{"damage":10,"enemies":"Writhing Mass","floor":38,"turns":5},{"damage":16,"enemies":"Reptomancer","floor":40,"turns":5},{"damage":0,"enemies":"Transient","floor":41,"turns":5},{"damage":0,"enemies":"Jaw Worm Horde","floor":45,"turns":2},{"damage":5,"enemies":"3 Darklings","floor":47,"turns":3},{"damage":1,"enemies":"Giant Head","floor":48,"turns":5},{"damage":73,"enemies":"Awakened One","floor":50,"turns":13}],"seed_played":"7802789173136237108","potions_obtained":[{"floor":2,"key":"BlessingOfTheForge"},{"floor":16,"key":"DuplicationPotion"},{"floor":17,"key":"EntropicBrew"},{"floor":24,"key":"DistilledChaos"},{"floor":25,"key":"Poison Potion"},{"floor":27,"key":"Swift Potion"},{"floor":29,"key":"Energy Potion"},{"floor":33,"key":"ColorlessPotion"},{"floor":35,"key":"Strength Potion"},{"floor":47,"key":"SpeedPotion"}],"is_trial":false,"path_per_floor":["M","M","$","?","M","E","R","E","T","E","$","?","?","E","R","B",null,"M","$","M","M","M","R","E","M","T","?","R","E","?","?","R","B",null,"M","M","T","M","$","E","M","R","T","$","M","R","M","E","R","B"],"character_chosen":"THE_SILENT","items_purchased":["Discovery","Frozen Egg 2","Molten Egg 2"],"campfire_rested":4,"item_purchase_floors":[11,39,39],"current_hp_per_floor":[70,70,70,53,48,20,41,41,41,26,26,8,70,56,56,27,75,72,72,72,59,53,53,43,38,38,22,44,38,22,22,44,14,75,75,75,75,65,65,49,49,49,49,49,49,49,44,43,65,0,0],"gold":95,"neow_bonus":"TRANSFORM_TWO_CARDS","is_daily":false,"chose_seed":false,"campfire_upgraded":4,"win_rate":0.0,"timestamp":1612426180,"path_taken":["M","M","$","?","M","E","R","E","T","E","$","?","?","E","R","BOSS","M","$","?","M","M","R","E","M","T","?","R","E","?","?","R","BOSS","M","M","?","M","$","E","M","R","T","$","M","R","M","E","R","BOSS"],"items_purchased_type":["Card","Relic","Relic"],"build_version":"2020-12-22","purchased_purges":4,"victory":false,"max_hp_per_floor":[70,70,70,70,70,70,70,70,70,70,70,70,70,70,70,70,75,75,75,75,75,75,75,75,75,75,75,75,75,75,75,75,75,75,75,75,75,75,75,75,75,75,75,75,75,75,75,75,75,75,75],"card_choices":[{"not_picked":["Riddle With Holes","Bouncing Flask"],"picked":"Prepared","floor":1},{"not_picked":["Bouncing Flask","Outmaneuver"],"picked":"Well Laid Plans","floor":2},{"not_picked":["Underhanded Strike","Sucker Punch"],"picked":"Acrobatics","floor":5},{"not_picked":["All Out Attack","Outmaneuver"],"picked":"Bouncing Flask","floor":6},{"not_picked":["Heel Hook","Quick Slash"],"picked":"Prepared","floor":8},{"not_picked":["All Out Attack","Flying Knee","Prepared"],"picked":"SKIP","floor":10},{"not_picked":["Noxious Fumes","Burst"],"picked":"Adrenaline","floor":14},{"not_picked":["Adrenaline","Unload"],"picked":"Malaise","floor":16},{"not_picked":["Dagger Spray","Cloak And Dagger"],"picked":"Reflex","floor":17},{"not_picked":["Sucker Punch","Well Laid Plans","Slice"],"picked":"SKIP","floor":18},{"not_picked":["Dagger Throw","Cloak And Dagger","Deflect"],"picked":"SKIP","floor":20},{"not_picked":["Blade Dance","Expertise","Riddle With Holes"],"picked":"SKIP","floor":21},{"not_picked":["Acrobatics+1","Dagger Throw+1"],"picked":"Bouncing Flask+1","floor":22},{"not_picked":["Poisoned Stab","Bane","Backflip"],"picked":"SKIP","floor":24},{"not_picked":["Bane","Prepared","Endless Agony+1"],"picked":"SKIP","floor":25},{"not_picked":["Deadly Poison","Predator","Sucker Punch"],"picked":"SKIP","floor":29},{"not_picked":["Blade Dance+1","Caltrops"],"picked":"Bane+1","floor":32},{"not_picked":["Adrenaline","Wraith Form v2"],"picked":"Venomology","floor":33},{"not_picked":["Flying Knee+1","Sucker Punch+1","Slice"],"picked":"SKIP","floor":35},{"not_picked":["Distraction","Terror"],"picked":"Catalyst+1","floor":36},{"not_picked":["Dodge and Roll","Slice","Sucker Punch"],"picked":"SKIP","floor":38},{"not_picked":["Skewer+1","Flechettes+1"],"picked":"Burst","floor":40},{"not_picked":["Underhanded Strike+1","Dodge and Roll+1"],"picked":"PiercingWail+1","floor":41},{"not_picked":["All Out Attack+1","PiercingWail","Sucker Punch+1"],"picked":"SKIP","floor":45},{"not_picked":["Flying Knee+1","Riddle With Holes+1","PiercingWail+1"],"picked":"SKIP","floor":47},{"not_picked":["Escape Plan+1","Deflect+1","Quick Slash+1"],"picked":"SKIP","floor":48}],"player_experience":188060,"relics_obtained":[{"floor":6,"key":"Oddly Smooth Stone"},{"floor":8,"key":"Boot"},{"floor":9,"key":"Anchor"},{"floor":10,"key":"Bottled Flame"},{"floor":14,"key":"Lantern"},{"floor":24,"key":"Smiling Mask"},{"floor":26,"key":"Tiny Chest"},{"floor":27,"key":"Red Mask"},{"floor":29,"key":"Pen Nib"},{"floor":37,"key":"Ninja Scroll"},{"floor":40,"key":"Mummified Hand"},{"floor":43,"key":"Blue Candle"},{"floor":48,"key":"Toxic Egg 2"}],"event_choices":[{"damage_healed":0,"gold_gain":0,"player_choice":"Take Damage","damage_taken":17,"relics_obtained":["Golden Idol"],"max_hp_gain":0,"max_hp_loss":0,"event_name":"Golden Idol","floor":4,"gold_loss":0},{"damage_healed":0,"gold_gain":0,"player_choice":"Success","damage_taken":18,"relics_obtained":["Dream Catcher"],"max_hp_gain":0,"max_hp_loss":0,"event_name":"Scrap Ooze","floor":12,"gold_loss":0},{"cards_removed":["Well Laid Plans"],"damage_healed":62,"gold_gain":0,"player_choice":"Offered Uncommon","damage_taken":0,"max_hp_gain":0,"max_hp_loss":0,"event_name":"Bonfire Elementals","floor":13,"gold_loss":0},{"damage_healed":0,"gold_gain":0,"player_choice":"Fought Bandits","damage_taken":0,"max_hp_gain":0,"max_hp_loss":0,"event_name":"Masked Bandits","floor":27,"gold_loss":0},{"damage_healed":0,"gold_gain":0,"player_choice":"Obtained Book","damage_taken":16,"max_hp_gain":0,"max_hp_loss":0,"event_name":"Cursed Tome","floor":30,"gold_loss":0},{"damage_healed":0,"gold_gain":0,"player_choice":"Obtained Relic","damage_taken":0,"relics_obtained":["Bag of Preparation"],"max_hp_gain":0,"max_hp_loss":0,"event_name":"Addict","floor":31,"gold_loss":85}],"is_beta":false,"boss_relics":[{"not_picked":["WristBlade","Black Star"],"picked":"Tiny House"},{"not_picked":["Empty Cage","SacredBark"],"picked":"Cursed Key"}],"items_purged_floors":[11,19,39,44],"is_endless":false,"potions_floor_spawned":[2,16,24,25,27,29,33,35,36,47],"killed_by":"Awakened One","ascension_level":2}}