{"host":"x1wt4ryasj4hxyw3","time":1612429253,"event":{"mods":["Act Like it!","BaseMod","CapriCore","CavMod","Gensokyo","GungeonMod","Lobotomy","LobotomyExtend","Minty Spire (QoL Compilation)","Prisma Mod","Quick Restart","RumiaBox-Â¶Ã×æ«µÄÉñÃØºÐ×Ó","StSLib","The Alterego","The Immortal","Yakumo Yukari mod","Youmu£¨»êÆÇÑýÃÎ£©","Yuyuko","¡¾¹¦ÄÜMod¡¿»ìãçÖ®»·ÐÞ¸´²¹¶¡"],"gold_per_floor":[137,20,20,20,36,49,82,82,82,95,23,23,23,23,35,146,158,170,170],"floor_reached":18,"language":"ZHS","playtime":1023,"items_purged":[],"score":158,"play_id":"8ed1d35a-f07e-4fb5-bac9-2c324a4991bc","local_time":"20210204170053","is_ascension_mode":false,"campfire_choices":[{"data":"Mirror_FourBoundary_purple","floor":12,"key":"SMITH"},{"data":"OmniscientAndOmnipotent_Monster_purple","floor":15,"key":"SMITH"}],"circlet_count":0,"master_deck":["AT_purpleEX","AT_purpleEX","AT_purpleEX","Defend_purpleEX","Defend_purpleEX","Defend_purpleEX+1","Defend_purpleEX","Observe_purple_1+1","Observe_purple_2","DarkRealmRedLine_purple","CommonSense_AntiCommonSense_purple","Charmbait_purple","Mirror_WaveAndshot_purple","FieryBird","Bait_Toxicbait_purple","Freischutz","Fantasy_PerpetualMotionMachine_purple","OmniscientAndOmnipotent_Monster_purple+1","Mirror_FourBoundary_purple+1","Woodsman","ContainerChange_purple"],"relics":["Boundary_crack","Memoryfragments_purpleEX","CogitoBucket","LetterFromLob","Meat on the Bone","Bottled Flame","Toxic Egg 2","MawBank","Busted Crown","LaetitiaHeart"],"acts_visited":["Exordium","TheCity"],"potions_floor_usage":[7],"damage_taken":[{"damage":5,"enemies":"2 Louse","floor":1,"turns":3},{"damage":14,"enemies":"Jaw Worm","floor":5,"turns":4},{"damage":4,"enemies":"Small Slimes","floor":6,"turns":2},{"damage":90,"enemies":"Lagavulin","floor":7,"turns":9},{"damage":10,"enemies":"Red Slaver","floor":10,"turns":3},{"damage":13,"enemies":"Hexaghost","floor":16,"turns":9},{"damage":0,"enemies":"3 Byrds","floor":18,"turns":2},{"damage":1,"enemies":"3 Byrds","floor":18,"turns":2}],"seed_played":"8946750408669122309","potions_obtained":[{"floor":1,"key":"Block Potion"}],"is_trial":false,"path_per_floor":["M","$","?","?","M","M","E","?","T","M","$","R","?","T","R","B",null,"M"],"character_chosen":"Youkari","items_purchased":["CommonSense_AntiCommonSense_purple","Charmbait_purple","Mirror_FourBoundary_purple"],"campfire_rested":0,"item_purchase_floors":[2,2,11],"current_hp_per_floor":[66,66,52,49,51,48,35,35,35,45,45,45,53,53,53,50,70,0,0],"gold":170,"neow_bonus":"","is_daily":false,"chose_seed":false,"campfire_upgraded":2,"win_rate":0.0,"timestamp":1612429253,"path_taken":["M","$","?","?","M","M","E","?","T","?","?","R","?","?","R","BOSS","M"],"items_purchased_type":["Card","Card","Card"],"build_version":"2020-12-22","purchased_purges":0,"victory":false,"max_hp_per_floor":[70,70,70,70,70,70,70,70,70,70,70,70,70,70,70,70,70,70,70],"card_choices":[{"not_picked":["CrumblingArmor","FairyFestival"],"picked":"Yin","floor":1},{"not_picked":["AdvanceAttack_purple","StateDuplicate_purple"],"picked":"DarkRealmRedLine_purple","floor":1},{"not_picked":["Nest_LightFlightworm_purple","WingOfChimera_purple"],"picked":"Mirror_WaveAndshot_purple","floor":5},{"not_picked":["HeroicMonk","Variant","SnowQueen"],"picked":"Singing Bowl","floor":6},{"not_picked":["ShyLook","BeautyBeast"],"picked":"FieryBird","floor":6},{"not_picked":["ExistenceContinue_purple","Erosivefilter_purple"],"picked":"Bait_Toxicbait_purple","floor":6},{"not_picked":["UniverseFragment","WhitesApple"],"picked":"Freischutz","floor":7},{"not_picked":["SharpContractionReality_purple","ExistenceContinue_purple"],"picked":"Fantasy_PerpetualMotionMachine_purple","floor":7},{"not_picked":["PunishingBird","Funeral"],"picked":"WallGazer","floor":10},{"not_picked":["Worldmountain_purple","Fantasy_PerpetualMotionMachine_purple"],"picked":"OmniscientAndOmnipotent_Monster_purple","floor":10},{"not_picked":["BlueStar","MeatLantern"],"picked":"Woodsman","floor":16},{"not_picked":["D_absorption_purple+1","Price_of_realm_purpleEX+1"],"picked":"ContainerChange_purple","floor":16}],"player_experience":159466,"relics_obtained":[{"floor":1,"key":"LetterFromLob"},{"floor":7,"key":"Bottled Flame"},{"floor":9,"key":"Toxic Egg 2"},{"floor":14,"key":"MawBank"}],"event_choices":[{"damage_healed":0,"gold_gain":0,"player_choice":"Entered Light","damage_taken":14,"max_hp_gain":0,"max_hp_loss":0,"event_name":"Shining Light","floor":3,"gold_loss":0,"cards_upgraded":["Observe_purple_1","Defend_purpleEX"]},{"damage_healed":0,"gold_gain":0,"player_choice":"Success","damage_taken":3,"relics_obtained":["Meat on the Bone"],"max_hp_gain":0,"max_hp_loss":0,"event_name":"Scrap Ooze","floor":4,"gold_loss":0},{"cards_removed":["AT_purpleEX"],"damage_healed":0,"gold_gain":0,"player_choice":"Purged","damage_taken":0,"max_hp_gain":0,"max_hp_loss":0,"event_name":"Purifier","floor":8,"gold_loss":0}],"is_beta":false,"boss_relics":[{"not_picked":["Velvet Choker","Tiny House"],"picked":"Busted Crown"}],"items_purged_floors":[],"is_endless":false,"potions_floor_spawned":[1,18],"killed_by":"3 Byrds","ascension_level":0}}