{"host":"facnppb4175fcpe2","time":1612423051,"event":{"mods":["AchievementEnabler","BaseMod","Colored Map","Colored Powertips","Highlight Path","Minty Spire (QoL Compilation)","Quick Restart","Rare Cards Sparkle","Relic Stats","StSLib","SuperFastMode"],"gold_per_floor":[114,35,35,52,52,52,64,64,64,96,111,121,156,174,174,279,279,296,309,12,12,31,31,62,81,107,137,150,178,178,210,210,309,309,328,382,401,401,415,449,449,481,504,516,516,562,588,0,12,24,24],"floor_reached":50,"language":"ZHS","playtime":1059,"items_purged":["Strike_R"],"score":923,"play_id":"c371dca5-0165-444b-8ea5-1488b980636d","local_time":"20210204151731","is_ascension_mode":true,"campfire_choices":[{"data":"Searing Blow","floor":6.0,"key":"SMITH"},{"data":"Searing Blow+1","floor":8.0,"key":"SMITH"},{"data":"Searing Blow+2","floor":15.0,"key":"SMITH"},{"data":"Searing Blow+3","floor":23.0,"key":"SMITH"},{"data":"Searing Blow+4","floor":30.0,"key":"SMITH"},{"data":"Searing Blow+5","floor":32.0,"key":"SMITH"},{"data":"Searing Blow+6","floor":41.0,"key":"SMITH"},{"floor":49.0,"key":"RECALL"}],"circlet_count":0,"master_deck":["Strike_R+1","Strike_R","Defend_R","Defend_R+1","Defend_R+1","Defend_R","Bash+1","Searing Blow+7","Offering","Armaments+1","Double Tap","Uppercut+1"],"relics":["Burning Blood","Happy Flower","Red Skull","PreservedInsect","Smiling Mask","Oddly Smooth Stone","Velvet Choker","Matryoshka","Singing Bowl","Boot","Whetstone","Art of War","Nunchaku","Gremlin Horn","Mark of Pain","Dream Catcher","Orichalcum","Anchor","MealTicket","War Paint","TungstenRod","MawBank","Red Mask"],"acts_visited":["Exordium","TheCity","TheBeyond"],"potions_floor_usage":[50,50,50],"damage_taken":[{"damage":0.0,"enemies":"Small Slimes","floor":1.0,"turns":3.0},{"damage":2.0,"enemies":"Jaw Worm","floor":4.0,"turns":3.0},{"damage":1.0,"enemies":"Cultist","floor":7.0,"turns":3.0},{"damage":15.0,"enemies":"Lagavulin","floor":10.0,"turns":3.0},{"damage":22.0,"enemies":"Lots of Slimes","floor":11.0,"turns":4.0},{"damage":0.0,"enemies":"2 Fungi Beasts","floor":12.0,"turns":2.0},{"damage":7.0,"enemies":"3 Sentries","floor":13.0,"turns":4.0},{"damage":6.0,"enemies":"Large Slime","floor":14.0,"turns":3.0},{"damage":39.0,"enemies":"The Guardian","floor":16.0,"turns":12.0},{"damage":16.0,"enemies":"2 Thieves","floor":18.0,"turns":3.0},{"damage":6.0,"enemies":"Shell Parasite","floor":19.0,"turns":3.0},{"damage":16.0,"enemies":"3 Cultists","floor":22.0,"turns":5.0},{"damage":6.0,"enemies":"Gremlin Leader","floor":24.0,"turns":2.0},{"damage":12.0,"enemies":"Cultist and Chosen","floor":25.0,"turns":4.0},{"damage":16.0,"enemies":"Slavers","floor":27.0,"turns":3.0},{"damage":6.0,"enemies":"Centurion and Healer","floor":28.0,"turns":3.0},{"damage":6.0,"enemies":"Book of Stabbing","floor":29.0,"turns":2.0},{"damage":7.0,"enemies":"Slavers","floor":31.0,"turns":2.0},{"damage":17.0,"enemies":"Collector","floor":33.0,"turns":3.0},{"damage":0.0,"enemies":"Orb Walker","floor":35.0,"turns":2.0},{"damage":19.0,"enemies":"3 Darklings","floor":37.0,"turns":4.0},{"damage":31.0,"enemies":"Transient","floor":39.0,"turns":5.0},{"damage":10.0,"enemies":"Giant Head","floor":40.0,"turns":4.0},{"damage":15.0,"enemies":"Nemesis","floor":42.0,"turns":3.0},{"damage":6.0,"enemies":"4 Shapes","floor":44.0,"turns":4.0},{"damage":14.0,"enemies":"2 Orb Walkers","floor":46.0,"turns":3.0},{"damage":34,"enemies":"Awakened One","floor":50,"turns":7}],"seed_played":"606664880520935744","potions_obtained":[{"floor":4.0,"key":"Swift Potion"},{"floor":7.0,"key":"AttackPotion"},{"floor":12.0,"key":"BlessingOfTheForge"},{"floor":16.0,"key":"Ancient Potion"},{"floor":18.0,"key":"SkillPotion"},{"floor":27.0,"key":"Swift Potion"},{"floor":29.0,"key":"Strength Potion"},{"floor":33.0,"key":"Energy Potion"},{"floor":37.0,"key":"Ancient Potion"},{"floor":40.0,"key":"PowerPotion"},{"floor":42.0,"key":"SneckoOil"}],"is_trial":false,"path_per_floor":["M","$","?","M","?","R","M","R","T","E","M","M","E","M","R","B",null,"M","M","$","?","M","R","E","M","T","E","M","E","R","E","R","B",null,"M","T","M","?","M","E","R","E","T","M","?","?","T","?","R","B"],"character_chosen":"IRONCLAD","items_purchased":["Searing Blow","Matryoshka"],"campfire_rested":0,"item_purchase_floors":[2,20],"current_hp_per_floor":[78,78,60,64,57,57,62,62,62,53,37,43,42,42,42,9,62,52,52,52,52,42,42,44,38,38,28,30,32,32,33,33,22,72,80,80,69,69,46,44,44,37,37,39,39,31,31,31,31,0,0],"gold":24,"neow_bonus":"RANDOM_COMMON_RELIC","is_daily":false,"chose_seed":true,"campfire_upgraded":7,"win_rate":0.0,"timestamp":1612423051,"path_taken":["M","$","?","M","?","R","M","R","T","E","M","M","E","M","R","BOSS","M","M","$","?","M","R","E","M","T","E","M","E","R","E","R","BOSS","M","?","?","?","M","E","R","E","T","?","?","?","?","?","R","BOSS"],"items_purchased_type":["Card","Relic"],"build_version":"2020-12-22","purchased_purges":1,"victory":false,"max_hp_per_floor":[80,80,80,80,80,80,80,80,80,80,80,80,80,80,80,80,80,80,80,80,80,80,80,82,82,82,82,84,86,86,88,88,88,88,90,90,92,92,94,96,96,98,98,100,100,100,100,100,100,100,100],"relic_stats":{"Happy Flower":[33],"Singing Bowl":20,"Gremlin Horn":[12,12],"counters":[27,99],"PreservedInsect":400,"Whetstone":["Strike_R","Bash"],"Orichalcum":[18],"War Paint":["Defend_R","Defend_R"],"Smiling Mask":25,"Boot":[16],"MawBank":36,"Burning Blood":156,"Nunchaku":[7],"Dream Catcher":0,"MealTicket":0,"Art of War":[2],"obtain_stats":[{"Happy Flower":0,"Singing Bowl":24,"Gremlin Horn":31,"Oddly Smooth Stone":13,"Velvet Choker":17,"PreservedInsect":9,"Whetstone":26,"Orichalcum":38,"War Paint":43,"Smiling Mask":10,"Boot":26,"MawBank":47,"Burning Blood":0,"Nunchaku":29,"Dream Catcher":36,"Anchor":40,"Matryoshka":20,"MealTicket":42,"Mark of Pain":34,"Art of War":27,"Red Mask":48,"Red Skull":3,"TungstenRod":46},{"Happy Flower":0,"Singing Bowl":13,"Gremlin Horn":18,"Oddly Smooth Stone":7,"Velvet Choker":9,"PreservedInsect":3,"Whetstone":14,"Orichalcum":21,"War Paint":24,"Smiling Mask":4,"Boot":14,"MawBank":26,"Burning Blood":0,"Nunchaku":17,"Dream Catcher":20,"Anchor":23,"Matryoshka":11,"MealTicket":24,"Mark of Pain":19,"Art of War":15,"Red Mask":26,"Red Skull":1,"TungstenRod":26},{"Happy Flower":0,"Singing Bowl":50,"Gremlin Horn":64,"Oddly Smooth Stone":22,"Velvet Choker":37,"PreservedInsect":9,"Whetstone":54,"Orichalcum":73,"War Paint":85,"Smiling Mask":12,"Boot":54,"MawBank":92,"Burning Blood":0,"Nunchaku":62,"Dream Catcher":69,"Anchor":82,"Matryoshka":43,"MealTicket":85,"Mark of Pain":67,"Art of War":57,"Red Mask":92,"Red Skull":3,"TungstenRod":92}],"TungstenRod":6},"card_choices":[{"not_picked":["Twin Strike","Entrench","Iron Wave"],"picked":"SKIP","floor":1.0},{"not_picked":["Entrench","True Grit","Perfected Strike"],"picked":"SKIP","floor":4.0},{"not_picked":["Carnage","Body Slam","Havoc"],"picked":"SKIP","floor":7.0},{"not_picked":["Battle Trance","Thunderclap","True Grit"],"picked":"SKIP","floor":10.0},{"not_picked":["Blood for Blood","Dual Wield","Wild Strike"],"picked":"SKIP","floor":11.0},{"not_picked":["Havoc","Thunderclap","Demon Form"],"picked":"SKIP","floor":12.0},{"not_picked":["Pummel","Anger","Combust"],"picked":"SKIP","floor":13.0},{"not_picked":["Metallicize","Disarm","True Grit"],"picked":"SKIP","floor":14.0},{"not_picked":["Juggernaut","Demon Form"],"picked":"Offering","floor":16.0},{"not_picked":["Uppercut","Spot Weakness+1","Armaments"],"picked":"SKIP","floor":18.0},{"not_picked":["Twin Strike","Feel No Pain","Flex"],"picked":"SKIP","floor":19.0},{"not_picked":["Bloodletting","Uppercut","Inflame"],"picked":"SKIP","floor":22.0},{"not_picked":["Anger","Flame Barrier+1","Rage"],"picked":"Singing Bowl","floor":24.0},{"not_picked":["Clash","Pummel"],"picked":"Headbutt+1","floor":25.0},{"not_picked":["Wild Strike","Havoc"],"picked":"Armaments+1","floor":27.0},{"not_picked":["Carnage+1","Disarm+1","Sword Boomerang"],"picked":"Singing Bowl","floor":28.0},{"not_picked":["Dual Wield","Brutality","Havoc+1"],"picked":"Singing Bowl","floor":29.0},{"not_picked":["Body Slam","Second Wind+1","Warcry"],"picked":"Singing Bowl","floor":31.0},{"not_picked":["Impervious","Corruption"],"picked":"Double Tap","floor":33.0},{"not_picked":["Wild Strike+1","Clash+1","Clothesline"],"picked":"Singing Bowl","floor":35.0},{"not_picked":["Sword Boomerang+1","Clash","Armaments+1"],"picked":"Singing Bowl","floor":37.0},{"not_picked":["Dark Embrace+1","Impervious","Anger+1"],"picked":"Singing Bowl","floor":39.0},{"not_picked":["Power Through","Shockwave+1","Entrench"],"picked":"Singing Bowl","floor":40.0},{"not_picked":["Armaments+1","Feel No Pain+1","Infernal Blade"],"picked":"Singing Bowl","floor":42.0},{"not_picked":["Infernal Blade","Havoc","Thunderclap+1"],"picked":"Singing Bowl","floor":44.0},{"not_picked":["Pommel Strike","Sword Boomerang"],"picked":"Uppercut+1","floor":46.0}],"player_experience":127323,"relics_obtained":[{"floor":9.0,"key":"PreservedInsect"},{"floor":10.0,"key":"Smiling Mask"},{"floor":13.0,"key":"Oddly Smooth Stone"},{"floor":24.0,"key":"Singing Bowl"},{"floor":26.0,"key":"Boot"},{"floor":26.0,"key":"Whetstone"},{"floor":27.0,"key":"Art of War"},{"floor":29.0,"key":"Nunchaku"},{"floor":31.0,"key":"Gremlin Horn"},{"floor":36.0,"key":"Dream Catcher"},{"floor":40.0,"key":"Anchor"},{"floor":42.0,"key":"MealTicket"},{"floor":43.0,"key":"War Paint"},{"floor":46.0,"key":"TungstenRod"},{"floor":47.0,"key":"MawBank"}],"event_choices":[{"damage_healed":0.0,"max_hp_gain":0.0,"max_hp_loss":0.0,"gold_gain":0.0,"event_name":"Scrap Ooze","player_choice":"Success","floor":3.0,"gold_loss":0.0,"damage_taken":18.0,"relics_obtained":["Red Skull"]},{"cards_removed":["Strike_R"],"damage_healed":0.0,"max_hp_gain":0.0,"max_hp_loss":0.0,"gold_gain":0.0,"event_name":"Golden Wing","player_choice":"Card Removal","floor":5.0,"gold_loss":0.0,"damage_taken":7.0},{"cards_removed":["Strike_R"],"damage_healed":0.0,"max_hp_gain":0.0,"max_hp_loss":0.0,"gold_gain":0.0,"event_name":"Bonfire Elementals","player_choice":"Offered Basic","floor":21.0,"gold_loss":0.0,"damage_taken":0.0},{"damage_healed":0.0,"max_hp_gain":0.0,"max_hp_loss":0.0,"gold_gain":0.0,"event_name":"WeMeetAgain","player_choice":"Gave Potion","floor":38.0,"gold_loss":0.0,"damage_taken":0.0,"relics_obtained":["Orichalcum"]},{"cards_removed":["Headbutt"],"damage_healed":0.0,"max_hp_gain":0.0,"max_hp_loss":0.0,"gold_gain":0.0,"event_name":"Falling","player_choice":"Removed Attack","floor":45.0,"gold_loss":0.0,"damage_taken":0.0},{"damage_healed":0.0,"max_hp_gain":0.0,"max_hp_loss":0.0,"gold_gain":0.0,"event_name":"Mysterious Sphere","player_choice":"Fight","floor":46.0,"gold_loss":0.0,"damage_taken":0.0},{"damage_healed":0.0,"max_hp_gain":0.0,"max_hp_loss":0.0,"gold_gain":0.0,"event_name":"Tomb of Lord Red Mask","player_choice":"Paid","floor":48.0,"gold_loss":600.0,"damage_taken":0.0,"relics_obtained":["Red Mask"]}],"is_beta":false,"boss_relics":[{"not_picked":["Ectoplasm","SacredBark"],"picked":"Velvet Choker"},{"not_picked":["Astrolabe","Pandora\u0027s Box"],"picked":"Mark of Pain"}],"items_purged_floors":[20],"is_endless":false,"potions_floor_spawned":[4,7,12,16,18,27,28,29,31,33,37,40,42],"killed_by":"Awakened One","ascension_level":7}}