{"host":"q8niu1x2pgv94o1d","time":1612478242,"event":{"mods":["AchievementEnabler","BaseMod","Colored Map","Colored Powertips","Minty Spire (QoL Compilation)","StSLib"],"gold_per_floor":[116,116,116,137,137,175,175,195,195,195,219,294,327,352,352,446,446,464,464,135,153,174,174,212,0,69,69,69,69,82,98,98,197,197,221,554,554,554,565,565,359,385,410,436,452,469,469,484,484,484,484],"floor_reached":52,"language":"ENG","playtime":4064,"items_purged":["Defend_G","Defend_G","Writhe"],"score":1980,"play_id":"627bbb65-41a6-4026-a9a0-90217d708db0","local_time":"20210204233722","is_ascension_mode":true,"campfire_choices":[{"data":"Finisher","floor":7.0,"key":"SMITH"},{"data":"All Out Attack","floor":10.0,"key":"SMITH"},{"data":"Footwork","floor":15.0,"key":"SMITH"},{"data":"After Image","floor":23.0,"key":"SMITH"},{"data":"Blade Dance","floor":29.0,"key":"SMITH"},{"data":"Blade Dance","floor":32.0,"key":"SMITH"},{"data":"Burst","floor":40,"key":"SMITH"},{"data":"Accuracy","floor":47,"key":"SMITH"},{"data":"Leg Sweep","floor":49,"key":"SMITH"}],"circlet_count":0,"master_deck":["AscendersBane","Strike_G","Strike_G","Defend_G","Defend_G","Defend_G","Survivor","Neutralize","Finisher+1","Dagger Spray","All Out Attack+1","Footwork+1","Corpse Explosion","Crippling Poison","After Image+1","Slice+1","Blade Dance+1","Terror","Leg Sweep+1","Blade Dance+1","Reflex","Cloak And Dagger","Noxious Fumes","Dagger Throw","Backflip","Burst+1","Bane+1","Finesse","Impatience","Accuracy+1","Cloak And Dagger","Distraction+1"],"relics":["Ring of the Snake","NeowsBlessing","Incense Burner","Darkstone Periapt","Toy Ornithopter","Coffee Dripper","TwistedFunnel","Prayer Wheel","Kunai","Pantograph","Busted Crown","Ninja Scroll","Potion Belt","Smiling Mask"],"acts_visited":["Exordium","TheCity","TheBeyond"],"potions_floor_usage":[33,42,50,51,51,51],"damage_taken":[{"damage":0.0,"enemies":"2 Louse","floor":1.0,"turns":1.0},{"damage":0.0,"enemies":"Small Slimes","floor":4.0,"turns":1.0},{"damage":0.0,"enemies":"Lagavulin","floor":6.0,"turns":1.0},{"damage":0.0,"enemies":"Cultist","floor":8.0,"turns":3.0},{"damage":6.0,"enemies":"3 Louse","floor":11.0,"turns":2.0},{"damage":8.0,"enemies":"Gremlin Nob","floor":13.0,"turns":3.0},{"damage":0.0,"enemies":"Lots of Slimes","floor":14.0,"turns":1.0},{"damage":33.0,"enemies":"The Guardian","floor":16.0,"turns":10.0},{"damage":8.0,"enemies":"Shell Parasite","floor":18.0,"turns":7.0},{"damage":10.0,"enemies":"2 Thieves","floor":21.0,"turns":3.0},{"damage":4.0,"enemies":"3 Cultists","floor":22.0,"turns":4.0},{"damage":20.0,"enemies":"Book of Stabbing","floor":24.0,"turns":6.0},{"damage":2.0,"enemies":"Centurion and Healer","floor":30.0,"turns":2.0},{"damage":0.0,"enemies":"Snecko","floor":31.0,"turns":4.0},{"damage":35,"enemies":"Automaton","floor":33,"turns":9},{"damage":0,"enemies":"3 Shapes","floor":35,"turns":2},{"damage":0,"enemies":"Orb Walker","floor":39,"turns":3},{"damage":8,"enemies":"Giant Head","floor":42,"turns":6},{"damage":0,"enemies":"Nemesis","floor":44,"turns":7},{"damage":3,"enemies":"Spire Growth","floor":45,"turns":4},{"damage":0,"enemies":"Jaw Worm Horde","floor":46,"turns":3},{"damage":0,"enemies":"4 Shapes","floor":48,"turns":3},{"damage":66,"enemies":"Time Eater","floor":50,"turns":15},{"damage":12,"enemies":"Awakened One","floor":51,"turns":13}],"seed_played":"6148069138213813679","potions_obtained":[{"floor":3.0,"key":"BlessingOfTheForge"},{"floor":3.0,"key":"Energy Potion"},{"floor":8.0,"key":"FearPotion"},{"floor":14.0,"key":"AttackPotion"},{"floor":18.0,"key":"DuplicationPotion"},{"floor":24.0,"key":"Fire Potion"},{"floor":35,"key":"SteroidPotion"},{"floor":42,"key":"Swift Potion"},{"floor":46,"key":"PowerPotion"},{"floor":48,"key":"DuplicationPotion"}],"is_trial":false,"path_per_floor":["M","?","?","M","?","E","R","M","T","R","M","?","E","M","R","B",null,"M","?","$","M","M","R","E","$","T","?","?","R","M","M","R","B",null,"M","?","?","?","M","R","$","E","T","E","M","M","R","M","R","B","B",null],"character_chosen":"THE_SILENT","items_purchased":["TwistedFunnel","Terror","SkillPotion","Cloak And Dagger","Accuracy"],"campfire_rested":0,"item_purchase_floors":[20,20,25,25,41],"current_hp_per_floor":[59,59,59,59,59,59,59,59,59,59,53,42,34,34,34,6,47,39,39,39,34,30,30,15,15,15,15,21,21,19,19,19,14,53,53,53,53,48,48,48,48,45,45,45,42,42,42,42,42,5,33],"gold":484,"neow_bonus":"THREE_ENEMY_KILL","is_daily":false,"chose_seed":false,"campfire_upgraded":9,"win_rate":0.0,"timestamp":1612478242,"path_taken":["M","?","?","?","?","E","R","M","T","R","?","?","E","M","R","BOSS","M","?","$","M","M","R","E","$","T","?","?","R","?","M","R","BOSS","M","?","?","?","M","R","?","E","T","E","?","M","R","M","R","BOSS","BOSS"],"items_purchased_type":["Relic","Card","Potion","Card","Card"],"build_version":"2020-12-22","purchased_purges":3,"victory":true,"max_hp_per_floor":[66,60,60,60,60,60,60,60,60,60,60,60,60,60,60,60,60,60,60,60,60,60,60,60,60,60,60,66,66,66,66,66,66,66,66,66,66,66,66,66,66,66,66,66,66,66,66,66,66,66,66],"card_choices":[{"not_picked":["Slice","Dagger Throw"],"picked":"Finisher","floor":1.0},{"not_picked":["Quick Slash","Choke"],"picked":"Dagger Spray","floor":4.0},{"not_picked":["Prepared","Masterful Stab"],"picked":"All Out Attack","floor":6.0},{"not_picked":["Dagger Spray","Setup","Bouncing Flask"],"picked":"SKIP","floor":8.0},{"not_picked":["Catalyst","Bane"],"picked":"Footwork","floor":11.0},{"not_picked":["Leg Sweep","Reflex"],"picked":"Corpse Explosion","floor":13.0},{"not_picked":["Acrobatics","Slice"],"picked":"Crippling Poison","floor":14.0},{"not_picked":["Grand Finale","Night Terror"],"picked":"After Image","floor":16.0},{"not_picked":["Poisoned Stab","Flechettes"],"picked":"Slice+1","floor":18.0},{"not_picked":["Setup","Eviscerate"],"picked":"Leg Sweep","floor":21.0},{"not_picked":["Slice","Bouncing Flask"],"picked":"Blade Dance","floor":22.0},{"not_picked":["Riddle With Holes","Expertise+1"],"picked":"Reflex","floor":24.0},{"not_picked":["Outmaneuver","Bane"],"picked":"Backflip","floor":30.0},{"not_picked":["Riddle With Holes","Flying Knee","Poisoned Stab"],"picked":"SKIP","floor":30.0},{"not_picked":["Finisher","Deadly Poison","Expertise"],"picked":"SKIP","floor":31.0},{"not_picked":["Setup","Deadly Poison","Dagger Spray"],"picked":"SKIP","floor":31.0},{"not_picked":["Night Terror","Bullet Time"],"picked":"Burst","floor":33},{"not_picked":[],"picked":"Bane+1","floor":35},{"not_picked":["Reflex"],"picked":"SKIP","floor":35},{"not_picked":[],"picked":"Finesse","floor":38},{"not_picked":[],"picked":"Impatience","floor":38},{"not_picked":["Skewer"],"picked":"SKIP","floor":39},{"not_picked":["Quick Slash"],"picked":"SKIP","floor":39},{"not_picked":[],"picked":"Cloak And Dagger","floor":42},{"not_picked":["Slice"],"picked":"SKIP","floor":44},{"not_picked":[],"picked":"Distraction+1","floor":45},{"not_picked":["Cloak And Dagger"],"picked":"SKIP","floor":45},{"not_picked":["Cloak And Dagger"],"picked":"SKIP","floor":46},{"not_picked":["Backstab"],"picked":"SKIP","floor":46},{"not_picked":["Flechettes"],"picked":"SKIP","floor":48},{"not_picked":["Outmaneuver"],"picked":"SKIP","floor":48}],"player_experience":1817832,"relics_obtained":[{"floor":6.0,"key":"Incense Burner"},{"floor":9.0,"key":"Darkstone Periapt"},{"floor":13.0,"key":"Toy Ornithopter"},{"floor":24.0,"key":"Prayer Wheel"},{"floor":26.0,"key":"Kunai"},{"floor":42,"key":"Ninja Scroll"},{"floor":43,"key":"Potion Belt"},{"floor":44,"key":"Smiling Mask"}],"event_choices":[{"damage_healed":0.0,"max_hp_gain":0.0,"max_hp_loss":6.0,"gold_gain":0.0,"event_name":"Golden Idol","player_choice":"Lose Max HP","floor":2.0,"gold_loss":0.0,"damage_taken":0.0,"relics_obtained":["Golden Idol"]},{"damage_healed":0.0,"max_hp_gain":0.0,"max_hp_loss":0.0,"gold_gain":0.0,"event_name":"Lab","player_choice":"Got Potions","floor":3.0,"gold_loss":0.0,"damage_taken":0.0},{"cards_removed":["Strike_G"],"damage_healed":0.0,"max_hp_gain":0.0,"max_hp_loss":0.0,"gold_gain":0.0,"event_name":"Purifier","player_choice":"Purged","floor":5.0,"gold_loss":0.0,"damage_taken":0.0},{"damage_healed":0.0,"max_hp_gain":0.0,"max_hp_loss":0.0,"gold_gain":75.0,"event_name":"World of Goop","player_choice":"Gather Gold","floor":12.0,"gold_loss":0.0,"damage_taken":11.0},{"damage_healed":0.0,"max_hp_gain":0.0,"max_hp_loss":0.0,"gold_gain":0.0,"event_name":"The Library","player_choice":"Read","floor":19.0,"gold_loss":0.0,"damage_taken":0.0,"cards_obtained":["Blade Dance"]},{"damage_healed":0.0,"max_hp_gain":0.0,"max_hp_loss":0.0,"gold_gain":0.0,"cards_transformed":["Strike_G","Strike_G"],"event_name":"Drug Dealer","player_choice":"Became Test Subject","floor":27.0,"gold_loss":0.0,"damage_taken":0.0,"cards_obtained":["Noxious Fumes","Dagger Throw"]},{"damage_healed":0.0,"max_hp_gain":0.0,"max_hp_loss":0.0,"gold_gain":0.0,"event_name":"The Mausoleum","player_choice":"Opened","floor":28.0,"gold_loss":0.0,"damage_taken":0.0,"relics_obtained":["Pantograph"],"cards_obtained":["Writhe"]},{"damage_healed":0,"gold_gain":333,"player_choice":"Gave Idol","damage_taken":0,"max_hp_gain":0,"max_hp_loss":0,"event_name":"The Moai Head","floor":36,"relics_lost":["Golden Idol"],"gold_loss":0},{"damage_healed":0,"gold_gain":0,"player_choice":"Ignored","damage_taken":0,"max_hp_gain":0,"max_hp_loss":0,"event_name":"Mysterious Sphere","floor":37,"gold_loss":0},{"damage_healed":0,"gold_gain":0,"player_choice":"Memory 2","damage_taken":5,"max_hp_gain":0,"max_hp_loss":0,"event_name":"SensoryStone","floor":38,"gold_loss":0}],"is_beta":false,"boss_relics":[{"not_picked":["HoveringKite","Runic Pyramid"],"picked":"Coffee Dripper"},{"not_picked":["Black Star","Ring of the Serpent"],"picked":"Busted Crown"}],"items_purged_floors":[20,25,41],"is_endless":false,"potions_floor_spawned":[4,6,8,14,18,24,30,35,42,46,48],"ascension_level":20}}