{"host":"820xk69ekh5gtclf","time":1612478426,"event":{"mods":["Ascension Unlocker","BaseMod","Curses Come First","Custom Start","Downfall","Filter the Spire","Minty Spire (QoL Compilation)","Relic Stats","StSLib"],"gold_per_floor":[112,130,144,160,180,180,209,209,209,242,253,253,273,285,285,285,285,285],"floor_reached":16,"language":"ENG","playtime":1248,"items_purged":[],"score":203,"play_id":"3c2c4dd0-f1b1-4bae-92b9-8df13f94e501","local_time":"20210204174026","is_ascension_mode":true,"campfire_choices":[{"data":"bronze:Optimize","floor":6.0,"key":"SMITH"},{"data":"bronze:Defend","floor":8.0,"key":"SMITH"},{"data":"bronze:Format","floor":15.0,"key":"SMITH"}],"circlet_count":0,"master_deck":["AscendersBane","bronze:Strike","bronze:Strike","bronze:Strike","bronze:Strike","bronze:Defend","bronze:Defend+1","bronze:Defend+1","bronze:Defend+1","bronze:Replicate","bronze:Goto","bronze:CutThrough","bronze:CutThrough","bronze:Safeguard","bronze:WhirlingStrike","bronze:Optimize+1","bronze:Format+1","bronze:ItsAFeature"],"relics":["bronze:BronzeCore","Centennial Puzzle","War Paint","Mummified Hand","GremlinMask"],"acts_visited":["Exordium"],"potions_floor_usage":[],"damage_taken":[{"damage":0.0,"enemies":"Cultist","floor":1.0,"turns":5.0},{"damage":2.0,"enemies":"Jaw Worm","floor":2.0,"turns":4.0},{"damage":5.0,"enemies":"Small Slimes","floor":3.0,"turns":4.0},{"damage":7.0,"enemies":"Exordium Thugs","floor":4.0,"turns":5.0},{"damage":4.0,"enemies":"Exordium Wildlife","floor":5.0,"turns":3.0},{"damage":20.0,"enemies":"3 Sentries","floor":7.0,"turns":7.0},{"damage":15.0,"enemies":"Gremlin Nob","floor":10.0,"turns":4.0},{"damage":2.0,"enemies":"Blue Slaver","floor":11.0,"turns":4.0},{"damage":0.0,"enemies":"Looter","floor":13.0,"turns":3.0},{"damage":0.0,"enemies":"Exordium Wildlife","floor":14.0,"turns":5.0},{"damage":2,"enemies":"Hexaghost","floor":16,"turns":10}],"seed_played":"4729712324710932813","potions_obtained":[{"floor":1.0,"key":"Ancient Potion"},{"floor":3.0,"key":"FearPotion"},{"floor":4.0,"key":"Energy Potion"},{"floor":10.0,"key":"Energy Potion"}],"is_trial":false,"path_per_floor":["M","M","M","M","M","R","E","R","T","E","M","?","M","M","R","B"],"character_chosen":"THE_AUTOMATON","items_purchased":[],"campfire_rested":0,"item_purchase_floors":[],"current_hp_per_floor":[57,55,50,43,39,39,19,19,19,4,2,2,2,2,2,0,0,0],"gold":285,"neow_bonus":"RANDOM_COMMON_RELIC","is_daily":false,"chose_seed":false,"campfire_upgraded":3,"win_rate":0.0,"timestamp":1612478426,"path_taken":["M","M","M","M","M","R","E","R","T","E","?","?","M","M","R","BOSS"],"items_purchased_type":[],"build_version":"2020-12-22","purchased_purges":0,"victory":false,"max_hp_per_floor":[63,63,63,63,63,63,63,63,63,63,63,63,63,63,63,63,63,63],"relic_stats":{"Centennial Puzzle":[24],"counters":[11,54],"Mummified Hand":[5],"War Paint":["bronze:Defend","bronze:Defend"],"obtain_stats":[{"Centennial Puzzle":0,"bronze:BronzeCore":0,"Mummified Hand":10,"GremlinMask":12,"War Paint":7},{"Centennial Puzzle":0,"bronze:BronzeCore":0,"Mummified Hand":7,"GremlinMask":8,"War Paint":6},{"Centennial Puzzle":0,"bronze:BronzeCore":0,"Mummified Hand":32,"GremlinMask":36,"War Paint":28}]},"card_choices":[{"not_picked":["bronze:ForceShield","bronze:Deprecate"],"picked":"bronze:CutThrough","floor":1.0},{"not_picked":["bronze:ItsAFeature","bronze:Overheat"],"picked":"bronze:CutThrough","floor":2.0},{"not_picked":["bronze:DelayedGuard","bronze:ForLoop"],"picked":"bronze:Safeguard","floor":3.0},{"not_picked":["bronze:BronzeArmor","bronze:Constructor"],"picked":"bronze:WhirlingStrike","floor":4.0},{"not_picked":["bronze:FineTuning","bronze:Frontload"],"picked":"bronze:Optimize","floor":5.0},{"not_picked":["bronze:Shield","bronze:DarkDash","bronze:CloningBeam"],"picked":"SKIP","floor":7.0},{"not_picked":["bronze:Philosophize","bronze:WhirlingStrike"],"picked":"bronze:Format","floor":10.0},{"not_picked":["bronze:ForceShield","bronze:Constructor","bronze:BuggyMess"],"picked":"SKIP","floor":11.0},{"not_picked":["bronze:Philosophize","bronze:Constructor","bronze:WildBeam"],"picked":"SKIP","floor":13.0},{"not_picked":["bronze:BugBarrage","bronze:WhirlingStrike"],"picked":"bronze:ItsAFeature","floor":14.0}],"player_experience":2342606,"relics_obtained":[{"floor":7.0,"key":"War Paint"},{"floor":10.0,"key":"Mummified Hand"}],"event_choices":[{"damage_healed":0.0,"max_hp_gain":0.0,"max_hp_loss":0.0,"gold_gain":0.0,"event_name":"FaceTrader","player_choice":"Trade","floor":12.0,"gold_loss":0.0,"damage_taken":0.0,"relics_obtained":["GremlinMask"]}],"is_beta":false,"boss_relics":[],"items_purged_floors":[],"is_endless":false,"potions_floor_spawned":[1,3,4,10],"killed_by":"Hexaghost","ascension_level":15}}