{"host":"y7b1p9nkx4idorr2","time":1612476638,"event":{"mods":["AchievementEnabler","Act Like it!","BaseMod","Colored Map","Downfall","GifTheSpireLib","Googly Eyes","Highlight Path","Mimic Mod","Minty Spire (QoL Compilation)","Shop Mod","Spicy Shops","StSLib","Unceasing Turn Reminder"],"gold_per_floor":[99,110,122,135,148,48,79,79,111,11,0,150,50,68,78,177,177,177,191,23,23,42,72,98,98,98,98,98,132,132,159,172,275,275,275,294,136,154,154,154,154],"floor_reached":39,"language":"ENG","playtime":2011,"items_purged":["Doubt"],"score":533,"play_id":"52fed246-f6e0-4607-b81e-5f8c8fa5d4e3","local_time":"20210204161038","is_ascension_mode":true,"campfire_choices":[{"floor":1,"key":"RECALL"},{"data":"bronze:Philosophize","floor":6,"key":"SMITH"},{"floor":10,"key":"REST"},{"data":"bronze:FineTuning","floor":13,"key":"SMITH"},{"data":"bronze:Iterate","floor":18,"key":"SMITH"},{"floor":26,"key":"REST"},{"floor":30,"key":"REST"},{"data":"bronze:Optimize","floor":35,"key":"SMITH"}],"circlet_count":0,"master_deck":["bronze:Strike","bronze:Strike","bronze:Strike","bronze:Strike","bronze:Defend","bronze:Defend","bronze:Defend","bronze:Defend","bronze:Replicate","bronze:Goto","bronze:Constructor","bronze:Philosophize+1","bronze:FollowUp","bronze:GetLatest","bronze:DelayedSlice","bronze:Iterate+1","bronze:FineTuning+1","downfall:Icky","bronze:MaxOutput","bronze:Shell","bronze:TinkerersToolbox","bronze:Shell","bronze:Optimize+1","bronze:Branch+1","bronze:Overheat","bronze:FineTuning+1","bronze:Iterate","bronze:RecursiveStrike","bronze:InfiniteLoop","bronze:Separator+1"],"relics":["bronze:BronzeCore","Torii","downfall:HeartBlessingRed","Ancient Tea Set","downfall:HeartBlessingGreen","downfall:HeartBlessingBlue","SlaversCollar","Ginger","bronze:SilverBullet","MutagenicStrength","Omamori","Bottled Tornado","Busted Crown","Juzu Bracelet"],"acts_visited":["Exordium","TheCity","TheBeyond"],"potions_floor_usage":[9,16,16,33,33,33,37,39],"damage_taken":[{"damage":8,"enemies":"2 Louse","floor":2,"turns":4},{"damage":0,"enemies":"Small Slimes","floor":3,"turns":4},{"damage":3,"enemies":"Jaw Worm","floor":4,"turns":6},{"damage":8,"enemies":"Blue Slaver","floor":5,"turns":3},{"damage":0,"enemies":"2 Fungi Beasts","floor":7,"turns":7},{"damage":34,"enemies":"Gremlin Nob","floor":9,"turns":4},{"damage":5,"enemies":"downfall:FleeingMerchant","floor":11,"turns":4},{"damage":0,"enemies":"2 Fungi Beasts","floor":14,"turns":2},{"damage":0,"enemies":"Large Slime","floor":15,"turns":4},{"damage":33,"enemies":"SI_SHIV_ARCHETYPE","floor":16,"turns":8},{"damage":3,"enemies":"3 Byrds","floor":19,"turns":6},{"damage":0,"enemies":"downfall:FleeingMerchant","floor":20,"turns":4},{"damage":19,"enemies":"Chosen","floor":22,"turns":7},{"damage":32,"enemies":"Slavers","floor":23,"turns":5},{"damage":0,"enemies":"Gremlin Leader","floor":29,"turns":8},{"damage":20,"enemies":"Book of Stabbing","floor":31,"turns":5},{"damage":0,"enemies":"Snecko","floor":32,"turns":2},{"damage":28,"enemies":"WA_ARCHETYPE_CALM","floor":33,"turns":7},{"damage":0,"enemies":"Orb Walker","floor":36,"turns":1},{"damage":1,"enemies":"downfall:FleeingMerchant","floor":37,"turns":4},{"damage":13,"enemies":"3 Darklings","floor":38,"turns":4},{"damage":94,"enemies":"2 Orb Walkers","floor":39,"turns":5}],"seed_played":"4146077315057592956","potions_obtained":[{"floor":4,"key":"LiquidMemories"},{"floor":9,"key":"Strength Potion"},{"floor":14,"key":"Dexterity Potion"},{"floor":19,"key":"Guardian:BlockOnCardUsePotion"},{"floor":31,"key":"SpeedPotion"},{"floor":32,"key":"AttackPotion"},{"floor":33,"key":"SneckoOil"},{"floor":36,"key":"Block Potion"}],"is_trial":false,"path_per_floor":["R","M","M","M","M","R","MIM","?","E","R","$","?","R","M","M","B",null,"R","M","$","?","M","E","T","?","R","?","?","E","R","E","M","B",null,"R","M","?","M","?"],"character_chosen":"THE_AUTOMATON","items_purchased":["bronze:Optimize","Juzu Bracelet"],"campfire_rested":3,"item_purchase_floors":[20,37],"current_hp_per_floor":[70,62,62,59,51,51,51,51,17,38,33,33,43,43,43,10,80,80,77,77,77,58,26,26,26,50,50,35,35,60,40,40,12,85,85,85,84,71,0,0,0],"gold":154,"neow_bonus":"ONE_RARE_RELIC","is_daily":false,"chose_seed":false,"campfire_upgraded":4,"win_rate":0.0,"timestamp":1612476638,"path_taken":["R","M","M","M","M","R","MIM","?","E","R","$","?","R","?","M","BOSS","R","M","$","?","M","E","T","?","R","?","?","E","R","E","M","BOSS","R","M","?","M","?"],"items_purchased_type":["Card","Relic"],"build_version":"2020-12-22","purchased_purges":1,"victory":false,"max_hp_per_floor":[70,70,70,70,70,70,70,70,70,70,70,70,80,80,80,80,80,80,80,80,80,80,80,80,80,80,80,85,85,85,85,85,85,85,85,85,85,85,85,85,85],"card_choices":[{"not_picked":["bronze:Invalidate","bronze:BronzeArmor"],"picked":"bronze:Constructor","floor":2},{"not_picked":["bronze:WildBeam","bronze:Deprecate"],"picked":"bronze:Philosophize","floor":3},{"not_picked":["bronze:BitShift","bronze:FineTuning"],"picked":"bronze:FollowUp","floor":4},{"not_picked":["bronze:Repair","bronze:CutThrough"],"picked":"bronze:GetLatest","floor":5},{"not_picked":["bronze:Constructor","bronze:Fortify"],"picked":"bronze:DelayedSlice","floor":7},{"not_picked":["bronze:Turbo","bronze:Frontload"],"picked":"bronze:Iterate","floor":9},{"not_picked":["bronze:Frontload","bronze:SpaghettiCode"],"picked":"bronze:FineTuning","floor":11},{"not_picked":["bronze:DigitalCarnage","bronze:WildBeam"],"picked":"bronze:MaxOutput","floor":14},{"not_picked":["bronze:Frontload","bronze:WhirlingStrike"],"picked":"bronze:Shell","floor":15},{"not_picked":["bronze:SpaghettiCode","bronze:Assembly"],"picked":"bronze:TinkerersToolbox","floor":16},{"not_picked":["bronze:Invalidate","bronze:Refactor"],"picked":"bronze:Shell","floor":19},{"not_picked":["bronze:Backtrace+1","bronze:MaxOutput","bronze:ForLoop"],"picked":"SKIP","floor":20},{"not_picked":["bronze:Constructor+1","bronze:Optimize"],"picked":"bronze:Branch+1","floor":22},{"not_picked":["bronze:ThunderWave","bronze:BuggyMess"],"picked":"bronze:Overheat","floor":23},{"not_picked":["bronze:ChosenStrike","bronze:DelayedGuard+1"],"picked":"bronze:FineTuning+1","floor":29},{"not_picked":["bronze:OilSpill","bronze:Overheat"],"picked":"bronze:Iterate","floor":31},{"not_picked":["bronze:WhirlingStrike","bronze:Frontload+1"],"picked":"bronze:RecursiveStrike","floor":32},{"not_picked":["bronze:ThunderWave","bronze:Hardcode"],"picked":"bronze:InfiniteLoop","floor":33},{"not_picked":["bronze:Repair"],"picked":"SKIP","floor":36},{"not_picked":[],"picked":"bronze:Separator+1","floor":37},{"not_picked":["bronze:BugBarrage+1"],"picked":"SKIP","floor":38}],"player_experience":2290760,"relics_obtained":[{"floor":9,"key":"Ancient Tea Set"},{"floor":23,"key":"Ginger"},{"floor":24,"key":"bronze:SilverBullet"},{"floor":29,"key":"Omamori"},{"floor":31,"key":"Bottled Tornado"}],"event_choices":[{"damage_healed":0,"gold_gain":0,"player_choice":"Inject Mutagens","damage_taken":0,"relics_obtained":["MutagenicStrength"],"max_hp_gain":0,"max_hp_loss":0,"event_name":"Drug Dealer","floor":25,"gold_loss":0},{"damage_healed":0,"gold_gain":0,"player_choice":"Fight","damage_taken":0,"max_hp_gain":0,"max_hp_loss":0,"event_name":"Mysterious Sphere","floor":39,"gold_loss":0}],"is_beta":false,"boss_relics":[{"not_picked":["Empty Cage","bronze:PlatinumCore"],"picked":"SlaversCollar"},{"not_picked":["Coffee Dripper","Runic Dome"],"picked":"Busted Crown"}],"items_purged_floors":[20],"is_endless":false,"potions_floor_spawned":[4,9,14,19,31,32,33,36],"killed_by":"2 Orb Walkers","ascension_level":2}}