{"host":"9709z2dy8v1s63sm","time":1612422311,"event":{"mods":["AchievementEnabler","BaseMod","Minty Spire (QoL Compilation)","StSLib","SuperFastMode"],"gold_per_floor":[109,121,141,159,159,194,206,206,206],"floor_reached":8,"language":"KOR","playtime":315,"items_purged":[],"score":105,"play_id":"44f8e785-15a0-4eb3-80ea-9463aab18d34","local_time":"20210204160511","is_ascension_mode":true,"campfire_choices":[],"circlet_count":0,"master_deck":["AscendersBane","Strike_R","Strike_R","Strike_R","Strike_R","Defend_R","Defend_R","Defend_R","Defend_R","Bash","Battle Trance","Reckless Charge","Second Wind","Hemokinesis"],"relics":["Burning Blood","Tiny Chest"],"acts_visited":["Exordium"],"potions_floor_usage":[6],"damage_taken":[{"damage":9.0,"enemies":"2 Louse","floor":1.0,"turns":4.0},{"damage":1.0,"enemies":"Cultist","floor":2.0,"turns":4.0},{"damage":9.0,"enemies":"Jaw Worm","floor":3.0,"turns":6.0},{"damage":19.0,"enemies":"Blue Slaver","floor":4.0,"turns":4.0},{"damage":28,"enemies":"Gremlin Nob","floor":6,"turns":4},{"damage":26,"enemies":"Large Slime","floor":7,"turns":5},{"damage":12,"enemies":"3 Sentries","floor":8,"turns":2}],"seed_played":"-1252115339957159939","potions_obtained":[{"floor":2.0,"key":"Strength Potion"},{"floor":3.0,"key":"Fire Potion"}],"is_trial":false,"path_per_floor":["M","M","M","M","?","E","M","E"],"character_chosen":"IRONCLAD","items_purchased":[],"campfire_rested":0,"item_purchase_floors":[],"current_hp_per_floor":[65,70,67,54,54,32,12,0,0],"gold":206,"neow_bonus":"REMOVE_CARD","is_daily":false,"chose_seed":false,"campfire_upgraded":0,"win_rate":0.0,"timestamp":1612422311,"path_taken":["M","M","M","M","?","E","M","E"],"items_purchased_type":[],"build_version":"2020-12-22","purchased_purges":0,"victory":false,"max_hp_per_floor":[75,75,75,75,75,75,75,75,75],"card_choices":[{"not_picked":["Iron Wave","Entrench","Dark Embrace"],"picked":"SKIP","floor":1.0},{"not_picked":["Spot Weakness","Flex"],"picked":"Battle Trance","floor":2.0},{"not_picked":["Anger","Warcry"],"picked":"Reckless Charge","floor":3.0},{"not_picked":["Searing Blow","Body Slam"],"picked":"Second Wind","floor":4.0},{"not_picked":["Pummel","Clothesline"],"picked":"Hemokinesis","floor":6},{"not_picked":["Spot Weakness","Warcry","Infernal Blade"],"picked":"SKIP","floor":7}],"player_experience":111522,"relics_obtained":[{"floor":6,"key":"Tiny Chest"}],"event_choices":[{"damage_healed":0.0,"max_hp_gain":0.0,"max_hp_loss":0.0,"gold_gain":0.0,"event_name":"Lab","player_choice":"Got Potions","floor":5.0,"gold_loss":0.0,"damage_taken":0.0}],"is_beta":false,"boss_relics":[],"items_purged_floors":[],"is_endless":false,"potions_floor_spawned":[2,3,4],"killed_by":"3 Sentries","ascension_level":15}}