{"host":"9mz6x6ekz95y53i5","time":1612461464,"event":{"mods":["AchievementEnabler","BaseMod","Downfall","Energized Spire","Minty Spire (QoL Compilation)","Reliquary","Replay The Spire","SIMod","Spicy Shops","StSLib","The Bug Knight","UnlockEverythingMod","Warlord Emblem","¡¾ÒÅÎï¿¨ÅÆ¡¿REMEMod"],"gold_per_floor":[99,99,99,199,199,233,258,258,275,295,309,309,209,209,220,315,315,315,330,350,364,383,383,383,412,412,423,423,423,436,453,470,572,572,472,486,506,519,519,569,639,655,655,655,655,655],"floor_reached":44,"language":"ZHS","playtime":3063,"items_purged":[],"score":557,"play_id":"acf90d41-b155-4eda-aa90-454187f17d6d","local_time":"20210205015744","is_ascension_mode":true,"campfire_choices":[{"data":"Hyperbeam","floor":1,"key":"SMITH"},{"floor":8,"key":"RECALL"},{"data":"champ:IronFortress","floor":13,"key":"SMITH"},{"data":"champ:StrikeOfGenius","floor":18,"key":"SMITH"},{"floor":23,"key":"REST"},{"floor":26,"key":"REST"},{"data":"champ:SwordThrow","floor":35,"key":"SMITH"}],"circlet_count":0,"master_deck":["champ:Strike","champ:Strike+1","champ:Strike","champ:Strike","champ:Defend","champ:Defend","champ:Defend","champ:Execute","champ:Taunt","Hyperbeam+1","champ:DefensiveShout","champ:GladiatorStyle+1","champ:IronFortress+1","champ:Shatter","champ:FanOfKnives","downfall:Malfunctioning","champ:Duel","champ:StrikeOfGenius+1","champ:Backstep","champ:BerserkersShout","champ:Circumvent","champ:CrookedStrike+1","champ:FaceSlap","champ:EnGarde+1","Sickly","downfall:Bewildered","champ:Encircle","champ:SteelEdge","champ:FancyFootwork+1","champ:SwordThrow+1","champ:ShieldSlam+1","champ:BerserkerStyle","champ:VampiricStrike","champ:StanceDance+1","Pain"],"relics":["champ:ChampionCrown","REME_ComplimentaryCards","downfall:HeartsMalice","reliquary:Stiletto","Replay:Wax Seal","downfall:HeartBlessingRed","champ:LiftRelic","SlaversCollar","Ancient Tea Set","Ring of Panic","Ring of Hypnosis","sneckomod:BabySnecko","REME_ChargedStone","downfall:HeartBlessingBlue","Bird Faced Urn","REME_HourglassOfDeath","WarpedTongs"],"acts_visited":["Exordium","TheCity","TheBeyond"],"potions_floor_usage":[16,20,20,25,31,32,33,33,38,40,44],"damage_taken":[{"damage":0,"enemies":"Cultist","floor":2,"turns":1},{"damage":0,"enemies":"Small Slimes","floor":3,"turns":1},{"damage":0,"enemies":"Gremlin Nob","floor":6,"turns":1},{"damage":10,"enemies":"Jaw Worm","floor":9,"turns":2},{"damage":10,"enemies":"2 Fungi Beasts","floor":10,"turns":3},{"damage":31,"enemies":"Exordium Wildlife","floor":11,"turns":3},{"damage":31,"enemies":"Exordium Thugs","floor":15,"turns":4},{"damage":20,"enemies":"SI_SHIV_ARCHETYPE","floor":16,"turns":6},{"damage":40,"enemies":"3 Byrds","floor":19,"turns":4},{"damage":1,"enemies":"Snake Plant","floor":20,"turns":3},{"damage":52,"enemies":"Centurion and Healer","floor":21,"turns":5},{"damage":19,"enemies":"Snecko","floor":22,"turns":5},{"damage":33,"enemies":"Replay:Snechameleon","floor":25,"turns":5},{"damage":15,"enemies":"Cultist and Chosen","floor":27,"turns":4},{"damage":11,"enemies":"Centurion and Healer","floor":30,"turns":3},{"damage":0,"enemies":"Snake Plant","floor":31,"turns":1},{"damage":10,"enemies":"Sentry and Sphere","floor":32,"turns":3},{"damage":85,"enemies":"IC_MUSHROOM_ARCHETYPE","floor":33,"turns":8},{"damage":24,"enemies":"3 Darklings","floor":36,"turns":2},{"damage":10,"enemies":"Orb Walker","floor":37,"turns":2},{"damage":20,"enemies":"Sphere and 2 Shapes","floor":38,"turns":6},{"damage":39,"enemies":"Sphere and 2 Shapes","floor":40,"turns":6},{"damage":48,"enemies":"3 Darklings","floor":42,"turns":4},{"damage":58,"enemies":"Giant Head","floor":44,"turns":6}],"seed_played":"-2595142723007299909","potions_obtained":[{"floor":6,"key":"Energy Potion"},{"floor":10,"key":"LifebloodPotion"},{"floor":15,"key":"Block Potion"},{"floor":22,"key":"Fire Potion"},{"floor":27,"key":"Fire Potion"},{"floor":30,"key":"LiquidMemories"},{"floor":31,"key":"Fire Potion"},{"floor":32,"key":"Flashbang"},{"floor":33,"key":"AttackPotion"},{"floor":37,"key":"REME_GoldPotion"},{"floor":38,"key":"Flashbang"},{"floor":42,"key":"DuplicationPotion"}],"is_trial":false,"path_per_floor":["R","M","M","?","?","E","T","R","M","M","M","?","R","?","M","B",null,"R","M","M","M","M","R","T","E","R","M","?","?","M","M","M","B",null,"R","M","M","M","?","?","T","M","?","E"],"character_chosen":"THE_CHAMP","items_purchased":[],"campfire_rested":2,"item_purchase_floors":[],"current_hp_per_floor":[90,90,90,90,90,90,90,90,90,90,69,69,69,69,48,48,90,90,60,59,32,23,50,50,42,69,69,69,69,68,68,68,28,90,100,76,76,66,66,56,56,22,22,0,0,0],"gold":655,"neow_bonus":"THREE_ENEMY_KILL","is_daily":false,"chose_seed":false,"campfire_upgraded":4,"win_rate":0.0,"timestamp":1612461464,"path_taken":["R","M","M","?","?","E","T","R","M","?","M","?","R","?","M","BOSS","R","M","M","M","M","R","T","E","R","M","?","?","M","?","M","BOSS","R","M","M","M","?","?","T","M","?","E"],"items_purchased_type":[],"build_version":"2020-12-22","purchased_purges":0,"victory":false,"max_hp_per_floor":[90,90,90,90,90,90,90,90,90,90,90,90,90,90,90,90,90,90,90,90,90,90,90,90,90,90,90,90,90,90,90,90,90,90,100,100,100,100,100,100,100,100,100,100,100,100],"card_choices":[{"not_picked":["champ:BringItOn","champ:BladeFlurry","champ:Encircle"],"picked":"SKIP","floor":2},{"not_picked":["champ:BladeFlurry","champ:DeathBlow"],"picked":"champ:DefensiveShout","floor":3},{"not_picked":["champ:FocusedBerserking","champ:Backstep"],"picked":"champ:GladiatorStyle","floor":6},{"not_picked":["champ:PreciseThrust","champ:TornadoPunch"],"picked":"champ:IronFortress","floor":9},{"not_picked":["champ:Encircle","champ:AdrenalArmor"],"picked":"champ:Shatter","floor":10},{"not_picked":["champ:Duel","champ:FocusedDefense"],"picked":"champ:FanOfKnives","floor":11},{"not_picked":["champ:DeathBlow","champ:StanceDance"],"picked":"champ:Duel","floor":15},{"not_picked":["champ:GladiatorForm","champ:Improvising"],"picked":"champ:StrikeOfGenius","floor":16},{"not_picked":["champ:Encircle","champ:BladeFlurry"],"picked":"champ:Backstep","floor":19},{"not_picked":["champ:PreciseThrust","champ:DeathBlow+1"],"picked":"champ:BerserkersShout","floor":20},{"not_picked":["champ:EnGarde","champ:DefensiveShout"],"picked":"champ:Circumvent","floor":21},{"not_picked":["champ:FocusedBerserking","champ:DefensiveShout+1"],"picked":"champ:CrookedStrike+1","floor":22},{"not_picked":["champ:RisingSlash","champ:IronFortress"],"picked":"champ:FaceSlap","floor":25},{"not_picked":["champ:DeathBlow+1","champ:SkillfulDodge"],"picked":"champ:EnGarde+1","floor":27},{"not_picked":["champ:RapidStrikes","champ:DefensiveShout"],"picked":"champ:Encircle","floor":30},{"not_picked":["champ:SkillfulDodge","champ:EnGarde"],"picked":"champ:SteelEdge","floor":31},{"not_picked":["champ:RecklessLeap","champ:CalledShot"],"picked":"champ:FancyFootwork+1","floor":32},{"not_picked":["champ:StrikeOfGenius","champ:SteelEdge"],"picked":"champ:SwordThrow","floor":33},{"not_picked":["champ:BerserkersShout+1","champ:DefensiveShout"],"picked":"champ:ShieldSlam+1","floor":36},{"not_picked":["champ:IronFortress+1","champ:BerserkersShout"],"picked":"champ:BerserkerStyle","floor":37},{"not_picked":["champ:ShieldSlam+1","champ:EnGarde","champ:BladeFlurry"],"picked":"SKIP","floor":38},{"not_picked":["champ:Shatter+1","champ:RisingSlash+1"],"picked":"champ:VampiricStrike","floor":40},{"not_picked":["champ:SetATrap+1","champ:FanOfKnives"],"picked":"champ:StanceDance+1","floor":42}],"player_experience":256647,"relics_obtained":[{"floor":6,"key":"reliquary:Stiletto"},{"floor":7,"key":"Replay:Wax Seal"},{"floor":25,"key":"Ancient Tea Set"},{"floor":28,"key":"Ring of Panic"},{"floor":28,"key":"Ring of Hypnosis"},{"floor":40,"key":"Bird Faced Urn"},{"floor":41,"key":"REME_HourglassOfDeath"}],"event_choices":[{"cards_removed":["champ:Defend"],"damage_healed":0,"gold_gain":0,"player_choice":"Removed Skill","damage_taken":0,"max_hp_gain":0,"max_hp_loss":0,"event_name":"Falling","floor":39,"gold_loss":0},{"damage_healed":0,"gold_gain":0,"player_choice":"Rummage","damage_taken":0,"relics_obtained":["WarpedTongs"],"max_hp_gain":0,"max_hp_loss":0,"event_name":"Accursed Blacksmith","floor":43,"gold_loss":0,"cards_obtained":["Pain"]}],"is_beta":false,"boss_relics":[{"not_picked":["Astrolabe","Empty Cage"],"picked":"SlaversCollar"},{"not_picked":["reliquary:RedCape","reliquary:Ember"],"picked":"REME_ChargedStone"}],"items_purged_floors":[],"is_endless":false,"potions_floor_spawned":[6,10,15,22,27,30,31,32,33,37,38,42],"killed_by":"Giant Head","ascension_level":1}}