{"host":"51f0ad793vly1w6u","time":1612418849,"event":{"mods":["BaseMod","Colored Map","DeckTracker","Minty Spire (QoL Compilation)","Replay The Spire","StSLib","SuperFastMode"],"gold_per_floor":[119,119,132,147,147,174,174,191,240,240,270,270,66,85,85,188,188,201,126,126,26,36,71,71,71,71],"floor_reached":25,"language":"KOR","playtime":444,"items_purged":["Strike_B","Strike_B"],"score":307,"play_id":"3bbc827c-04d0-440e-8c3a-be9c980d69bc","local_time":"20210204150729","is_ascension_mode":true,"campfire_choices":[{"data":"Consume","floor":7,"key":"SMITH"},{"data":"Dualcast","floor":10,"key":"SMITH"},{"data":"Beam Cell","floor":12,"key":"SMITH"},{"data":"Apotheosis","floor":15,"key":"SMITH"},{"floor":24,"key":"REST"}],"circlet_count":0,"master_deck":["Strike_B","Strike_B","Defend_B","Defend_B","Defend_B","Zap+1","Dualcast+1","Cold Snap","Beam Cell+1","Consume+1","FIFO Queue","Conserve Battery","Apotheosis+1","Coolheaded","White Noise","Core Surge","Panic Button+1","Auto Shields+1"],"relics":["Cracked Core","NeowsBlessing","Bottled Lightning","PreservedInsect","Oddly Smooth Stone","SacredBark","Nunchaku"],"acts_visited":["Exordium","TheCity"],"potions_floor_usage":[16,23],"damage_taken":[{"damage":0.0,"enemies":"Jaw Worm","floor":1.0,"turns":1.0},{"damage":0.0,"enemies":"Cultist","floor":3.0,"turns":1.0},{"damage":0.0,"enemies":"2 Louse","floor":4.0,"turns":1.0},{"damage":13.0,"enemies":"Lagavulin","floor":6.0,"turns":6.0},{"damage":19,"enemies":"Exordium Wildlife","floor":8,"turns":5},{"damage":3,"enemies":"Gremlin Nob","floor":11,"turns":3},{"damage":17,"enemies":"Gremlin Gang","floor":14,"turns":4},{"damage":0,"enemies":"Hexaghost","floor":16,"turns":9},{"damage":6,"enemies":"Spheric Guardian","floor":18,"turns":4},{"damage":14,"enemies":"Shell Parasite","floor":22,"turns":5},{"damage":29,"enemies":"Slavers","floor":23,"turns":4},{"damage":48,"enemies":"Gremlin Leader","floor":25,"turns":6}],"seed_played":"-5219982835828290636","potions_obtained":[{"floor":4.0,"key":"AttackPotion"},{"floor":6,"key":"FearPotion"},{"floor":14,"key":"Venom Potion"},{"floor":16,"key":"FocusPotion"},{"floor":23,"key":"Elixir"}],"is_trial":false,"path_per_floor":["M","?","M","M","?","E","R","M","T","R","E","R","$","M","R","B",null,"M","$","?","$","M","E","R","E"],"character_chosen":"DEFECT","items_purchased":["Apotheosis","Coolheaded"],"campfire_rested":1,"item_purchase_floors":[13,13],"current_hp_per_floor":[75,75,75,75,75,62,62,43,43,43,40,40,40,23,23,23,75,69,69,69,69,55,26,48,0,0],"gold":71,"neow_bonus":"THREE_ENEMY_KILL","is_daily":false,"chose_seed":false,"campfire_upgraded":4,"win_rate":0.0,"timestamp":1612418849,"path_taken":["M","?","M","?","?","E","R","?","T","R","E","R","?","M","R","BOSS","M","?","?","?","M","E","R","E"],"items_purchased_type":["Card","Card"],"build_version":"2020-12-22","purchased_purges":2,"victory":false,"max_hp_per_floor":[75,75,75,75,75,75,75,75,75,75,75,75,75,75,75,75,75,75,75,75,75,75,75,75,75,75],"card_choices":[{"not_picked":["Stack","BootSequence"],"picked":"Cold Snap","floor":1.0},{"not_picked":["Rebound","BasicCrystalCard"],"picked":"Beam Cell","floor":3.0},{"not_picked":["FTL","BasicCrystalCard"],"picked":"Consume","floor":4.0},{"not_picked":["Panic Button","Undo"],"picked":"FIFO Queue","floor":6},{"not_picked":["Tempest","Reprogram"],"picked":"Conserve Battery","floor":8},{"not_picked":["ReplayTheSpireMod:Reroute Power","Hello World","Tempest"],"picked":"SKIP","floor":11},{"not_picked":["Compile Driver","Conserve Battery"],"picked":"White Noise","floor":14},{"not_picked":["Creative AI","All For One"],"picked":"Core Surge","floor":16},{"not_picked":["Beam Cell+1","Rebound"],"picked":"Panic Button+1","floor":18},{"not_picked":["Hologram","Go for the Eyes"],"picked":"Auto Shields+1","floor":22},{"not_picked":["Beam Cell","Leap","Melter"],"picked":"SKIP","floor":23}],"player_experience":1438304,"relics_obtained":[{"floor":6,"key":"Bottled Lightning"},{"floor":9,"key":"PreservedInsect"},{"floor":11,"key":"Oddly Smooth Stone"},{"floor":23,"key":"Nunchaku"}],"event_choices":[{"damage_healed":0.0,"max_hp_gain":0.0,"max_hp_loss":0.0,"gold_gain":0.0,"event_name":"Accursed Blacksmith","player_choice":"Forge","floor":2.0,"gold_loss":0.0,"damage_taken":0.0,"cards_upgraded":["Zap"]},{"cards_removed":["Defend_B"],"damage_healed":0.0,"max_hp_gain":0.0,"max_hp_loss":0.0,"gold_gain":0.0,"event_name":"Bonfire Elementals","player_choice":"Offered Basic","floor":5.0,"gold_loss":0.0,"damage_taken":0.0},{"damage_healed":0,"gold_gain":0,"player_choice":"Ignored","damage_taken":0,"max_hp_gain":0,"max_hp_loss":0,"event_name":"Vampires","floor":20,"gold_loss":0}],"is_beta":false,"boss_relics":[{"not_picked":["Ring of Chaos","ChewingGum"],"picked":"SacredBark"}],"items_purged_floors":[19,21],"is_endless":false,"potions_floor_spawned":[4,6,14,16,23],"killed_by":"Gremlin Leader","ascension_level":2}}