{"host":"x5w9zppki4gdwvc7","time":1612446221,"event":{"mods":["AchievementEnabler","BaseMod","Colored Powertips","DeckTracker","Minty Spire (QoL Compilation)"],"gold_per_floor":[119,138,138,148,166,201,201,301,301,311,311,311,311],"floor_reached":12,"language":"ENG","playtime":515,"items_purged":[],"score":92,"play_id":"ee39fdce-b8f2-47b3-a035-482dcdb485dd","local_time":"20210204144341","is_ascension_mode":true,"campfire_choices":[{"floor":11,"key":"REST"}],"circlet_count":0,"master_deck":["Strike_B","Strike_B","Strike_B","Strike_B","Defend_B","Defend_B","Defend_B","Defend_B","Zap","Dualcast","Hologram","Self Repair","Reprogram","Self Repair"],"relics":["Fusion Hammer","Happy Flower","Mummified Hand"],"acts_visited":["Exordium"],"potions_floor_usage":[6],"damage_taken":[{"damage":2,"enemies":"Jaw Worm","floor":1,"turns":3},{"damage":0,"enemies":"Cultist","floor":2,"turns":3},{"damage":5,"enemies":"2 Louse","floor":4,"turns":3},{"damage":11,"enemies":"Blue Slaver","floor":5,"turns":4},{"damage":42,"enemies":"Lagavulin","floor":6,"turns":9},{"damage":2,"enemies":"2 Fungi Beasts","floor":10,"turns":5},{"damage":50,"enemies":"3 Sentries","floor":12,"turns":10}],"seed_played":"2621109348698273916","potions_obtained":[{"floor":5,"key":"Dexterity Potion"},{"floor":10,"key":"SpeedPotion"}],"is_trial":false,"path_per_floor":["M","M","$","M","M","E","$","?","T","M","R","E"],"character_chosen":"DEFECT","items_purchased":[],"campfire_rested":1,"item_purchase_floors":[],"current_hp_per_floor":[73,73,73,68,57,22,22,22,22,27,49,0,0],"gold":311,"neow_bonus":"BOSS_RELIC","is_daily":false,"chose_seed":false,"campfire_upgraded":0,"win_rate":0.0,"timestamp":1612446221,"path_taken":["M","M","$","M","M","E","$","?","T","?","R","E"],"items_purchased_type":[],"build_version":"2020-12-22","purchased_purges":0,"victory":false,"max_hp_per_floor":[75,75,75,75,75,75,75,75,75,75,75,75,75],"card_choices":[{"not_picked":["Rebound","Streamline"],"picked":"Hologram","floor":1},{"not_picked":["Static Discharge","Go for the Eyes","Ball Lightning"],"picked":"SKIP","floor":2},{"not_picked":["Redo","Compile Driver","Undo"],"picked":"SKIP","floor":4},{"not_picked":["Steam","Conserve Battery"],"picked":"Self Repair","floor":5},{"not_picked":["Core Surge","Hologram"],"picked":"Reprogram","floor":6},{"not_picked":["Leap","Sweeping Beam"],"picked":"Self Repair","floor":10}],"player_experience":471554,"relics_obtained":[{"floor":6,"key":"Happy Flower"},{"floor":9,"key":"Mummified Hand"}],"event_choices":[{"damage_healed":0,"gold_gain":100,"player_choice":"Pray","damage_taken":0,"max_hp_gain":0,"max_hp_loss":0,"event_name":"Golden Shrine","floor":8,"gold_loss":0}],"is_beta":false,"boss_relics":[],"items_purged_floors":[],"is_endless":false,"potions_floor_spawned":[5,10],"killed_by":"3 Sentries","ascension_level":3}}