{"host":"qrt7o4dq2qslzw13","time":1612427245,"event":{"mods":["AchievementEnabler","BaseMod","Colored Map","Colored Powertips","Minty Spire (QoL Compilation)","Quick Restart","StSLib","SuperFastMode"],"gold_per_floor":[115,115,290,307,307,307,382,382,382,398,398,235,253,30,30,133,133,149,149,166,178,188,188,223,148,148,148,125,125,3,14,14,14,14],"floor_reached":33,"language":"ENG","playtime":562,"items_purged":[],"score":291,"play_id":"f4068733-b875-49fb-bb6f-27a9c41041c6","local_time":"20210204032725","is_ascension_mode":true,"campfire_choices":[{"floor":6.0,"key":"REST"},{"floor":8.0,"key":"REST"},{"data":"Dualcast","floor":11.0,"key":"SMITH"},{"data":"Defragment","floor":15.0,"key":"SMITH"},{"floor":23.0,"key":"REST"},{"floor":27,"key":"REST"},{"floor":29,"key":"REST"},{"data":"Loop","floor":32,"key":"SMITH"}],"circlet_count":0,"master_deck":["Strike_B","Strike_B","Strike_B","Strike_B","Defend_B","Defend_B","Defend_B","Defend_B","Zap","Dualcast+1","Lockon","White Noise","Auto Shields","Defragment+1","Sunder","Leap","Double Energy","Electrodynamics","FTL","Buffer","Decay","Conserve Battery","Stack+1","Conserve Battery+1","Loop+1","Turbo+1","Meteor Strike"],"relics":["Cracked Core","InkBottle","Anchor","Membership Card","Black Star","Pear","Toxic Egg 2","Symbiotic Virus"],"acts_visited":["Exordium","TheCity"],"potions_floor_usage":[24,24],"damage_taken":[{"damage":1.0,"enemies":"Cultist","floor":1.0,"turns":3.0},{"damage":7.0,"enemies":"Jaw Worm","floor":4.0,"turns":3.0},{"damage":0.0,"enemies":"2 Louse","floor":10.0,"turns":1.0},{"damage":6.0,"enemies":"2 Fungi Beasts","floor":13.0,"turns":3.0},{"damage":46.0,"enemies":"Hexaghost","floor":16.0,"turns":8.0},{"damage":1.0,"enemies":"Spheric Guardian","floor":18.0,"turns":3.0},{"damage":7.0,"enemies":"2 Thieves","floor":20.0,"turns":3.0},{"damage":30.0,"enemies":"Snake Plant","floor":21.0,"turns":3.0},{"damage":24.0,"enemies":"Sentry and Sphere","floor":22.0,"turns":6.0},{"damage":11,"enemies":"Gremlin Leader","floor":24,"turns":6},{"damage":17,"enemies":"Snecko","floor":31,"turns":6},{"damage":72,"enemies":"Collector","floor":33,"turns":9}],"seed_played":"9100623710458112274","potions_obtained":[{"floor":4.0,"key":"SpeedPotion"},{"floor":13.0,"key":"ColorlessPotion"},{"floor":16.0,"key":"EssenceOfSteel"},{"floor":18.0,"key":"SkillPotion"},{"floor":22.0,"key":"Explosive Potion"}],"is_trial":false,"path_per_floor":["M","?","?","M","?","R","?","R","T","M","R","$","M","$","R","B",null,"M","?","M","M","M","R","E","?","T","R","$","R","$","M","R","B"],"character_chosen":"DEFECT","items_purchased":["Defragment","Sunder","Leap","Membership Card","Electrodynamics","FTL","Conserve Battery+1","Loop","Turbo+1","Meteor Strike"],"campfire_rested":5,"item_purchase_floors":[12,12,12,14,14,14,28,30,30,30],"current_hp_per_floor":[74,74,74,67,34,56,45,67,67,67,67,67,61,61,61,15,75,74,74,67,37,13,35,34,34,34,59,59,84,84,67,67,0,0],"gold":14,"neow_bonus":"THREE_CARDS","is_daily":false,"chose_seed":false,"campfire_upgraded":3,"win_rate":0.0,"timestamp":1612427245,"path_taken":["M","?","?","M","?","R","?","R","T","M","R","?","M","$","R","BOSS","M","?","M","M","M","R","E","?","T","R","?","R","$","?","R","BOSS"],"items_purchased_type":["Card","Card","Card","Relic","Card","Card","Card","Card","Card","Card"],"build_version":"2020-12-22","purchased_purges":0,"victory":false,"max_hp_per_floor":[75,75,75,75,75,75,75,75,75,75,75,75,75,75,75,75,75,75,75,75,75,75,75,85,85,85,85,85,85,85,85,85,85,85],"card_choices":[{"not_picked":["Sweeping Beam","Cold Snap"],"picked":"Lockon","floor":1.0},{"not_picked":["Darkness","Genetic Algorithm"],"picked":"White Noise","floor":4.0},{"not_picked":["Rebound","Leap"],"picked":"Auto Shields","floor":10.0},{"not_picked":["Ball Lightning","Beam Cell"],"picked":"Double Energy","floor":13.0},{"not_picked":["Machine Learning","Reboot"],"picked":"Buffer","floor":16.0},{"not_picked":["Rip and Tear+1","Conserve Battery","Barrage"],"picked":"SKIP","floor":18.0},{"not_picked":["Steam","Coolheaded+1"],"picked":"Conserve Battery","floor":20.0},{"not_picked":["Redo","Steam","Ball Lightning"],"picked":"SKIP","floor":21.0},{"not_picked":["Ball Lightning","Sweeping Beam","Steam"],"picked":"SKIP","floor":22.0},{"not_picked":["Turbo+1","Lockon+1"],"picked":"Stack+1","floor":24},{"not_picked":["Lockon","Barrage+1","Hologram+1"],"picked":"SKIP","floor":31}],"player_experience":618346,"relics_obtained":[{"floor":9.0,"key":"Anchor"},{"floor":24,"key":"Pear"},{"floor":24,"key":"Toxic Egg 2"},{"floor":26,"key":"Symbiotic Virus"}],"event_choices":[{"damage_healed":0.0,"max_hp_gain":0.0,"max_hp_loss":0.0,"gold_gain":0.0,"event_name":"The Cleric","player_choice":"Leave","floor":2.0,"gold_loss":0.0,"damage_taken":0.0},{"damage_healed":0.0,"max_hp_gain":0.0,"max_hp_loss":0.0,"gold_gain":175.0,"event_name":"Liars Game","player_choice":"AGREE","floor":3.0,"gold_loss":0.0,"damage_taken":0.0,"cards_obtained":["Doubt"]},{"damage_healed":0.0,"max_hp_gain":0.0,"max_hp_loss":0.0,"gold_gain":0.0,"event_name":"Scrap Ooze","player_choice":"Success","floor":5.0,"gold_loss":0.0,"damage_taken":33.0,"relics_obtained":["InkBottle"]},{"damage_healed":0.0,"max_hp_gain":0.0,"max_hp_loss":0.0,"gold_gain":75.0,"event_name":"World of Goop","player_choice":"Gather Gold","floor":7.0,"gold_loss":0.0,"damage_taken":11.0},{"damage_healed":0.0,"max_hp_gain":0.0,"max_hp_loss":0.0,"gold_gain":0.0,"event_name":"Forgotten Altar","player_choice":"Smashed Altar","floor":19.0,"gold_loss":0.0,"damage_taken":0.0,"cards_obtained":["Decay"]},{"cards_removed":["Doubt"],"damage_healed":0,"gold_gain":0,"player_choice":"Gave Gold","damage_taken":0,"max_hp_gain":0,"max_hp_loss":0,"event_name":"Beggar","floor":25,"gold_loss":75}],"is_beta":false,"boss_relics":[{"not_picked":["Velvet Choker","Runic Dome"],"picked":"Black Star"}],"items_purged_floors":[],"is_endless":false,"potions_floor_spawned":[4,13,16,18,22],"killed_by":"Collector","ascension_level":3}}