{"host":"k7udt7atmcuzf6l0","time":1612419731,"event":{"mods":["AchievementEnabler","BaseMod","BetterRewards","Colored Map","Colored Powertips","Highlight Path","Minty Spire (QoL Compilation)","Quick Restart","Rare Cards Sparkle","Relic Stats","StSLib","UnlockEverythingMod"],"gold_per_floor":[111,129,129,129,54,54,80,80,149,149,163,163,163,196,196,295,295,312,168,179,454,471,471,65,76,76,76,96,96,125,143,143,238,238,253,273,283,41,58,58,101,160,160,182,182,212,212,0,0,0],"floor_reached":51,"language":"ZHS","playtime":1553,"items_purged":["Regret","Regret"],"score":808,"play_id":"ccb41a8b-5951-4c30-bb55-60fa841d3001","local_time":"20210204142211","is_ascension_mode":false,"campfire_choices":[{"data":"Flex","floor":6.0,"key":"SMITH"},{"data":"Inflame","floor":8.0,"key":"SMITH"},{"data":"Shockwave","floor":10.0,"key":"SMITH"},{"data":"Exhume","floor":12.0,"key":"SMITH"},{"data":"Feed","floor":15.0,"key":"SMITH"},{"data":"Offering","floor":23,"key":"SMITH"},{"data":"Apotheosis","floor":27,"key":"SMITH"},{"data":"Enlightenment","floor":29,"key":"SMITH"},{"data":"Whirlwind","floor":32,"key":"SMITH"},{"data":"Offering","floor":40,"key":"SMITH"},{"data":"Pommel Strike","floor":45,"key":"SMITH"},{"floor":49,"key":"REST"}],"circlet_count":0,"master_deck":["Strike_R","Strike_R","Strike_R","Strike_R","Strike_R","Defend_R","Defend_R","Defend_R","Defend_R","Bash","Shockwave+1","Inflame+1","Flex+1","Pommel Strike+1","Exhume+1","Anger","Feed+1","Offering+1","Whirlwind+1","Sword Boomerang+1","Apotheosis+1","Pummel","Enlightenment+1","Inflame+1","Body Slam+1","Offering+1","Intimidate+1","Dropkick+1","Thunderclap+1","Bloodletting","Metallicize+1"],"relics":["Burning Blood","NeowsBlessing","StoneCalendar","White Beast Statue","Bottled Lightning","Strawberry","Singing Bowl","Mark of Pain","Toy Ornithopter","Eternal Feather","Runic Pyramid","Gremlin Horn","CeramicFish","CaptainsWheel","Bronze Scales","Regal Pillow","Turnip","Red Mask"],"acts_visited":["Exordium","TheCity","TheBeyond"],"potions_floor_usage":[18,20,20,28,30,30,30,33,33,39,39,44,44,46,50],"damage_taken":[{"damage":0.0,"enemies":"Jaw Worm","floor":1.0,"turns":1.0},{"damage":0.0,"enemies":"2 Louse","floor":2.0,"turns":1.0},{"damage":0.0,"enemies":"Gremlin Nob","floor":7.0,"turns":2.0},{"damage":3.0,"enemies":"Small Slimes","floor":11.0,"turns":4.0},{"damage":14.0,"enemies":"Lagavulin","floor":14.0,"turns":4.0},{"damage":45.0,"enemies":"The Guardian","floor":16.0,"turns":7.0},{"damage":17,"enemies":"3 Byrds","floor":18,"turns":7},{"damage":0,"enemies":"Shell Parasite","floor":20,"turns":3},{"damage":23,"enemies":"Snake Plant","floor":22,"turns":4},{"damage":6,"enemies":"Cultist and Chosen","floor":25,"turns":3},{"damage":15,"enemies":"Centurion and Healer","floor":28,"turns":5},{"damage":40,"enemies":"Slavers","floor":30,"turns":6},{"damage":8,"enemies":"Sentry and Sphere","floor":31,"turns":3},{"damage":50,"enemies":"Automaton","floor":33,"turns":7},{"damage":24,"enemies":"3 Darklings","floor":35,"turns":3},{"damage":33,"enemies":"3 Shapes","floor":36,"turns":7},{"damage":18,"enemies":"Maw","floor":37,"turns":5},{"damage":34,"enemies":"Sphere and 2 Shapes","floor":39,"turns":3},{"damage":21,"enemies":"Giant Head","floor":41,"turns":6},{"damage":18,"enemies":"Mind Bloom Boss Battle","floor":42,"turns":3},{"damage":34,"enemies":"Jaw Worm Horde","floor":44,"turns":4},{"damage":57,"enemies":"Nemesis","floor":46,"turns":5},{"damage":30,"enemies":"Time Eater","floor":50,"turns":7}],"seed_played":"3095312551202816978","potions_obtained":[{"floor":1.0,"key":"ElixirPotion"},{"floor":11.0,"key":"SteroidPotion"},{"floor":14.0,"key":"SneckoOil"},{"floor":16.0,"key":"SkillPotion"},{"floor":18,"key":"EssenceOfSteel"},{"floor":20,"key":"SpeedPotion"},{"floor":22,"key":"CultistPotion"},{"floor":25,"key":"Regen Potion"},{"floor":28,"key":"GamblersBrew"},{"floor":30,"key":"Block Potion"},{"floor":31,"key":"FearPotion"},{"floor":33,"key":"FairyPotion"},{"floor":35,"key":"BlessingOfTheForge"},{"floor":36,"key":"SteroidPotion"},{"floor":37,"key":"PowerPotion"},{"floor":39,"key":"Weak Potion"},{"floor":41,"key":"Dexterity Potion"},{"floor":42,"key":"Explosive Potion"},{"floor":44,"key":"Weak Potion"},{"floor":46,"key":"Energy Potion"}],"is_trial":false,"path_per_floor":["M","M","?","?","$","R","E","R","T","R","M","R","?","E","R","B",null,"M","$","M","?","M","R","$","M","T","R","M","R","E","M","R","B",null,"M","M","M","$","M","R","E","?","T","M","R","E","T","?","R","B",null],"character_chosen":"IRONCLAD","items_purchased":["Flex","Pommel Strike","Whirlwind","Apotheosis","Pummel","Enlightenment","Gremlin Horn"],"campfire_rested":1,"item_purchase_floors":[5,5,19,24,24,24,38],"current_hp_per_floor":[80,80,68,68,68,68,74,74,74,74,77,77,84,76,76,37,87,82,82,88,88,73,73,73,79,79,79,97,97,82,90,105,71,123,111,88,80,80,72,87,76,68,68,58,76,36,36,36,119,100],"gold":0,"neow_bonus":"THREE_ENEMY_KILL","is_daily":false,"chose_seed":false,"campfire_upgraded":11,"win_rate":0.0,"timestamp":1612419731,"path_taken":["M","M","?","?","?","R","E","R","T","R","M","R","?","E","R","BOSS","M","$","M","?","M","R","$","M","T","R","M","R","E","M","R","BOSS","M","M","M","$","?","R","E","?","T","M","R","E","?","?","R","BOSS"],"items_purchased_type":["Card","Card","Card","Card","Card","Card","Relic"],"build_version":"2020-12-22","purchased_purges":2,"victory":true,"max_hp_per_floor":[80,80,80,80,80,80,80,80,80,80,80,80,87,87,87,87,87,93,93,93,93,95,95,95,101,101,101,109,109,113,123,123,123,123,129,133,137,137,147,147,151,155,155,163,163,169,169,169,169,169],"relic_stats":{"Regal Pillow":15,"Singing Bowl":14,"Gremlin Horn":[5,5],"counters":[23,100],"CeramicFish":27,"Bronze Scales":[43],"StoneCalendar":[37],"Eternal Feather":66,"Turnip":[0],"obtain_stats":[{"Regal Pillow":46,"NeowsBlessing":0,"Singing Bowl":14,"Gremlin Horn":38,"CeramicFish":41,"StoneCalendar":3,"Eternal Feather":30,"Burning Blood":0,"White Beast Statue":7,"CaptainsWheel":42,"Strawberry":13,"Bronze Scales":43,"Mark of Pain":17,"Turnip":47,"Red Mask":48,"Bottled Lightning":9,"Toy Ornithopter":26,"Runic Pyramid":34},{"Regal Pillow":22,"NeowsBlessing":0,"Singing Bowl":5,"Gremlin Horn":17,"CeramicFish":19,"StoneCalendar":2,"Eternal Feather":12,"Burning Blood":0,"White Beast Statue":3,"CaptainsWheel":20,"Strawberry":4,"Bronze Scales":20,"Mark of Pain":6,"Turnip":22,"Red Mask":22,"Bottled Lightning":3,"Toy Ornithopter":10,"Runic Pyramid":14},{"Regal Pillow":93,"NeowsBlessing":0,"Singing Bowl":12,"Gremlin Horn":72,"CeramicFish":81,"StoneCalendar":2,"Eternal Feather":47,"Burning Blood":0,"White Beast Statue":4,"CaptainsWheel":84,"Strawberry":8,"Bronze Scales":84,"Mark of Pain":19,"Turnip":93,"Red Mask":93,"Bottled Lightning":4,"Toy Ornithopter":36,"Runic Pyramid":57}],"Burning Blood":126,"Toy Ornithopter":60},"card_choices":[{"not_picked":["Body Slam","Second Wind"],"picked":"Shockwave","floor":1.0},{"not_picked":["Pommel Strike","Cleave"],"picked":"Inflame","floor":2.0},{"not_picked":["Power Through","Clothesline"],"picked":"Exhume","floor":7.0},{"not_picked":["Reckless Charge","Shockwave"],"picked":"Anger","floor":11.0},{"not_picked":["True Grit","Flex"],"picked":"Feed","floor":14.0},{"not_picked":["Corruption","Fiend Fire"],"picked":"Offering","floor":16.0},{"not_picked":["Clothesline","Flex","Iron Wave"],"picked":"Singing Bowl","floor":18},{"not_picked":["Wild Strike","Fire Breathing"],"picked":"Sword Boomerang+1","floor":20},{"not_picked":["Clothesline","Ghostly Armor+1","Flame Barrier+1"],"picked":"Singing Bowl","floor":22},{"not_picked":["Intimidate","Wild Strike","Power Through"],"picked":"Singing Bowl","floor":25},{"not_picked":["Seeing Red","Second Wind"],"picked":"Inflame+1","floor":28},{"not_picked":["Evolve","Pommel Strike"],"picked":"Body Slam+1","floor":30},{"not_picked":["Shrug It Off","Pommel Strike","Clothesline"],"picked":"Singing Bowl","floor":31},{"not_picked":["Impervious","Demon Form"],"picked":"Offering","floor":33},{"not_picked":["Blood for Blood+1","Combust","Wild Strike+1"],"picked":"Singing Bowl","floor":35},{"not_picked":["True Grit","Hemokinesis+1"],"picked":"Intimidate+1","floor":36},{"not_picked":["Headbutt","Armaments+1"],"picked":"Dropkick+1","floor":37},{"not_picked":["Rampage","Searing Blow+1","Pummel"],"picked":"Singing Bowl","floor":39},{"not_picked":["Seeing Red+1","Corruption"],"picked":"Thunderclap+1","floor":41},{"not_picked":["Sever Soul","Blood for Blood+1"],"picked":"Bloodletting","floor":42},{"not_picked":["Cleave","Anger"],"picked":"Metallicize+1","floor":44},{"not_picked":["Infernal Blade","Evolve","Metallicize+1"],"picked":"Singing Bowl","floor":46}],"player_experience":48028,"relics_obtained":[{"floor":7.0,"key":"White Beast Statue"},{"floor":9.0,"key":"Bottled Lightning"},{"floor":14.0,"key":"Singing Bowl"},{"floor":26,"key":"Toy Ornithopter"},{"floor":30,"key":"Eternal Feather"},{"floor":41,"key":"CeramicFish"},{"floor":42,"key":"CaptainsWheel"},{"floor":43,"key":"Bronze Scales"},{"floor":46,"key":"Regal Pillow"},{"floor":47,"key":"Turnip"}],"event_choices":[{"damage_healed":0.0,"max_hp_gain":0.0,"max_hp_loss":0.0,"gold_gain":0.0,"event_name":"Scrap Ooze","player_choice":"Success","floor":3.0,"gold_loss":0.0,"damage_taken":12.0,"relics_obtained":["StoneCalendar"]},{"damage_healed":0.0,"max_hp_gain":0.0,"max_hp_loss":0.0,"gold_gain":0.0,"event_name":"The Cleric","player_choice":"Leave","floor":4.0,"gold_loss":0.0,"damage_taken":0.0},{"damage_healed":0.0,"max_hp_gain":0.0,"max_hp_loss":0.0,"gold_gain":0.0,"event_name":"Big Fish","player_choice":"Box","floor":13.0,"gold_loss":0.0,"damage_taken":0.0,"relics_obtained":["Strawberry"],"cards_obtained":["Regret"]},{"damage_healed":0,"gold_gain":275,"player_choice":"Desecrate","damage_taken":0,"max_hp_gain":0,"max_hp_loss":0,"event_name":"Golden Shrine","floor":21,"gold_loss":0,"cards_obtained":["Regret"]},{"damage_healed":0,"gold_gain":0,"player_choice":"Fight","damage_taken":0,"max_hp_gain":0,"max_hp_loss":0,"event_name":"MindBloom","floor":42,"gold_loss":0},{"damage_healed":0,"gold_gain":0,"player_choice":"Paid","damage_taken":0,"relics_obtained":["Red Mask"],"max_hp_gain":0,"max_hp_loss":0,"event_name":"Tomb of Lord Red Mask","floor":48,"gold_loss":212}],"is_beta":false,"boss_relics":[{"not_picked":["Cursed Key","Busted Crown"],"picked":"Mark of Pain"},{"not_picked":["Black Blood","Calling Bell"],"picked":"Runic Pyramid"}],"items_purged_floors":[19,24],"is_endless":false,"potions_floor_spawned":[1,11,14,16,18,20,22,25,28,30,31,33,35,36,37,39,41,42,44,46],"ascension_level":0}}