{"host":"vt6dr1xq3iy14a3e","time":1612456012,"event":{"mods":["AchievementEnabler","BaseMod","Colored Map","DeckTracker","Minty Spire (QoL Compilation)","StSLib","SuperFastMode"],"gold_per_floor":[167,178,189,289,308,341,352,352,375,375,388,403,403,415,415,415,415],"floor_reached":16,"language":"KOR","playtime":694,"items_purged":[],"score":175,"play_id":"de9d293f-33d2-409f-8487-be5a32082890","local_time":"20210205012652","is_ascension_mode":true,"campfire_choices":[{"data":"Zap","floor":8,"key":"SMITH"},{"floor":10,"key":"REST"},{"floor":15,"key":"REST"}],"circlet_count":0,"master_deck":["AscendersBane","Strike_B","Strike_B+1","Strike_B","Strike_B","Defend_B","Defend_B","Defend_B","Defend_B","Zap+1","Dualcast","Ball Lightning","Lockon","Ball Lightning","Sweeping Beam","Core Surge","Force Field","Turbo","Hologram+1","BootSequence"],"relics":["Tiny House","Centennial Puzzle","Nunchaku"],"acts_visited":[],"potions_floor_usage":[14],"damage_taken":[{"damage":9.0,"enemies":"Jaw Worm","floor":1.0,"turns":3.0},{"damage":1.0,"enemies":"Cultist","floor":2.0,"turns":3.0},{"damage":2.0,"enemies":"2 Louse","floor":3.0,"turns":2.0},{"damage":8.0,"enemies":"Gremlin Gang","floor":5.0,"turns":5.0},{"damage":30,"enemies":"Lagavulin","floor":6,"turns":5},{"damage":12,"enemies":"Looter","floor":7,"turns":3},{"damage":10,"enemies":"Large Slime","floor":11,"turns":4},{"damage":14,"enemies":"Red Slaver","floor":12,"turns":2},{"damage":11,"enemies":"Gremlin Gang","floor":14,"turns":4},{"damage":36,"enemies":"The Guardian","floor":16,"turns":9}],"seed_played":"-4295724376290083946","potions_obtained":[{"floor":0.0,"key":"AttackPotion"},{"floor":2.0,"key":"Regen Potion"},{"floor":5.0,"key":"Energy Potion"},{"floor":6,"key":"LiquidBronze"}],"is_trial":false,"path_per_floor":["M","M","M","?","M","E","M","R","T","R","M","M","?","M","R","B"],"character_chosen":"DEFECT","items_purchased":[],"campfire_rested":2,"item_purchase_floors":[],"current_hp_per_floor":[64,63,61,61,65,35,23,23,23,47,37,23,23,12,36,0,0],"gold":415,"neow_bonus":"BOSS_RELIC","is_daily":false,"chose_seed":false,"campfire_upgraded":1,"win_rate":0.0,"timestamp":1612456012,"path_taken":["M","M","M","?","M","E","?","R","T","R","M","M","?","M","R","BOSS"],"items_purchased_type":[],"build_version":"2020-12-22","purchased_purges":0,"victory":false,"max_hp_per_floor":[80,80,80,80,80,80,80,80,80,80,80,80,80,80,80,80,80],"card_choices":[{"not_picked":["Stack","Cold Snap"],"picked":"Ball Lightning","floor":0.0},{"not_picked":["Darkness","Static Discharge"],"picked":"Lockon","floor":1.0},{"not_picked":["Beam Cell","Stack"],"picked":"Ball Lightning","floor":2.0},{"not_picked":["Blizzard","Cold Snap"],"picked":"Sweeping Beam","floor":3.0},{"not_picked":["Sweeping Beam","Steam Power","Steam"],"picked":"SKIP","floor":5.0},{"not_picked":["Go for the Eyes","Cold Snap"],"picked":"Core Surge","floor":6},{"not_picked":["FTL","Conserve Battery"],"picked":"Force Field","floor":7},{"not_picked":["Go for the Eyes","White Noise"],"picked":"Turbo","floor":11},{"not_picked":["Coolheaded","Go for the Eyes"],"picked":"Hologram","floor":12},{"not_picked":["Chill","Go for the Eyes"],"picked":"BootSequence","floor":14}],"player_experience":1036307,"relics_obtained":[{"floor":6,"key":"Centennial Puzzle"},{"floor":9,"key":"Nunchaku"}],"event_choices":[{"damage_healed":0.0,"max_hp_gain":0.0,"max_hp_loss":0.0,"gold_gain":100.0,"event_name":"Golden Shrine","player_choice":"Pray","floor":4.0,"gold_loss":0.0,"damage_taken":0.0},{"damage_healed":0,"gold_gain":0,"player_choice":"Upgraded","damage_taken":0,"max_hp_gain":0,"max_hp_loss":0,"event_name":"Upgrade Shrine","floor":13,"gold_loss":0,"cards_upgraded":["Hologram"]}],"is_beta":false,"boss_relics":[],"items_purged_floors":[],"is_endless":false,"potions_floor_spawned":[2,3,5,6],"killed_by":"The Guardian","ascension_level":13}}