{"host":"gzsdmyo07u314vug","time":1612437411,"event":{"mods":["2.2 Compatiblity","Astrologer","BaseMod","Colored Powertips","GifTheSpireLib","Gremlin Mod","Hermit","Jorbs\u0027s Wanderer Trilogy","Minty Spire (QoL Compilation)","Quick Restart","Rare Cards Sparkle","Relic Stats","Replay The Spire","Robot Space Explorer","Shop Mod","StSLib","The Bladedancer","The Bug Knight","The Construct","The Cursed","The Elementalist","The Hierophant","The IronCluck","The Marked","The Necromancer","The Runesmith","The Servant 0.9.4","Unceasing Turn Reminder","everything is the same but u backflip on backflip","slay the spire mod where everything is the same but ironclad has a cowboy hat"],"gold_per_floor":[117,117,117,9,9,9,36,36,59,59,76,93,109,126,126,203,203,219,219,144,160,70,70,87,121,121,21,31,31,46,59,59,137,137,154,154,173,173,173,173,173,173],"floor_reached":41,"language":"ENG","playtime":4754,"items_purged":["construct:Strike_Gold","construct:Strike_Gold"],"score":784,"play_id":"e7ee8033-9ef1-49be-ab8c-58231eaee300","local_time":"20210204081651","is_ascension_mode":true,"campfire_choices":[{"data":"construct:Enhance","floor":6.0,"key":"SMITH"},{"data":"construct:Enhance+1","floor":8.0,"key":"SMITH"},{"data":"construct:AttackMode","floor":15.0,"key":"SMITH"},{"data":"construct:ChargeShot","floor":23.0,"key":"SMITH"},{"data":"construct:FlameCore","floor":29.0,"key":"SMITH"},{"floor":32.0,"key":"REST"},{"floor":40,"key":"REST"}],"circlet_count":0,"master_deck":["AscendersBane","construct:Defend_Gold","construct:Defend_Gold","construct:Defend_Gold","construct:Defend_Gold","construct:Defend_Gold","construct:AttackMode+1","construct:DefenseMode+1","construct:Enhance+2","construct:Chainstrike","construct:VentSteam","construct:Boost","construct:Reserves","construct:ChargeShot+1","construct:FlameCore+1","construct:SuppressiveFire+1","construct:Accumulate","construct:Reinforce","construct:Bunker"],"relics":["construct:ClockworkPhoenix","NeowsBlessing","Vajra","PreservedInsect","Ancient Tea Set","Sozu","Mummified Hand","Question Card","construct:WeddingRing"],"acts_visited":["Exordium","TheCity","TheBeyond"],"potions_floor_usage":[],"damage_taken":[{"damage":0.0,"enemies":"Small Slimes","floor":1.0,"turns":2.0},{"damage":0.0,"enemies":"Gremlin Nob","floor":7.0,"turns":1.0},{"damage":0.0,"enemies":"Cultist","floor":11.0,"turns":1.0},{"damage":0.0,"enemies":"2 Louse","floor":12.0,"turns":6.0},{"damage":8.0,"enemies":"Blue Slaver","floor":13.0,"turns":5.0},{"damage":18.0,"enemies":"Large Slime","floor":14.0,"turns":5.0},{"damage":27.0,"enemies":"Fading Forest","floor":16.0,"turns":11.0},{"damage":1.0,"enemies":"Shell Parasite","floor":18.0,"turns":13.0},{"damage":0.0,"enemies":"Spheric Guardian","floor":21.0,"turns":17.0},{"damage":2.0,"enemies":"Snecko","floor":24.0,"turns":13.0},{"damage":22.0,"enemies":"Book of Stabbing","floor":25.0,"turns":15.0},{"damage":12.0,"enemies":"Snake Plant","floor":28.0,"turns":15.0},{"damage":0.0,"enemies":"Centurion and Healer","floor":30.0,"turns":14.0},{"damage":4.0,"enemies":"Shelled Parasite and Fungi","floor":31.0,"turns":11.0},{"damage":32.0,"enemies":"Champ","floor":33.0,"turns":13.0},{"damage":23.0,"enemies":"Orb Walker","floor":35.0,"turns":8.0},{"damage":40.0,"enemies":"3 Darklings","floor":37.0,"turns":11.0},{"damage":34,"enemies":"Reptomancer","floor":41,"turns":3}],"seed_played":"-8235665532918901137","potions_obtained":[{"floor":11.0,"key":"Doom Potion"},{"floor":13.0,"key":"Venom Potion"}],"is_trial":false,"path_per_floor":["M","$","?","$","T","R","E","R","T","?","M","M","M","M","R","B",null,"M","?","$","M","?","R","M","E","T","$","M","R","M","M","R","B",null,"M","?","M","?","?","R","E"],"character_chosen":"THE_CONSTRUCT_MOD","items_purchased":["construct:Enhance","construct:Chainstrike"],"campfire_rested":2,"item_purchase_floors":[4,4],"current_hp_per_floor":[72,72,72,72,72,72,72,72,72,72,72,72,64,46,46,19,65,64,49,49,49,49,49,47,25,25,25,13,13,13,9,34,2,64,41,41,1,1,1,25,0,0],"gold":173,"neow_bonus":"THREE_ENEMY_KILL","is_daily":false,"chose_seed":false,"campfire_upgraded":5,"win_rate":0.0,"timestamp":1612437411,"path_taken":["M","$","?","$","?","R","E","R","T","?","M","M","M","?","R","BOSS","M","?","$","M","?","R","?","E","T","$","M","R","M","M","R","BOSS","M","?","M","?","?","R","E"],"items_purchased_type":["Card","Card"],"build_version":"2020-12-22","purchased_purges":2,"victory":false,"max_hp_per_floor":[80,80,80,80,80,80,80,80,80,80,80,80,80,80,80,80,80,80,85,85,85,85,85,85,85,85,85,85,85,85,85,85,85,85,85,81,81,81,81,81,81,81],"relic_stats":{"Sozu":3,"counters":[18,158],"Mummified Hand":[9],"PreservedInsect":104,"Question Card":7,"obtain_stats":[{"Sozu":17,"construct:WeddingRing":34,"NeowsBlessing":0,"Mummified Hand":25,"Vajra":5,"PreservedInsect":7,"construct:ClockworkPhoenix":0,"Ancient Tea Set":9,"Question Card":26},{"Sozu":7,"construct:WeddingRing":15,"NeowsBlessing":0,"Mummified Hand":11,"Vajra":1,"PreservedInsect":2,"construct:ClockworkPhoenix":0,"Ancient Tea Set":2,"Question Card":11},{"Sozu":30,"construct:WeddingRing":138,"NeowsBlessing":0,"Mummified Hand":88,"Vajra":2,"PreservedInsect":3,"construct:ClockworkPhoenix":0,"Ancient Tea Set":3,"Question Card":88}]},"card_choices":[{"not_picked":["construct:SweepLaser","construct:ClusterMines","construct:UnbalancingBlast"],"picked":"SKIP","floor":1.0},{"not_picked":["construct:Missile","construct:SyphonStrike"],"picked":"construct:VentSteam","floor":7.0},{"not_picked":["construct:ChargeShot","construct:HeavyBolt","construct:Versatility"],"picked":"SKIP","floor":11.0},{"not_picked":["construct:Stasis","construct:Backfire"],"picked":"construct:Boost","floor":12.0},{"not_picked":["construct:Anticipate","construct:ScrapCannon","construct:Zapper"],"picked":"SKIP","floor":13.0},{"not_picked":["construct:QuickAttack","construct:Autoturret","construct:Versatility"],"picked":"SKIP","floor":14.0},{"not_picked":["construct:Bunker","construct:Multistage"],"picked":"construct:Reserves","floor":16.0},{"not_picked":["construct:Anticipate+1","construct:SweepLaser"],"picked":"construct:ChargeShot","floor":18.0},{"not_picked":["construct:FocusedBeam","construct:Impenetrable","construct:FierceBash+1"],"picked":"SKIP","floor":21.0},{"not_picked":["construct:Forcefield","construct:Tumble","construct:Overcharge"],"picked":"SKIP","floor":24.0},{"not_picked":["construct:Disrupt","construct:Impenetrable","construct:Anticipate"],"picked":"SKIP","floor":25.0},{"not_picked":["construct:ShiftGuard","construct:Failsafe","construct:Backfire"],"picked":"construct:FlameCore","floor":28.0},{"not_picked":["construct:Versatility","construct:SaveState","construct:Anticipate"],"picked":"construct:SuppressiveFire+1","floor":30.0},{"not_picked":["construct:Analyze","construct:SyphonStrike","construct:Backfire+1"],"picked":"construct:Accumulate","floor":31.0},{"not_picked":["construct:BatteryAcid","construct:ScrapCannon","construct:Chainstrike"],"picked":"construct:Reinforce","floor":35.0},{"not_picked":["construct:CripplingShot","construct:SaveState","construct:Enhance+1"],"picked":"construct:Bunker","floor":37}],"player_experience":837761,"relics_obtained":[{"floor":5.0,"key":"Vajra"},{"floor":7.0,"key":"PreservedInsect"},{"floor":9.0,"key":"Ancient Tea Set"},{"floor":25.0,"key":"Mummified Hand"},{"floor":26.0,"key":"Question Card"}],"event_choices":[{"cards_removed":["construct:Strike_Gold"],"damage_healed":0.0,"max_hp_gain":0.0,"max_hp_loss":0.0,"gold_gain":0.0,"event_name":"Bonfire Elementals","player_choice":"Offered Basic","floor":3.0,"gold_loss":0.0,"damage_taken":0.0},{"cards_removed":["construct:Strike_Gold"],"damage_healed":0.0,"max_hp_gain":0.0,"max_hp_loss":0.0,"gold_gain":0.0,"event_name":"Living Wall","player_choice":"Forget","floor":10.0,"gold_loss":0.0,"damage_taken":0.0},{"damage_healed":0.0,"max_hp_gain":5.0,"max_hp_loss":0.0,"gold_gain":0.0,"event_name":"Forgotten Altar","player_choice":"Shed Blood","floor":19.0,"gold_loss":0.0,"damage_taken":20.0},{"cards_removed":["construct:Strike_Gold"],"damage_healed":0.0,"max_hp_gain":0.0,"max_hp_loss":0.0,"gold_gain":0.0,"event_name":"Designer","player_choice":"Upgrade and Remove","floor":22.0,"gold_loss":90.0,"damage_taken":0.0,"cards_upgraded":["construct:DefenseMode"]},{"damage_healed":0.0,"max_hp_gain":0.0,"max_hp_loss":4.0,"gold_gain":0.0,"event_name":"Winding Halls","player_choice":"Max HP","floor":36.0,"gold_loss":0.0,"damage_taken":0.0},{"damage_healed":0,"gold_gain":0,"player_choice":"Ignored","damage_taken":0,"max_hp_gain":0,"max_hp_loss":0,"event_name":"Mysterious Sphere","floor":38,"gold_loss":0},{"damage_healed":0,"gold_gain":0,"player_choice":"Ignored","damage_taken":0,"max_hp_gain":0,"max_hp_loss":0,"event_name":"SecretPortal","floor":39,"gold_loss":0}],"is_beta":false,"boss_relics":[{"not_picked":["ChewingGum","Runesmith:UraniumAnvil"],"picked":"Sozu"},{"not_picked":["Cursed Key","Velvet Choker"],"picked":"construct:WeddingRing"}],"items_purged_floors":[20,27],"is_endless":false,"potions_floor_spawned":[11,13,14,21,24,28],"killed_by":"Reptomancer","ascension_level":14}}