{"host":"23qk1co0p3p8qz56","time":1612471168,"event":{"mods":["AchievementEnabler","Act Like it!","Arknights","BaseMod","Better Note","Better Third Choice","BetterRewards","CapriCore","Lobotomy","LobotomyExtend","MarisaÅiñ∂âJÅ@ñÇóùçπÅj","Minty Spire (QoL Compilation)","Prisma Mod","StSLib","The Animator","The Senshi","Waifu the Spire"],"gold_per_floor":[111,133,165,184,203,203,229,246,246,246,246,67,67,84,84,184,209,224,224,236,259,282,282,60,74,99,109,129,168,168,168],"floor_reached":30,"language":"ENG","playtime":2726,"items_purged":[],"score":265,"play_id":"ecc94837-b49d-469c-bf84-4389634dbfb5","local_time":"20210204133928","is_ascension_mode":false,"campfire_choices":[{"floor":6,"key":"REST"},{"floor":11,"key":"REST"},{"floor":15,"key":"REST"},{"data":"animator:Illya","floor":23,"key":"SMITH"}],"circlet_count":0,"master_deck":["animator:Strike_Konosuba","animator:Defend_Konosuba","animator:Strike","animator:Strike","animator:Strike","animator:Defend","animator:Defend","animator:Defend","animator:Kazuma","animator:Aqua","animator:Berserker","animator:Elesis","animator:Mitsurugi","animator:KyokoSakura","animator:Illya+1","animator:IzunaHatsuse","animator:ElricEdward","animator:Arpeggio+1","animator:Scar","animator:HighElfArcher","animator:ElricAlphonse","animator:Gilgamesh+2","animator:Darkness+1","animator:Elsword","animator:HighElfArcher","animator:Chris","animator:Megumin+1","animator:FielNirvalen+1","animator:HiiragiShinya","animator:Shinoa","animator:Berserker","animator:Evileye+1","animator:Alexander","animator:CowGirl","animator:Verdia"],"relics":["animator:LivingPicture","animator:TheMissingPiece","animator:PurgingStone","LetterFromLob","CloakClasp","Frozen Egg 2","Coffee Dripper","Red Skull"],"acts_visited":["Exordium","TheCity"],"potions_floor_usage":[16,16,16,29],"damage_taken":[{"damage":8,"enemies":"Jaw Worm","floor":1,"turns":8},{"damage":7,"enemies":"Cultist","floor":2,"turns":5},{"damage":0,"enemies":"2 Louse","floor":3,"turns":3},{"damage":19,"enemies":"Large Slime","floor":4,"turns":7},{"damage":5,"enemies":"2 Fungi Beasts","floor":5,"turns":4},{"damage":23,"enemies":"3 Sentries","floor":7,"turns":5},{"damage":9,"enemies":"Blue Slaver","floor":8,"turns":4},{"damage":6,"enemies":"Red Slaver","floor":14,"turns":3},{"damage":33,"enemies":"The Guardian","floor":16,"turns":10},{"damage":16,"enemies":"Spheric Guardian","floor":18,"turns":4},{"damage":5,"enemies":"Chosen","floor":20,"turns":4},{"damage":28,"enemies":"Sentry and Sphere","floor":21,"turns":4},{"damage":0,"enemies":"Cultist and Chosen","floor":22,"turns":7},{"damage":8,"enemies":"Centurion and Healer","floor":25,"turns":4},{"damage":11,"enemies":"Sentry and Sphere","floor":27,"turns":3},{"damage":8,"enemies":"Cultist and Chosen","floor":28,"turns":5},{"damage":10,"enemies":"Centurion and Healer","floor":29,"turns":2},{"damage":9,"enemies":"Chosen and Byrds","floor":30,"turns":1}],"seed_played":"5201010364989625581","potions_obtained":[{"floor":0,"key":"SmokeBomb"},{"floor":0,"key":"Block Potion"},{"floor":0,"key":"SpeedPotion"},{"floor":2,"key":"BlessingOfTheForge"},{"floor":3,"key":"DistilledChaos"},{"floor":14,"key":"animator:FalseLifePotion"},{"floor":18,"key":"SteroidPotion"},{"floor":27,"key":"Explosive Potion"},{"floor":29,"key":"Swift Potion"}],"is_trial":false,"path_per_floor":["M","M","M","M","M","R","E","M","T","M","R","$","?","M","R","B",null,"M","?","M","M","M","R","$","M","T","M","M","M","M"],"character_chosen":"THE_ANIMATOR","items_purchased":["animator:Arpeggio+1","animator:Scar","animator:HighElfArcher","animator:FielNirvalen+1","animator:HiiragiShinya","animator:Shinoa","animator:Berserker"],"campfire_rested":3,"item_purchase_floors":[12,12,12,24,24,24,24],"current_hp_per_floor":[60,55,57,40,37,56,35,28,28,28,47,47,47,41,60,29,66,53,53,50,24,27,27,27,21,21,16,10,6,0,0],"gold":168,"neow_bonus":"THREE_SMALL_POTIONS","is_daily":false,"chose_seed":false,"campfire_upgraded":1,"win_rate":0.0,"timestamp":1612471168,"path_taken":["M","M","M","M","M","R","E","M","T","M","R","$","?","M","R","BOSS","M","?","M","M","M","R","?","M","T","M","?","?","M"],"items_purchased_type":["Card","Card","Card","Card","Card","Card","Card"],"build_version":"2020-12-22","purchased_purges":0,"victory":false,"max_hp_per_floor":[66,66,66,66,66,66,66,66,66,66,66,66,66,66,66,66,66,67,67,67,67,68,68,68,68,68,68,68,68,68,68],"card_choices":[{"not_picked":["animator:ElricAlphonse","animator:Entoma"],"picked":"animator:Berserker","floor":1},{"not_picked":["animator:TukaLunaMarceau","animator:DolaCouronne"],"picked":"animator:Elesis","floor":2},{"not_picked":["animator:Yuuichirou","animator:Mikaela"],"picked":"animator:Mitsurugi","floor":3},{"not_picked":["animator:YuiTsuruno","animator:SuzuneAmano"],"picked":"animator:KyokoSakura","floor":4},{"not_picked":["animator:Shichika","animator:ChaikaBohdan"],"picked":"animator:Illya","floor":5},{"not_picked":["animator:Demiurge","animator:Shuna"],"picked":"animator:IzunaHatsuse","floor":7},{"not_picked":["animator:Sebas","animator:Spearman"],"picked":"animator:ElricEdward","floor":8},{"not_picked":["animator:MaesHughes","animator:Pride"],"picked":"animator:ElricAlphonse","floor":14},{"not_picked":["animator:Kyubey","animator:Rimuru"],"picked":"animator:Gilgamesh","floor":16},{"not_picked":["animator:IrohaTamaki","animator:Hakurou"],"picked":"animator:Darkness+1","floor":18},{"not_picked":["animator:MetalKnight","animator:UneriGinkaku"],"picked":"animator:HighElfArcher","floor":20},{"not_picked":["animator:ShinjiMatou","animator:Ciel"],"picked":"animator:Chris","floor":21},{"not_picked":["animator:Darkness+1","animator:YunYun"],"picked":"animator:Megumin","floor":22},{"not_picked":["animator:Illya","animator:AcuraAkari"],"picked":"animator:Evileye+1","floor":25},{"not_picked":["animator:Yoichi","animator:OrikoMikuni"],"picked":"animator:Alexander","floor":27},{"not_picked":["animator:Layla","animator:ShinjiMatou"],"picked":"animator:CowGirl","floor":28},{"not_picked":["animator:Chris","animator:Vanir"],"picked":"animator:Verdia","floor":29}],"player_experience":7391,"relics_obtained":[{"floor":1,"key":"LetterFromLob"},{"floor":7,"key":"CloakClasp"},{"floor":9,"key":"Frozen Egg 2"},{"floor":26,"key":"Red Skull"}],"event_choices":[{"damage_healed":47,"gold_gain":0,"player_choice":"Leave","damage_taken":0,"max_hp_gain":0,"max_hp_loss":66,"event_name":"betterThird:BetterShining","floor":13,"gold_loss":0},{"cards_removed":["animator:Elesis"],"damage_healed":0,"gold_gain":0,"player_choice":"Take \u0026 Give","damage_taken":0,"max_hp_gain":0,"max_hp_loss":0,"event_name":"betterNote:BetterNote","floor":19,"gold_loss":0,"cards_obtained":["animator:Elsword"]}],"is_beta":false,"boss_relics":[{"not_picked":["Mark of Pain","Runic Dome"],"picked":"Coffee Dripper"}],"items_purged_floors":[],"is_endless":false,"potions_floor_spawned":[2,3,7,14,18,27,29],"killed_by":"Chosen and Byrds","ascension_level":0}}