{"host":"l2kmo5ss1fnqnmvo","time":1612423569,"event":{"mods":["BaseMod","Colored Powertips","Decade(王小明)","Lobotomy","Minty Spire (QoL Compilation)","Reimu（博丽灵梦）","WarShipGirlsR/战舰少女R mod"],"gold_per_floor":[117,128,6,6,6,31,31,62,126,150,162,184,196,223,235,348,360,387,389,411,25,44,44,78,78,102,132,47,58,93,93,93,191,191,208,227,102,114,0,0,26,26,77,77,127,154,154,166,166,166],"floor_reached":51,"language":"ZHS","playtime":6905,"items_purged":["Decade_Attack","Decade_Attack","DecadeViolentEmotion"],"score":1259,"play_id":"ce5e277c-0645-4ab2-98ff-4ed38d251550","local_time":"20210204162609","is_ascension_mode":true,"campfire_choices":[{"floor":11,"key":"RECALL"},{"data":"Kiva_Swallow","floor":15,"key":"SMITH"},{"data":"AutoVajin","floor":23,"key":"SMITH"},{"data":"Kabuto_ClockUp","floor":25,"key":"SMITH"},{"floor":32,"key":"REST"},{"data":"NMDAZYYGL","floor":40,"key":"SMITH"},{"data":"FormRideJack","floor":44,"key":"SMITH"},{"data":"Kiva_Swallow","floor":47,"key":"SMITH"},{"data":"KamenRide","floor":49,"key":"SMITH"}],"circlet_count":0,"master_deck":["Decade_Attack+1","KamenRide+1","Decade_SpecialSkill","Decade_Defend+1","Decade_Defend+1","Decade_Defend+1","Decade_Defend+1","FormRideJack+1","Decade_Defend2","UnarmedAttack5","Kiva_Swallow+1","UnarmedAttack6","RideBooker","UnarmedAttack5","Kabuto_ClockUp+1","UnarmedAttack5","PrometheusPower+1","Blade_Metal","RideBooker_Skill_3","AutoVajin+1","Decade_Defend2","Decade_Illusion","AttackRide","Blade_Beat+1","NMDAZYYGL+1","Kiva_Swallow+1","RideBooker_Skill_1+1","UnarmedAttack5+1","UnarmedAttack5+1","Finesse","Blade_Mach","Decade_Defend2+1"],"relics":["Decadriver","TOEIDeficitBill","RabbitCall","Blood Vial","MawBank","Sozu","Prayer Wheel","Question Card","Ancient Tea Set","RuthlessExorcism:ReiMu","Frozen Egg 2","Ornamental Fan","Philosopher\u0027s Stone","Red Mask","Omamori","Bronze Scales","Lizard Tail","The Courier"],"acts_visited":["Exordium","TheCity","TheBeyond"],"potions_floor_usage":[8,24,33,51],"damage_taken":[{"damage":7,"enemies":"Jaw Worm","floor":1,"turns":2},{"damage":2,"enemies":"Cultist","floor":2,"turns":6},{"damage":4,"enemies":"Lagavulin","floor":6,"turns":12},{"damage":0,"enemies":"3 Sentries","floor":8,"turns":7},{"damage":0,"enemies":"2 Louse","floor":10,"turns":3},{"damage":4,"enemies":"Blue Slaver","floor":12,"turns":3},{"damage":8,"enemies":"Looter","floor":14,"turns":3},{"damage":0,"enemies":"Hexaghost","floor":16,"turns":6},{"damage":7,"enemies":"3 Byrds","floor":18,"turns":4},{"damage":0,"enemies":"2 Thieves","floor":19,"turns":4},{"damage":6,"enemies":"Snake Plant","floor":20,"turns":4},{"damage":5,"enemies":"Cultist and Chosen","floor":22,"turns":5},{"damage":14,"enemies":"Slavers","floor":24,"turns":6},{"damage":0,"enemies":"Gremlin Leader","floor":27,"turns":5},{"damage":0,"enemies":"Shelled Parasite and Fungi","floor":29,"turns":3},{"damage":52,"enemies":"Slavers","floor":30,"turns":6},{"damage":0,"enemies":"Automaton","floor":33,"turns":8},{"damage":3,"enemies":"3 Shapes","floor":35,"turns":3},{"damage":15,"enemies":"3 Darklings","floor":36,"turns":6},{"damage":0,"enemies":"Sphere and 2 Shapes","floor":38,"turns":2},{"damage":0,"enemies":"Giant Head","floor":41,"turns":3},{"damage":0,"enemies":"Mind Bloom Boss Battle","floor":45,"turns":5},{"damage":0,"enemies":"Nemesis","floor":46,"turns":1},{"damage":9,"enemies":"Jaw Worm Horde","floor":48,"turns":2},{"damage":0,"enemies":"Donu and Deca","floor":50,"turns":9},{"damage":0,"enemies":"Malkuth","floor":51,"turns":9},{"damage":1,"enemies":"Netzach","floor":51,"turns":9},{"damage":0,"enemies":"Geburah","floor":51,"turns":14},{"damage":43,"enemies":"Binah","floor":51,"turns":15}],"seed_played":"5484917111049869703","potions_obtained":[{"floor":1,"key":"PowerPotion"},{"floor":8,"key":"SpeedPotion"},{"floor":12,"key":"CultistPotion"},{"floor":14,"key":"LiquidBronze"}],"is_trial":false,"path_per_floor":["M","M","$","?","$","E","$","E","T","M","R","M","?","M","R","B",null,"M","M","M","$","M","R","E","R","T","E","?","M","E","?","R","B",null,"M","M","$","M","?","R","E","?","T","R","?","E","R","M","R","B",null],"character_chosen":"Decade","items_purchased":["UnarmedAttack5","Prayer Wheel"],"campfire_rested":1,"item_purchase_floors":[3,21],"current_hp_per_floor":[63,61,61,61,61,57,57,70,70,70,70,66,59,53,53,55,70,63,65,61,61,58,58,46,46,46,48,48,50,6,6,27,29,70,67,54,54,56,56,56,58,58,58,58,60,62,62,55,55,57],"gold":166,"neow_bonus":"","is_daily":false,"chose_seed":false,"campfire_upgraded":7,"win_rate":0.0,"timestamp":1612423569,"path_taken":["M","M","$","?","?","E","?","E","T","M","R","M","?","M","R","BOSS","M","M","M","$","M","R","E","R","T","E","?","M","E","?","R","BOSS","M","M","$","M","?","R","E","?","T","R","?","E","R","M","R","BOSS"],"items_purchased_type":["Card","Relic"],"build_version":"2020-12-22","purchased_purges":3,"victory":true,"max_hp_per_floor":[70,70,70,70,70,70,70,70,70,70,70,70,70,70,70,70,70,70,70,70,70,70,70,70,70,70,70,70,70,70,70,70,70,70,70,70,70,70,70,70,70,70,70,70,70,70,70,70,70,70],"card_choices":[{"not_picked":["FormRideBasshaa","Blade_Slash"],"picked":"FormRideJack","floor":1},{"not_picked":["FormRideBasshaa","KamenRideKabuto"],"picked":"Decade_Defend2","floor":2},{"not_picked":["TimeVent","DenO_Gun","UnarmedAttack1"],"picked":"SKIP","floor":2},{"not_picked":["DenO_Rod","Hibiki_FEVER"],"picked":"Kiva_Swallow","floor":6},{"not_picked":["Decade_Dash1","UnarmedAttack7","DenO_Rod"],"picked":"SKIP","floor":6},{"not_picked":["Dragreder","FormRideFlame"],"picked":"UnarmedAttack6","floor":8},{"not_picked":["KamenRideDecade","Dragreder","UnarmedAttack7"],"picked":"SKIP","floor":8},{"not_picked":["Kabuto_ClockUp","FormRideBasshaa","KamenRideDenO"],"picked":"SKIP","floor":10},{"not_picked":["KamenRideFaiz","Hibiki_Attack3"],"picked":"RideBooker","floor":12},{"not_picked":["DenO_Sword","FormRidePegasus","KamenRideAgito"],"picked":"SKIP","floor":12},{"not_picked":["FormRideFlame","Hibiki_Attack1"],"picked":"UnarmedAttack5","floor":14},{"not_picked":["PrometheusPower","FormRideTitan","KamenRideRyuki"],"picked":"SKIP","floor":14},{"not_picked":["Hibiki_FEVER","UnarmedAttack9"],"picked":"Kabuto_ClockUp","floor":16},{"not_picked":["KamenRideDenO","Kiva_Frozen","RideBooker"],"picked":"SKIP","floor":18},{"not_picked":["DenO_Ax","Hibiki_Attack1","MirrorWorld"],"picked":"SKIP","floor":18},{"not_picked":["RideBooker_Skill_3","DenO_Ax"],"picked":"UnarmedAttack5","floor":19},{"not_picked":["FormRidePegasus","DragShield","Decade_Invisible"],"picked":"SKIP","floor":19},{"not_picked":["PhotonAcceleration","DenO_Gun"],"picked":"PrometheusPower+1","floor":20},{"not_picked":["Decade_Defend2","UnarmedAttack8"],"picked":"Blade_Metal","floor":22},{"not_picked":["Decade_Defend2+1","Kabuto_ClockUp"],"picked":"RideBooker_Skill_3","floor":22},{"not_picked":["KamenRideKuuga+1","KamenRideHibiki"],"picked":"AutoVajin","floor":22},{"not_picked":["KamenRideDecade","Blade_Slash"],"picked":"Decade_Defend2","floor":24},{"not_picked":["RideBooker_Skill_1","Blade_Slash+1","Kiva_Swallow"],"picked":"Decade_Illusion","floor":27},{"not_picked":["KamenRideDecade+1","KamenRideKabuto+1","Blade_Beat"],"picked":"DecadeViolentEmotion","floor":27},{"not_picked":["UnarmedAttack8","Decade_Defend2","Hibiki_Attack2"],"picked":"AttackRide","floor":29},{"not_picked":["RideBooker","FormRideDogga","UnarmedAttack7","AutoVajin"],"picked":"SKIP","floor":29},{"not_picked":["FormRideFlame+1","Decade_Illusion","RideBooker"],"picked":"Blade_Beat+1","floor":30},{"not_picked":["DenO_Climax+1","UnarmedAttack8","FormRideStorm","DenO_Gun+1"],"picked":"SKIP","floor":30},{"not_picked":["Kiva_Eat","FormRideAxel","Kiva_Swallow"],"picked":"NMDAZYYGL","floor":33},{"not_picked":["Hibiki_FEVER","FormRideAxel","UnarmedAttack9"],"picked":"Kiva_Swallow","floor":33},{"not_picked":["AutoVajin+1","KamenRideKabuto+1","MirrorWorld+1"],"picked":"RideBooker_Skill_1+1","floor":35},{"not_picked":["FormRide+1","DenO_Gun","UnarmedAttack4+1","Hibiki_Attack3+1"],"picked":"SKIP","floor":35},{"not_picked":["RideBooker","DenO_Gun+1","UnarmedAttack3","Decade_Dash1+1"],"picked":"SKIP","floor":35},{"not_picked":["Hibiki_Attack3","FormRidePegasus","Decade_Dash2+1","Blade_Slash"],"picked":"SKIP","floor":36},{"not_picked":["Decade_Illusion","DragClaw","FormRideStorm+1","Kiva_Bats"],"picked":"SKIP","floor":36},{"not_picked":["UnarmedAttack8","RideBooker_Skill_1+1","UnarmedAttack3+1","UnarmedAttack9"],"picked":"SKIP","floor":36},{"not_picked":["AutoVajin+1","DenO_Gun+1","DenO_Ax+1"],"picked":"UnarmedAttack5+1","floor":38},{"not_picked":["Hibiki_Attack1","UnarmedAttack1","KamenRideDecade+1","Blade_Kick"],"picked":"SKIP","floor":38},{"not_picked":["Dragreder+1","KamenRideKuuga+1","KamenRideDecade+1"],"picked":"UnarmedAttack5+1","floor":41},{"not_picked":["Hibiki_Attack2+1","UnarmedAttack7+1","FormRideFlame+1","DenO_Climax+1"],"picked":"SKIP","floor":41},{"not_picked":["Impatience","Jack Of All Trades","Enlightenment"],"picked":"Finesse","floor":42},{"not_picked":["KamenRideKuuga+1","UnarmedAttack7","NMDAZYYGL"],"picked":"Blade_Mach","floor":46},{"not_picked":["FormRideBasshaa","FormRidePegasus+1","RideBooker_Skill_1+1"],"picked":"Decade_Defend2+1","floor":48},{"not_picked":["PhotonAcceleration+1","Decade_Dash1","RideBooker_Skill_1+1","FormRideDogga+1"],"picked":"SKIP","floor":48},{"not_picked":["DenO_Ax","DenO_Sword+1","FormRideFlame+1","DenO_Rod"],"picked":"SKIP","floor":48}],"player_experience":623415,"relics_obtained":[{"floor":6,"key":"Blood Vial"},{"floor":8,"key":"MawBank"},{"floor":24,"key":"Question Card"},{"floor":26,"key":"Ancient Tea Set"},{"floor":27,"key":"RuthlessExorcism:ReiMu"},{"floor":30,"key":"Ornamental Fan"},{"floor":41,"key":"Omamori"},{"floor":43,"key":"Bronze Scales"},{"floor":45,"key":"Lizard Tail"},{"floor":46,"key":"The Courier"}],"event_choices":[{"damage_healed":0,"gold_gain":0,"player_choice":"0 cards matched","damage_taken":0,"max_hp_gain":0,"max_hp_loss":0,"event_name":"Match and Keep!","floor":4,"gold_loss":0,"cards_obtained":[]},{"cards_removed":["Decade_Attack"],"damage_healed":0,"gold_gain":0,"player_choice":"Card Removal","damage_taken":7,"max_hp_gain":0,"max_hp_loss":0,"event_name":"Golden Wing","floor":13,"gold_loss":0},{"damage_healed":0,"gold_gain":0,"player_choice":"Obtained Relic","damage_taken":0,"relics_obtained":["Frozen Egg 2"],"max_hp_gain":0,"max_hp_loss":0,"event_name":"Addict","floor":28,"gold_loss":85},{"damage_healed":0,"gold_gain":0,"player_choice":"Simplicity","damage_taken":0,"max_hp_gain":0,"max_hp_loss":0,"event_name":"Back to Basics","floor":31,"gold_loss":0,"cards_upgraded":["Decade_Attack","Decade_Defend","Decade_Defend","Decade_Defend","Decade_Defend"]},{"damage_healed":0,"gold_gain":0,"player_choice":"Paid","damage_taken":0,"relics_obtained":["Red Mask"],"max_hp_gain":0,"max_hp_loss":0,"event_name":"Tomb of Lord Red Mask","floor":39,"gold_loss":114},{"damage_healed":0,"gold_gain":0,"player_choice":"Memory 1","damage_taken":0,"max_hp_gain":0,"max_hp_loss":0,"event_name":"SensoryStone","floor":42,"gold_loss":0},{"damage_healed":0,"gold_gain":0,"player_choice":"Fight","damage_taken":0,"max_hp_gain":0,"max_hp_loss":0,"event_name":"MindBloom","floor":45,"gold_loss":0}],"is_beta":false,"boss_relics":[{"not_picked":["Ectoplasm","Runic Pyramid"],"picked":"Sozu"},{"not_picked":["Astrolabe","Fusion Hammer"],"picked":"Philosopher\u0027s Stone"}],"items_purged_floors":[3,21,37],"is_endless":false,"potions_floor_spawned":[1,8,12,14,18,20,29,30,33,35,41,45],"ascension_level":3}}