{"host":"2e3z4r48quhw80cc","time":1612472599,"event":{"mods":["BaseMod","Minty Spire (QoL Compilation)","Quick Restart","StSLib","SuperFastMode"],"gold_per_floor":[359,370,38,38,38,70,70,87,87,129,152,164,207,229,241,356,368,400,412,439,451,463,475,498,510,568,606,618,254,280,23,23,118,118,138,158,89,104,115,144,144,199,199,225,238,238,77,107,107,107],"floor_reached":51,"language":"KOR","playtime":1498,"items_purged":["Strike_B","Zap","Beam Cell"],"score":1145,"play_id":"f8260e43-b532-4286-9ac9-643f8c0e348a","local_time":"20210205060319","is_ascension_mode":true,"campfire_choices":[{"data":"Chaos","floor":7.0,"key":"SMITH"},{"floor":12.0,"key":"REST"},{"data":"Loop","floor":15.0,"key":"SMITH"},{"data":"Rainbow","floor":23.0,"key":"SMITH"},{"data":"White Noise","floor":25.0,"key":"SMITH"},{"floor":32.0,"key":"REST"},{"data":"Storm","floor":41.0,"key":"SMITH"},{"data":"Heatsinks","floor":46.0,"key":"SMITH"},{"data":"Amplify","floor":49,"key":"SMITH"}],"circlet_count":0,"master_deck":["Dualcast","Genetic Algorithm","Self Repair","Rip and Tear","Chaos+1","Barrage","Loop+1","White Noise+1","Seek+1","Electrodynamics","Rainbow+1","Heatsinks+1","Seek","Static Discharge+1","Electrodynamics","Turbo","Conserve Battery+1","Storm+1","Leap","Amplify+1","Chaos+1","Storm","Machine Learning","Biased Cognition","Force Field+1","Storm"],"relics":["Cracked Core","Juzu Bracelet","Sundial","MawBank","Emotion Chip","Eternal Feather","Pandora\u0027s Box","Pen Nib","Potion Belt","Tiny Chest","Red Mask","Mummified Hand","Philosopher\u0027s Stone","Boot","Girya","Singing Bowl","War Paint","Letter Opener"],"acts_visited":["Exordium","TheCity","TheBeyond"],"potions_floor_usage":[48,50,50,50],"damage_taken":[{"damage":1.0,"enemies":"Cultist","floor":1.0,"turns":3.0},{"damage":10.0,"enemies":"Small Slimes","floor":2.0,"turns":4.0},{"damage":25.0,"enemies":"Lagavulin","floor":6.0,"turns":7.0},{"damage":0.0,"enemies":"2 Louse","floor":8.0,"turns":3.0},{"damage":30.0,"enemies":"Gremlin Nob","floor":10.0,"turns":4.0},{"damage":4.0,"enemies":"Looter","floor":11.0,"turns":3.0},{"damage":15.0,"enemies":"Lagavulin","floor":13.0,"turns":6.0},{"damage":0.0,"enemies":"Large Slime","floor":14.0,"turns":5.0},{"damage":33.0,"enemies":"Hexaghost","floor":16.0,"turns":7.0},{"damage":23.0,"enemies":"2 Thieves","floor":18.0,"turns":3.0},{"damage":11.0,"enemies":"Spheric Guardian","floor":20.0,"turns":3.0},{"damage":6.0,"enemies":"3 Cultists","floor":24.0,"turns":3.0},{"damage":33.0,"enemies":"Book of Stabbing","floor":27.0,"turns":4.0},{"damage":12.0,"enemies":"Masked Bandits","floor":30.0,"turns":2.0},{"damage":44.0,"enemies":"Champ","floor":33.0,"turns":9.0},{"damage":0.0,"enemies":"3 Shapes","floor":35.0,"turns":2.0},{"damage":13.0,"enemies":"Orb Walker","floor":36.0,"turns":3.0},{"damage":9.0,"enemies":"Sphere and 2 Shapes","floor":38.0,"turns":3.0},{"damage":0.0,"enemies":"Spire Growth","floor":39.0,"turns":3.0},{"damage":7.0,"enemies":"Reptomancer","floor":40.0,"turns":4.0},{"damage":14.0,"enemies":"2 Orb Walkers","floor":42.0,"turns":2.0},{"damage":18.0,"enemies":"Nemesis","floor":44.0,"turns":3.0},{"damage":0.0,"enemies":"Jaw Worm Horde","floor":45.0,"turns":2.0},{"damage":15,"enemies":"Reptomancer","floor":48,"turns":3},{"damage":32,"enemies":"Donu and Deca","floor":50,"turns":3}],"seed_played":"3158539302822758852","potions_obtained":[{"floor":1.0,"key":"EssenceOfSteel"},{"floor":10.0,"key":"PowerPotion"},{"floor":11.0,"key":"Strength Potion"},{"floor":14.0,"key":"Weak Potion"},{"floor":24.0,"key":"GamblersBrew"},{"floor":27.0,"key":"SmokeBomb"},{"floor":36.0,"key":"Dexterity Potion"},{"floor":39.0,"key":"Explosive Potion"},{"floor":40.0,"key":"GamblersBrew"},{"floor":45.0,"key":"FearPotion"}],"is_trial":false,"path_per_floor":["M","M","$","?","?","E","R","M","T","E","M","R","E","M","R","B",null,"M","?","M","?","?","R","M","R","T","E","?","$","?","$","R","B",null,"M","M","$","M","M","E","R","?","T","E","M","R","$","E","R","B",null],"character_chosen":"DEFECT","items_purchased":["Self Repair","Juzu Bracelet","Rip and Tear","Storm","Leap","Tiny Chest","Mummified Hand","Storm","Storm"],"campfire_rested":2,"item_purchase_floors":[3,3,3,29,29,29,31,37,47],"current_hp_per_floor":[49,39,39,39,44,26,26,33,33,10,13,37,29,36,45,19,65,49,49,45,45,30,39,40,49,49,23,23,23,18,18,55,18,68,75,69,69,67,67,67,82,75,75,66,75,89,89,83,91,66],"gold":107,"neow_bonus":"TWO_FIFTY_GOLD","is_daily":false,"chose_seed":false,"campfire_upgraded":7,"win_rate":0.0,"timestamp":1612472599,"path_taken":["M","M","?","?","?","E","R","M","T","E","M","R","E","M","R","BOSS","M","?","M","?","?","R","M","R","T","E","?","?","?","$","R","BOSS","M","M","$","M","M","E","R","?","T","E","M","R","$","E","R","BOSS"],"items_purchased_type":["Card","Relic","Card","Card","Card","Relic","Relic","Card","Card"],"build_version":"2020-12-22","purchased_purges":3,"victory":true,"max_hp_per_floor":[75,75,75,75,80,80,80,80,80,80,80,80,80,80,80,80,80,80,80,80,80,85,85,85,85,85,85,85,85,85,85,85,85,85,85,85,85,85,85,85,85,85,85,87,89,89,89,91,91,91],"card_choices":[{"not_picked":["Turbo","Compile Driver"],"picked":"Genetic Algorithm","floor":1.0},{"not_picked":["Skim","Barrage"],"picked":"Beam Cell","floor":2.0},{"not_picked":["Static Discharge","Cold Snap"],"picked":"Chaos","floor":6.0},{"not_picked":["Chaos","Cold Snap"],"picked":"Barrage","floor":8.0},{"not_picked":["Hello World","Hologram"],"picked":"Loop","floor":10.0},{"not_picked":["Multi-Cast","Darkness"],"picked":"White Noise","floor":11.0},{"not_picked":["Sweeping Beam","Genetic Algorithm","Beam Cell"],"picked":"SKIP","floor":13.0},{"not_picked":["Go for the Eyes","Hologram","Doom and Gloom"],"picked":"SKIP","floor":14.0},{"not_picked":["Reboot","Hyperbeam"],"picked":"Seek","floor":16.0},{"not_picked":["Streamline+1","Sweeping Beam"],"picked":"Static Discharge+1","floor":18.0},{"not_picked":["Cold Snap","Genetic Algorithm+1"],"picked":"Conserve Battery","floor":20.0},{"not_picked":["Rebound","Go for the Eyes+1","Streamline"],"picked":"SKIP","floor":24.0},{"not_picked":["Electrodynamics","Barrage","Gash"],"picked":"SKIP","floor":27.0},{"not_picked":["Biased Cognition","Meteor Strike"],"picked":"Amplify","floor":33.0},{"not_picked":["Turbo","Conserve Battery+1","Cold Snap"],"picked":"SKIP","floor":35.0},{"not_picked":["Cold Snap","Conserve Battery+1"],"picked":"Chaos+1","floor":36.0},{"not_picked":["Conserve Battery","Rebound","Coolheaded"],"picked":"SKIP","floor":38.0},{"not_picked":["Coolheaded","Compile Driver"],"picked":"Machine Learning","floor":39.0},{"not_picked":["Coolheaded+1","Lockon+1"],"picked":"Biased Cognition","floor":40.0},{"not_picked":["Sweeping Beam+1","Cold Snap+1"],"picked":"Force Field+1","floor":42.0},{"not_picked":["Turbo","Rainbow","Aggregate"],"picked":"Singing Bowl","floor":44.0},{"not_picked":["Streamline","Redo+1","Sunder"],"picked":"Singing Bowl","floor":45.0},{"not_picked":["Turbo+1","Chill+1","Barrage"],"picked":"Singing Bowl","floor":48}],"player_experience":117031,"relics_obtained":[{"floor":6.0,"key":"Sundial"},{"floor":9.0,"key":"MawBank"},{"floor":10.0,"key":"Emotion Chip"},{"floor":13.0,"key":"Eternal Feather"},{"floor":26.0,"key":"Pen Nib"},{"floor":27.0,"key":"Potion Belt"},{"floor":30.0,"key":"Red Mask"},{"floor":40.0,"key":"Boot"},{"floor":42.0,"key":"Girya"},{"floor":43.0,"key":"Singing Bowl"},{"floor":44.0,"key":"War Paint"},{"floor":48,"key":"Letter Opener"}],"event_choices":[{"cards_removed":["Strike_B"],"damage_healed":0.0,"max_hp_gain":0.0,"max_hp_loss":0.0,"gold_gain":0.0,"event_name":"Bonfire Elementals","player_choice":"Offered Basic","floor":4.0,"gold_loss":0.0,"damage_taken":0.0},{"damage_healed":0.0,"max_hp_gain":5.0,"max_hp_loss":0.0,"gold_gain":0.0,"event_name":"Big Fish","player_choice":"Donut","floor":5.0,"gold_loss":0.0,"damage_taken":0.0},{"damage_healed":0.0,"max_hp_gain":0.0,"max_hp_loss":0.0,"gold_gain":0.0,"cards_transformed":["Blizzard","Scrape"],"event_name":"Drug Dealer","player_choice":"Became Test Subject","floor":19.0,"gold_loss":0.0,"damage_taken":0.0,"cards_obtained":["Electrodynamics","Turbo"]},{"damage_healed":0.0,"max_hp_gain":0.0,"max_hp_loss":0.0,"gold_gain":0.0,"event_name":"Ghosts","player_choice":"Ignored","floor":21.0,"gold_loss":0.0,"damage_taken":0.0},{"damage_healed":0.0,"max_hp_gain":5.0,"max_hp_loss":0.0,"gold_gain":0.0,"event_name":"Forgotten Altar","player_choice":"Shed Blood","floor":22.0,"gold_loss":0.0,"damage_taken":20.0},{"damage_healed":0.0,"max_hp_gain":0.0,"max_hp_loss":0.0,"gold_gain":0.0,"event_name":"Cursed Tome","player_choice":"Ignored","floor":28.0,"gold_loss":0.0,"damage_taken":0.0},{"damage_healed":0.0,"max_hp_gain":0.0,"max_hp_loss":0.0,"gold_gain":0.0,"event_name":"Masked Bandits","player_choice":"Fought Bandits","floor":30.0,"gold_loss":0.0,"damage_taken":0.0},{"damage_healed":0.0,"max_hp_gain":0.0,"max_hp_loss":0.0,"gold_gain":0.0,"event_name":"Mysterious Sphere","player_choice":"Fight","floor":42.0,"gold_loss":0.0,"damage_taken":0.0}],"is_beta":false,"boss_relics":[{"not_picked":["Snecko Eye","Inserter"],"picked":"Pandora\u0027s Box"},{"not_picked":["Velvet Choker","SacredBark"],"picked":"Philosopher\u0027s Stone"}],"items_purged_floors":[3,29,47],"is_endless":false,"potions_floor_spawned":[1,10,11,14,24,27,36,39,40,45],"ascension_level":9}}