{"host":"fuszjwm6fqgjjp4d","time":1612420301,"event":{"mods":["BaseMod","Bestiary","Colored Map","Minty Spire (QoL Compilation)","Permanent Neow","Relic Sorter","Relic Stats","StSLib"],"gold_per_floor":[20,34,34,34,48,79,79,91,91,118,137,137,149,175,175,249,249,264,264,179,179,192,192,192,192],"floor_reached":24,"language":"ENG","playtime":555,"items_purged":[],"score":582,"play_id":"b689dbed-cbda-436f-b6ca-dadd88e6c377","local_time":"20210204003141","is_ascension_mode":true,"campfire_choices":[{"data":"Zap","floor":7.0,"key":"SMITH"},{"data":"1","floor":12.0,"key":"LIFT"},{"data":"Defragment","floor":15.0,"key":"SMITH"},{"floor":23.0,"key":"REST"}],"circlet_count":0,"master_deck":["AscendersBane","Strike_B+1","Strike_B+1","Strike_B+1","Strike_B+1","Defend_B+1","Defend_B+1","Defend_B+1","Defend_B+1","Zap+1","Dualcast","Buffer+1","Ball Lightning","Ball Lightning","Hologram","Undo","Self Repair","Defragment+1","Biased Cognition"],"relics":["Cracked Core","Tiny Chest","Darkstone Periapt","Girya","The Courier","Black Star","CeramicFish"],"acts_visited":["Exordium","TheCity"],"potions_floor_usage":[24,24],"damage_taken":[{"damage":10.0,"enemies":"Small Slimes","floor":1.0,"turns":4.0},{"damage":0.0,"enemies":"Cultist","floor":2.0,"turns":4.0},{"damage":0.0,"enemies":"2 Louse","floor":5.0,"turns":1.0},{"damage":27.0,"enemies":"3 Sentries","floor":6.0,"turns":7.0},{"damage":0.0,"enemies":"2 Fungi Beasts","floor":8.0,"turns":3.0},{"damage":6.0,"enemies":"Gremlin Nob","floor":10.0,"turns":4.0},{"damage":0.0,"enemies":"Looter","floor":11.0,"turns":4.0},{"damage":5.0,"enemies":"Large Slime","floor":13.0,"turns":7.0},{"damage":0.0,"enemies":"Lagavulin","floor":14.0,"turns":6.0},{"damage":0.0,"enemies":"Slime Boss","floor":16.0,"turns":8.0},{"damage":39.0,"enemies":"2 Thieves","floor":18.0,"turns":3.0},{"damage":22.0,"enemies":"3 Byrds","floor":22.0,"turns":5.0},{"damage":31,"enemies":"Slavers","floor":24,"turns":2}],"seed_played":"-3568200105997485954","potions_obtained":[{"floor":2.0,"key":"Explosive Potion"},{"floor":6.0,"key":"Energy Potion"},{"floor":11.0,"key":"Ancient Potion"},{"floor":14.0,"key":"Energy Potion"},{"floor":22.0,"key":"SkillPotion"}],"is_trial":false,"path_per_floor":["M","M","?","$","M","E","R","M","T","E","M","R","M","E","R","B",null,"M","?","?","?","M","R","E"],"character_chosen":"DEFECT","items_purchased":[],"campfire_rested":1,"item_purchase_floors":[],"current_hp_per_floor":[54,54,54,54,54,27,27,27,27,21,28,28,30,37,37,44,64,25,25,25,25,10,31,0,0],"gold":192,"neow_bonus":"THREE_RARE_CARDS","is_daily":false,"chose_seed":false,"campfire_upgraded":2,"win_rate":0.0,"timestamp":1612420301,"path_taken":["M","M","?","?","?","E","R","M","T","E","M","R","M","E","R","BOSS","M","?","?","?","M","R","E"],"items_purchased_type":[],"build_version":"2020-12-22","purchased_purges":0,"victory":false,"max_hp_per_floor":[71,71,71,71,71,71,71,71,71,71,71,71,71,71,71,71,71,71,71,71,71,71,71,71,71],"relic_stats":{"Darkstone Periapt":0,"counters":[13,58],"CeramicFish":0,"Tiny Chest":0,"Black Star":0,"obtain_stats":[{"Darkstone Periapt":9,"Girya":10,"CeramicFish":20,"Tiny Chest":6,"The Courier":14,"Black Star":17,"Cracked Core":0},{"Darkstone Periapt":5,"Girya":6,"CeramicFish":11,"Tiny Chest":4,"The Courier":9,"Black Star":10,"Cracked Core":0},{"Darkstone Periapt":19,"Girya":23,"CeramicFish":51,"Tiny Chest":16,"The Courier":40,"Black Star":48,"Cracked Core":0}]},"card_choices":[{"not_picked":["Seek","Thunder Strike"],"picked":"Buffer","floor":0.0},{"not_picked":["Rebound","Blizzard"],"picked":"Ball Lightning","floor":1.0},{"not_picked":["Stack","Redo"],"picked":"Ball Lightning","floor":2.0},{"not_picked":["Streamline","Chaos"],"picked":"Hologram","floor":5.0},{"not_picked":["Tempest","Rebound"],"picked":"Undo","floor":6.0},{"not_picked":["Darkness","Stack","Gash"],"picked":"SKIP","floor":8.0},{"not_picked":["Turbo","Blizzard"],"picked":"Self Repair","floor":10.0},{"not_picked":["Coolheaded","Consume","Scrape"],"picked":"SKIP","floor":11.0},{"not_picked":["Steam","Beam Cell","Doom and Gloom"],"picked":"SKIP","floor":13.0},{"not_picked":["Skim","Core Surge"],"picked":"Defragment","floor":14.0},{"not_picked":["Buffer","Hyperbeam"],"picked":"Biased Cognition","floor":16.0},{"not_picked":["Turbo","Compile Driver","Gash"],"picked":"SKIP","floor":18.0},{"not_picked":["Tempest","Gash","Steam"],"picked":"SKIP","floor":22.0}],"player_experience":1436881,"relics_obtained":[{"floor":6.0,"key":"Tiny Chest"},{"floor":9.0,"key":"Darkstone Periapt"},{"floor":10.0,"key":"Girya"},{"floor":14.0,"key":"The Courier"}],"event_choices":[{"damage_healed":0.0,"max_hp_gain":0.0,"max_hp_loss":0.0,"gold_gain":0.0,"event_name":"Upgrade Shrine","player_choice":"Upgraded","floor":3.0,"gold_loss":0.0,"damage_taken":0.0,"cards_upgraded":["Buffer"]},{"damage_healed":0.0,"max_hp_gain":0.0,"max_hp_loss":0.0,"gold_gain":0.0,"event_name":"Back to Basics","player_choice":"Simplicity","floor":19.0,"gold_loss":0.0,"damage_taken":0.0,"cards_upgraded":["Strike_B","Strike_B","Strike_B","Strike_B","Defend_B","Defend_B","Defend_B","Defend_B"]},{"damage_healed":0.0,"max_hp_gain":0.0,"max_hp_loss":0.0,"gold_gain":0.0,"event_name":"Addict","player_choice":"Obtained Relic","floor":20.0,"gold_loss":85.0,"damage_taken":0.0,"relics_obtained":["CeramicFish"]},{"damage_healed":0.0,"max_hp_gain":0.0,"max_hp_loss":0.0,"gold_gain":0.0,"event_name":"Ghosts","player_choice":"Ignored","floor":21.0,"gold_loss":0.0,"damage_taken":0.0}],"is_beta":false,"boss_relics":[{"not_picked":["Pandora\u0027s Box","Runic Dome"],"picked":"Black Star"}],"items_purged_floors":[],"is_endless":false,"potions_floor_spawned":[2,6,11,14,22],"killed_by":"Slavers","ascension_level":20}}