{"host":"tiwza2kisyyrpq7h","time":1612472475,"event":{"mods":["BaseMod","BetterRewards","Colored Powertips","Minty Spire (QoL Compilation)","Quick Restart","Rare Cards Sparkle","StSLib","SuperFastMode","The Servant 0.9.4","óô»ðÖ¸ÄÏ"],"gold_per_floor":[112,125,125,145,45,71,26,26,50,50,65,92,367,379,379,454,454,471,481,144,156,169,204,204,204,227,257,275,275,2,22,22,100,100,115,128,78,78,93,135,0,0,0,62,92,116,116,133,133,133,133,133,133,27,61,61],"floor_reached":57,"language":"ZHS","playtime":3244,"items_purged":["Strike_R","Regret","Perfected Strike","Searing Blow"],"score":2972,"play_id":"46819266-08d4-419e-9921-c36e092b0155","local_time":"20210205050115","is_ascension_mode":true,"campfire_choices":[{"data":"1","floor":15.0,"key":"LIFT"},{"data":"Dark Embrace","floor":29.0,"key":"SMITH"},{"data":"2","floor":32.0,"key":"LIFT"},{"data":"3","floor":42.0,"key":"LIFT"},{"floor":47.0,"key":"RECALL"},{"data":"Limit Break","floor":49.0,"key":"SMITH"},{"data":"Rupture","floor":53.0,"key":"SMITH"}],"circlet_count":0,"master_deck":["AscendersBane","Bash","Reaper","Armaments+1","Sentinel","Battle Trance","Heavy Blade","Limit Break+1","Cleave","Flex+1","Uppercut","Blood for Blood","Offering+1","Clothesline","Exhume+1","Whirlwind","Battle Trance+1","Blood for Blood","Dual Wield+1","True Grit+1","Bloodletting+1","Rupture+1","Flex+1","Shrug It Off+1","Inflame","Pommel Strike","Evolve","Dark Embrace+1","Double Tap+1","CurseOfTheBell","Intimidate+1","Pain","Armaments+1","Metallicize+1","Brutality","True Grit+1","Dark Embrace","Offering+1","Sentinel+1"],"relics":["Burning Blood","Smiling Mask","Toxic Egg 2","Anchor","FaceOfCleric","Girya","Frozen Eye","Bag of Marbles","Nloth\u0027s Gift","Bag of Preparation","Oddly Smooth Stone","Bottled Tornado","Calling Bell","Akabeko","Mercury Hourglass","Dead Branch","WarpedTongs","CeramicFish","Red Mask","Prayer Wheel","HornCleat"],"acts_visited":["Exordium","TheCity","TheBeyond","TheEnding"],"potions_floor_usage":[56,56],"damage_taken":[{"damage":18.0,"enemies":"Jaw Worm","floor":1.0,"turns":7.0},{"damage":7.0,"enemies":"Cultist","floor":2.0,"turns":4.0},{"damage":16.0,"enemies":"Small Slimes","floor":4.0,"turns":4.0},{"damage":31.0,"enemies":"Gremlin Nob","floor":6.0,"turns":4.0},{"damage":22.0,"enemies":"Exordium Thugs","floor":7.0,"turns":6.0},{"damage":9.0,"enemies":"Looter","floor":11.0,"turns":4.0},{"damage":15.0,"enemies":"Lagavulin","floor":12.0,"turns":5.0},{"damage":0.0,"enemies":"Lots of Slimes","floor":14.0,"turns":1.0},{"damage":38.0,"enemies":"Hexaghost","floor":16.0,"turns":8.0},{"damage":18.0,"enemies":"Spheric Guardian","floor":18.0,"turns":3.0},{"damage":17.0,"enemies":"2 Thieves","floor":19.0,"turns":3.0},{"damage":15.0,"enemies":"Chosen and Byrds","floor":21.0,"turns":2.0},{"damage":36.0,"enemies":"Centurion and Healer","floor":22.0,"turns":5.0},{"damage":37.0,"enemies":"Book of Stabbing","floor":23.0,"turns":4.0},{"damage":27.0,"enemies":"Slavers","floor":27.0,"turns":3.0},{"damage":13.0,"enemies":"Sentry and Sphere","floor":28.0,"turns":3.0},{"damage":9.0,"enemies":"Snake Plant","floor":31.0,"turns":2.0},{"damage":38.0,"enemies":"Champ","floor":33.0,"turns":6.0},{"damage":36.0,"enemies":"3 Darklings","floor":35.0,"turns":3.0},{"damage":6.0,"enemies":"3 Shapes","floor":36.0,"turns":2.0},{"damage":36.0,"enemies":"Maw","floor":39.0,"turns":5.0},{"damage":19.0,"enemies":"Nemesis","floor":40.0,"turns":3.0},{"damage":48.0,"enemies":"2 Orb Walkers","floor":44.0,"turns":5.0},{"damage":5.0,"enemies":"Jaw Worm Horde","floor":45.0,"turns":1.0},{"damage":47.0,"enemies":"3 Darklings","floor":46.0,"turns":4.0},{"damage":70.0,"enemies":"Writhing Mass","floor":48.0,"turns":6.0},{"damage":50.0,"enemies":"Awakened One","floor":50.0,"turns":2.0},{"damage":56.0,"enemies":"Time Eater","floor":51.0,"turns":3.0},{"damage":38.0,"enemies":"Shield and Spear","floor":55.0,"turns":3.0},{"damage":139,"enemies":"The Heart","floor":56,"turns":5}],"seed_played":"-4140719486560744863","potions_obtained":[{"floor":2.0,"key":"AttackPotion"},{"floor":7.0,"key":"DuplicationPotion"},{"floor":11.0,"key":"Fire Potion"},{"floor":14.0,"key":"Block Potion"},{"floor":19.0,"key":"DuplicationPotion"},{"floor":21.0,"key":"Fire Potion"},{"floor":22.0,"key":"Fruit Juice"},{"floor":28.0,"key":"Swift Potion"},{"floor":36.0,"key":"EntropicBrew"},{"floor":45.0,"key":"Ancient Potion"},{"floor":55.0,"key":"GamblersBrew"}],"is_trial":false,"path_per_floor":["M","M","?","M","$","E","M","T","T","?","M","E","?","M","R","B",null,"M","M","$","M","M","E","?","?","T","E","M","R","$","M","R","B",null,"M","M","$","?","M","E","?","R","T","?","M","M","R","M","R","B","B",null,"R","$","E","B",null],"character_chosen":"IRONCLAD","items_purchased":["Heavy Blade","Rupture","Frozen Eye","Flex+1","Bottled Tornado","PowerPotion"],"campfire_rested":0,"item_purchase_floors":[5,20,20,20,30,54],"current_hp_per_floor":[60,63,63,59,59,40,32,32,32,32,34,26,26,33,33,17,58,47,37,37,29,60,30,30,30,30,38,42,42,42,40,40,52,78,87,88,88,88,73,61,61,61,61,60,62,93,93,74,74,95,46,84,84,84,97,98],"gold":61,"neow_bonus":"THREE_RARE_CARDS","is_daily":false,"chose_seed":false,"campfire_upgraded":3,"win_rate":0.0,"timestamp":1612472475,"path_taken":["M","M","?","?","$","E","M","?","T","?","?","E","?","M","R","BOSS","M","M","$","M","?","E","?","?","T","E","?","R","$","M","R","BOSS","M","M","$","?","?","E","?","R","T","?","M","M","R","M","R","BOSS","BOSS","R","$","E","BOSS"],"items_purchased_type":["Card","Card","Relic","Card","Relic","Potion"],"build_version":"2020-12-22","purchased_purges":4,"victory":true,"max_hp_per_floor":[68,68,68,68,68,68,68,68,68,68,69,70,70,71,71,72,72,73,74,74,75,81,82,82,82,82,83,84,84,84,85,85,86,86,87,88,88,88,89,90,90,90,90,91,92,93,93,94,94,95,96,96,96,96,97,98],"card_choices":[{"not_picked":["Brutality","Berserk"],"picked":"Reaper","floor":0.0},{"not_picked":["Body Slam","Wild Strike"],"picked":"Armaments","floor":1.0},{"not_picked":["Power Through","Warcry"],"picked":"Sentinel","floor":2.0},{"not_picked":["Cleave","Seeing Red"],"picked":"Battle Trance","floor":4.0},{"not_picked":["Carnage","True Grit"],"picked":"Limit Break","floor":6.0},{"not_picked":["Dropkick","Iron Wave"],"picked":"Cleave","floor":7.0},{"not_picked":["Perfected Strike","Combust"],"picked":"Flex+1","floor":11.0},{"not_picked":["Dropkick","Perfected Strike"],"picked":"Uppercut","floor":12.0},{"not_picked":["Cleave","Headbutt"],"picked":"Blood for Blood","floor":14.0},{"not_picked":["Brutality","Juggernaut"],"picked":"Offering+1","floor":16.0},{"not_picked":["Rampage","Clash"],"picked":"True Grit+1","floor":18.0},{"not_picked":["Intimidate+1","Pummel"],"picked":"Bloodletting+1","floor":19.0},{"not_picked":["Whirlwind","Carnage"],"picked":"Shrug It Off+1","floor":21.0},{"not_picked":["Havoc+1","Warcry+1"],"picked":"Inflame","floor":22.0},{"not_picked":["Twin Strike","Dual Wield+1"],"picked":"Pommel Strike","floor":23.0},{"not_picked":["Exhume+1","Corruption"],"picked":"Evolve","floor":27.0},{"not_picked":["Wild Strike","Feel No Pain"],"picked":"Dark Embrace","floor":28.0},{"not_picked":["Second Wind+1","Heavy Blade","Clash"],"picked":"SKIP","floor":31.0},{"not_picked":["Exhume+1","Feed"],"picked":"Double Tap+1","floor":33.0},{"not_picked":["Pommel Strike","Immolate","Body Slam+1"],"picked":"SKIP","floor":35.0},{"not_picked":["Iron Wave","Pommel Strike+1"],"picked":"Intimidate+1","floor":36.0},{"not_picked":["Heavy Blade","Rage+1"],"picked":"Armaments+1","floor":39.0},{"not_picked":["Power Through+1","Wild Strike"],"picked":"Metallicize+1","floor":40.0},{"not_picked":["Sword Boomerang","Havoc+1"],"picked":"Brutality","floor":44.0},{"not_picked":["Wild Strike","Clash+1"],"picked":"True Grit+1","floor":45.0},{"not_picked":["Shrug It Off+1","Headbutt"],"picked":"Dark Embrace","floor":45.0},{"not_picked":["Dual Wield+1","Bloodletting+1"],"picked":"Offering+1","floor":46.0},{"not_picked":["Wild Strike","Havoc+1","Headbutt+1"],"picked":"SKIP","floor":46.0},{"not_picked":["Twin Strike","Body Slam","Headbutt"],"picked":"SKIP","floor":48.0},{"not_picked":["Juggernaut","Twin Strike","Power Through+1"],"picked":"SKIP","floor":48.0},{"not_picked":["Flame Barrier+1","Headbutt"],"picked":"Sentinel+1","floor":55.0}],"player_experience":967766,"relics_obtained":[{"floor":6.0,"key":"Smiling Mask"},{"floor":8.0,"key":"Toxic Egg 2"},{"floor":9.0,"key":"Anchor"},{"floor":12.0,"key":"Girya"},{"floor":23.0,"key":"Bag of Marbles"},{"floor":26.0,"key":"Bag of Preparation"},{"floor":27.0,"key":"Oddly Smooth Stone"},{"floor":34.0,"key":"Akabeko"},{"floor":34.0,"key":"Mercury Hourglass"},{"floor":34.0,"key":"Dead Branch"},{"floor":40.0,"key":"CeramicFish"},{"floor":44.0,"key":"Prayer Wheel"},{"floor":55.0,"key":"HornCleat"}],"event_choices":[{"damage_healed":0.0,"max_hp_gain":0.0,"max_hp_loss":0.0,"gold_gain":0.0,"event_name":"Upgrade Shrine","player_choice":"Upgraded","floor":3.0,"gold_loss":0.0,"damage_taken":0.0,"cards_upgraded":["Armaments"]},{"damage_healed":0.0,"max_hp_gain":0.0,"max_hp_loss":0.0,"gold_gain":0.0,"event_name":"FaceTrader","player_choice":"Trade","floor":10.0,"gold_loss":0.0,"damage_taken":0.0,"relics_obtained":["FaceOfCleric"]},{"damage_healed":0.0,"max_hp_gain":0.0,"max_hp_loss":0.0,"gold_gain":275.0,"event_name":"Golden Shrine","player_choice":"Desecrate","floor":13.0,"gold_loss":0.0,"damage_taken":0.0,"cards_obtained":["Regret"]},{"damage_healed":0.0,"max_hp_gain":0.0,"max_hp_loss":0.0,"gold_gain":0.0,"event_name":"Vampires","player_choice":"Ignored","floor":24.0,"gold_loss":0.0,"damage_taken":0.0},{"damage_healed":0.0,"max_hp_gain":0.0,"max_hp_loss":0.0,"gold_gain":0.0,"event_name":"N\u0027loth","player_choice":"Traded Relic","floor":25.0,"relics_lost":["Pandora\u0027s Box"],"gold_loss":0.0,"damage_taken":0.0,"relics_obtained":["Nloth\u0027s Gift"]},{"damage_healed":0.0,"max_hp_gain":0.0,"max_hp_loss":0.0,"gold_gain":0.0,"event_name":"Accursed Blacksmith","player_choice":"Rummage","floor":38.0,"gold_loss":0.0,"damage_taken":0.0,"relics_obtained":["WarpedTongs"],"cards_obtained":["Pain"]},{"damage_healed":0.0,"max_hp_gain":0.0,"max_hp_loss":0.0,"gold_gain":0.0,"event_name":"Tomb of Lord Red Mask","player_choice":"Paid","floor":41.0,"gold_loss":135.0,"damage_taken":0.0,"relics_obtained":["Red Mask"]},{"damage_healed":0.0,"max_hp_gain":0.0,"max_hp_loss":0.0,"gold_gain":0.0,"event_name":"Mysterious Sphere","player_choice":"Fight","floor":44.0,"gold_loss":0.0,"damage_taken":0.0}],"is_beta":false,"boss_relics":[{"not_picked":["Cursed Key","Philosopher\u0027s Stone"],"picked":"Pandora\u0027s Box"},{"not_picked":["Runic Dome","Runic Cube"],"picked":"Calling Bell"}],"items_purged_floors":[5,20,37,54],"is_endless":false,"potions_floor_spawned":[2,7,11,14,19,21,22,28,36,45,48,55],"ascension_level":20}}