{"host":"qxfsqqkvz99y95yf","time":1612402966,"event":{"mods":["BaseMod","Infinite Spire","Minty Spire (QoL Compilation)","Replay The Spire","StSLib"],"gold_per_floor":[111,36,36,36,36,36,105,144,221,260,124,124,175,194,194,318,318,341,66,66,85,108,108,108,146,146,182,182,182,200,223,223,353,353,374,707,724,741,741,741,757,791,803,815,861,883,923,136,136,136,136,136,22,51,51],"floor_reached":56,"language":"ENG","playtime":6961,"items_purged":["Dualcast","Strike_B","Strike_B","Parasite"],"score":1510,"play_id":"325e387b-2c4d-4379-886e-a69a84e419b6","local_time":"20210203204246","is_ascension_mode":true,"campfire_choices":[{"floor":6.0,"key":"REST"},{"floor":12.0,"key":"REST"},{"data":"Defend_B+1","floor":23.0,"key":"SMITH"},{"data":"RitualDagger","floor":29.0,"key":"SMITH"},{"data":"Zap","floor":32.0,"key":"SMITH"},{"floor":40.0,"key":"REST"},{"floor":49,"key":"RECALL"},{"data":"Panache","floor":52,"key":"SMITH"}],"circlet_count":0,"master_deck":["Strike_B+1","Defend_B","Defend_B+1","Defend_B","Zap+1","Leap+1","BootSequence+1","Crystallizer","Echo Form","FIFO Queue","Buffer","Streamline","RitualDagger+1","infinitespire:NeuralNetwork","Storm","Panache+1","Streamline"],"relics":["Cracked Core","Singing Bowl","Simple Rune","Mummified Hand","Onion Ring","Bag of Preparation","Replay:Grab Bag","Busted Crown","ReplayTheSpireMod:Onyx Gauntlets","Runic Pyramid","ReplayFunnel","Bronze Scales","The Courier","Dream Catcher","SacredBark","MawBank","infinitespire:ShieldingShard","Replay:Rubber Ducky","Boot","ReplayTheSpireMod:TigerMarble","Unceasing Top","TheAbacus","Replay:WaspNest"],"acts_visited":["Exordium","TheCity","TheBeyond","TheEnding"],"potions_floor_usage":[50,55],"damage_taken":[{"damage":5.0,"enemies":"Small Slimes","floor":1.0,"turns":2.0},{"damage":9.0,"enemies":"3 Sentries","floor":8.0,"turns":6.0},{"damage":3.0,"enemies":"Lagavulin","floor":10.0,"turns":9.0},{"damage":0.0,"enemies":"2 Louse","floor":14.0,"turns":3.0},{"damage":3.0,"enemies":"Fading Forest","floor":16.0,"turns":11.0},{"damage":0.0,"enemies":"Shell Parasite","floor":18.0,"turns":4.0},{"damage":0.0,"enemies":"3 Byrds","floor":21.0,"turns":4.0},{"damage":1.0,"enemies":"Snake Plant","floor":22.0,"turns":4.0},{"damage":0.0,"enemies":"Book of Stabbing","floor":25.0,"turns":6.0},{"damage":0.0,"enemies":"Gremlin Leader","floor":27.0,"turns":8.0},{"damage":0.0,"enemies":"Shelled Parasite and Fungi","floor":30.0,"turns":5.0},{"damage":0.0,"enemies":"Cultist and Chosen","floor":31.0,"turns":5.0},{"damage":0.0,"enemies":"Pondfish","floor":33.0,"turns":10.0},{"damage":18.0,"enemies":"3 Shapes","floor":35.0,"turns":3.0},{"damage":15.0,"enemies":"3 Darklings","floor":37.0,"turns":7.0},{"damage":12.0,"enemies":"Writhing Mass","floor":38.0,"turns":8.0},{"damage":7.0,"enemies":"Sphere and 2 Shapes","floor":41.0,"turns":6.0},{"damage":40.0,"enemies":"Reptomancer","floor":42.0,"turns":7.0},{"damage":0.0,"enemies":"R_Hoarder","floor":45.0,"turns":12.0},{"damage":0.0,"enemies":"Maw","floor":46.0,"turns":8.0},{"damage":3.0,"enemies":"Nightmare","floor":47.0,"turns":12.0},{"damage":0,"enemies":"Replay:Hell Engine","floor":50,"turns":29},{"damage":17,"enemies":"Shield and Spear","floor":54,"turns":8},{"damage":19,"enemies":"The Heart","floor":55,"turns":7}],"seed_played":"-2295770018124833246","potions_obtained":[{"floor":1.0,"key":"Fire Potion"},{"floor":7.0,"key":"BlessingOfTheForge"},{"floor":10.0,"key":"Reflective Coating"},{"floor":16.0,"key":"SteroidPotion"},{"floor":18.0,"key":"Explosive Potion"},{"floor":22.0,"key":"SkillPotion"},{"floor":27.0,"key":"LifebloodPotion"},{"floor":46.0,"key":"LiquidBronze"},{"floor":47.0,"key":"Languid Potion"}],"is_trial":false,"path_per_floor":["M","$","?","?","?","R","?","E","T","E","$","R","T","M","R","B",null,"M","$","?","M","M","R","?","E","T","E","?","R","M","M","R","B",null,"M","?","M","M","?","R","M","E","T","?","E","M","NM","$","R","B",null,"R","$","E","B",null],"character_chosen":"DEFECT","items_purchased":["FIFO Queue","ReplayFunnel","Storm","Boot","ReplayTheSpireMod:TigerMarble","Unceasing Top","Panache","TheAbacus"],"campfire_rested":3,"item_purchase_floors":[11,19,48,48,48,48,48,53],"current_hp_per_floor":[77,77,57,50,34,58,38,29,29,26,26,50,50,52,77,84,84,84,84,78,80,81,81,81,83,83,85,85,85,87,89,89,91,98,82,82,69,59,59,92,87,49,49,51,53,55,54,54,54,54,115,115,115,98,79],"gold":51,"neow_bonus":"TEN_PERCENT_HP_BONUS","is_daily":false,"chose_seed":false,"campfire_upgraded":4,"win_rate":0.0,"timestamp":1612402966,"path_taken":["M","$","?","?","?","R","?","E","T","E","$","R","?","M","R","BOSS","M","$","?","M","M","R","?","E","T","E","?","R","M","M","R","BOSS","M","?","M","M","?","R","M","E","T","?","E","M","NM","$","R","BOSS","R","$","E","BOSS"],"items_purchased_type":["Card","Relic","Card","Relic","Relic","Relic","Card","Relic"],"build_version":"2020-12-22","purchased_purges":4,"victory":true,"max_hp_per_floor":[82,82,82,82,82,82,82,82,82,82,82,82,82,84,84,84,84,84,84,84,86,88,88,88,90,90,92,92,92,94,96,96,98,98,100,100,102,104,104,106,108,110,110,112,114,116,118,115,115,115,115,115,115,115,115],"card_choices":[{"not_picked":["Tempest","Redo"],"picked":"Leap","floor":1.0},{"not_picked":["Hologram","Stack"],"picked":"BootSequence","floor":7.0},{"not_picked":["Buffer","Turbo"],"picked":"Crystallizer","floor":8.0},{"not_picked":["Barrage","Compile Driver"],"picked":"Echo Form","floor":10.0},{"not_picked":["Consume","Steam","Auto Shields"],"picked":"Singing Bowl","floor":14.0},{"not_picked":["Seek","Multi-Cast"],"picked":"Buffer","floor":16.0},{"not_picked":[],"picked":"Streamline","floor":18.0},{"not_picked":["Beam Cell"],"picked":"Singing Bowl","floor":21.0},{"not_picked":["ReplayTheSpireMod:GoodbyeWorld+1"],"picked":"Singing Bowl","floor":22.0},{"not_picked":["Beam Cell"],"picked":"Singing Bowl","floor":25.0},{"not_picked":["Blizzard"],"picked":"Singing Bowl","floor":27.0},{"not_picked":["Sweeping Beam"],"picked":"Singing Bowl","floor":30.0},{"not_picked":["Rip and Tear"],"picked":"Singing Bowl","floor":31.0},{"not_picked":["Multi-Cast"],"picked":"Singing Bowl","floor":33.0},{"not_picked":["Glacier"],"picked":"Singing Bowl","floor":35.0},{"not_picked":["Turbo"],"picked":"Singing Bowl","floor":37.0},{"not_picked":["Compile Driver"],"picked":"Singing Bowl","floor":38.0},{"not_picked":["Gash"],"picked":"Singing Bowl","floor":40.0},{"not_picked":["Recycle+1"],"picked":"Singing Bowl","floor":41.0},{"not_picked":["Gash"],"picked":"Singing Bowl","floor":42.0},{"not_picked":["Violence"],"picked":"Singing Bowl","floor":44.0},{"not_picked":["ReplayTheSpireMod:Repulse"],"picked":"Singing Bowl","floor":45.0},{"not_picked":["Fusion"],"picked":"Singing Bowl","floor":46.0},{"not_picked":["Replay:Fractal Strike","ReplayTheSpireMod:Echoes of Time"],"picked":"infinitespire:NeuralNetwork","floor":47.0},{"not_picked":["Beam Cell+1"],"picked":"Singing Bowl","floor":47.0},{"not_picked":[],"picked":"Streamline","floor":54}],"player_experience":219250,"relics_obtained":[{"floor":7.0,"key":"Singing Bowl"},{"floor":8.0,"key":"Simple Rune"},{"floor":9.0,"key":"Mummified Hand"},{"floor":10.0,"key":"Onion Ring"},{"floor":13.0,"key":"Bag of Preparation"},{"floor":25.0,"key":"Bronze Scales"},{"floor":26.0,"key":"The Courier"},{"floor":27.0,"key":"Dream Catcher"},{"floor":42.0,"key":"MawBank"},{"floor":45.0,"key":"infinitespire:ShieldingShard"},{"floor":47.0,"key":"Replay:Rubber Ducky"},{"floor":54,"key":"Replay:WaspNest"}],"event_choices":[{"damage_healed":0.0,"max_hp_gain":0.0,"max_hp_loss":0.0,"gold_gain":0.0,"event_name":"Golden Idol","player_choice":"Take Damage","floor":3.0,"gold_loss":0.0,"damage_taken":20.0,"relics_obtained":["Golden Idol"]},{"cards_removed":["Strike_B"],"damage_healed":0.0,"max_hp_gain":0.0,"max_hp_loss":0.0,"gold_gain":0.0,"event_name":"Golden Wing","player_choice":"Card Removal","floor":4.0,"gold_loss":0.0,"damage_taken":7.0},{"damage_healed":0.0,"max_hp_gain":0.0,"max_hp_loss":0.0,"gold_gain":0.0,"event_name":"Shining Light","player_choice":"Entered Light","floor":5.0,"gold_loss":0.0,"damage_taken":16.0,"cards_upgraded":["Leap","Strike_B"]},{"damage_healed":0.0,"max_hp_gain":0.0,"max_hp_loss":0.0,"gold_gain":0.0,"event_name":"Nest","player_choice":"Joined the Cult","floor":20.0,"gold_loss":0.0,"damage_taken":6.0,"cards_obtained":["RitualDagger"]},{"damage_healed":0.0,"max_hp_gain":0.0,"max_hp_loss":0.0,"gold_gain":0.0,"event_name":"Ghosts","player_choice":"Ignored","floor":24.0,"gold_loss":0.0,"damage_taken":0.0},{"damage_healed":0.0,"max_hp_gain":0.0,"max_hp_loss":0.0,"gold_gain":333.0,"event_name":"The Moai Head","player_choice":"Gave Idol","floor":36.0,"relics_lost":["Golden Idol"],"gold_loss":0.0,"damage_taken":0.0},{"cards_removed":["Defend_B"],"damage_healed":0.0,"max_hp_gain":0.0,"max_hp_loss":0.0,"gold_gain":0.0,"event_name":"Falling","player_choice":"Removed Skill","floor":39.0,"gold_loss":0.0,"damage_taken":0.0},{"damage_healed":0.0,"max_hp_gain":0.0,"max_hp_loss":0.0,"gold_gain":0.0,"event_name":"SensoryStone","player_choice":"Memory 1","floor":44.0,"gold_loss":0.0,"damage_taken":0.0}],"is_beta":false,"boss_relics":[{"not_picked":["Inserter","Replay:Bronze Core"],"picked":"Replay:Grab Bag"},{"not_picked":["Cursed Key","Ectoplasm"],"picked":"Busted Crown"},{"not_picked":["Fusion Hammer","Runic Dome"],"picked":"ReplayTheSpireMod:Onyx Gauntlets"},{"not_picked":["Kintsugi","Snecko Eye"],"picked":"Runic Pyramid"},{"not_picked":["ReplayTheSpireMod:DimensionalGlitch","Painkiller Herb"],"picked":"SacredBark"}],"items_purged_floors":[2,11,19,48],"is_endless":false,"potions_floor_spawned":[1,10,16,18,22,27,37,38,46,47],"ascension_level":1}}