{"host":"yuhy0i501zzmn1iz","time":1612471561,"event":{"mods":["AchievementEnabler","AlwaysNeverKeys","BaseMod","Bestiary","Better Match","Better Third Choice","Curses Come First","Downfall","Minty Spire (QoL Compilation)","Reliquary","StSLib","The Blue Laboratory","slay the spire mod where everything is the same but ironclad has a cowboy hat"],"gold_per_floor":[117,117,132,149,165,199,199,229,253,253,271,446,446,446,446,543,593,603,603,702,722,264,264,298,318,394,411,411,411,426,440,440,440,440],"floor_reached":33,"language":"ENG","playtime":1358,"items_purged":["Doubt"],"score":360,"play_id":"3307a682-2134-424f-b526-1682acbc8ad1","local_time":"20210204154601","is_ascension_mode":true,"campfire_choices":[{"floor":7.0,"key":"DIG"},{"floor":10.0,"key":"REST"},{"floor":13.0,"key":"DIG"},{"floor":15.0,"key":"DIG"},{"floor":23.0,"key":"DIG"},{"floor":32,"key":"REST"}],"circlet_count":0,"master_deck":["Strike_R","Strike_R","Strike_R","Defend_R","Defend_R","Defend_R","Defend_R","Bash","Hemokinesis+1","Whirlwind+1","Wild Strike","Cleave","Battle Trance","Demon Form","Burn","Demon Form","Heavy Blade","Metallicize","Pummel","Shrug It Off","Violence","Shrug It Off","Shrug It Off+1","Intimidate+1","Decay","Sword Boomerang+1","Seeing Red","True Grit"],"relics":["Burning Blood","Shovel","Oddly Smooth Stone","Juzu Bracelet","Bag of Marbles","Happy Flower","Orichalcum","Centennial Puzzle","Tiny House","reliquary:Buckler","reliquary:WeakTea","Molten Egg 2","HornCleat"],"acts_visited":["Exordium","TheCity"],"potions_floor_usage":[24,27,30,30],"damage_taken":[{"damage":0.0,"enemies":"2 Louse","floor":1.0,"turns":3.0},{"damage":8.0,"enemies":"Cultist","floor":3.0,"turns":3.0},{"damage":2.0,"enemies":"Small Slimes","floor":4.0,"turns":2.0},{"damage":15.0,"enemies":"Blue Slaver","floor":5.0,"turns":2.0},{"damage":36.0,"enemies":"Gremlin Nob","floor":6.0,"turns":4.0},{"damage":30.0,"enemies":"3 Sentries","floor":8.0,"turns":6.0},{"damage":0.0,"enemies":"3 Louse","floor":11.0,"turns":1.0},{"damage":40.0,"enemies":"Hexaghost","floor":16.0,"turns":9.0},{"damage":11.0,"enemies":"3 Byrds","floor":18.0,"turns":4.0},{"damage":24.0,"enemies":"Shell Parasite","floor":21.0,"turns":4.0},{"damage":20,"enemies":"Slavers","floor":24,"turns":4},{"damage":5,"enemies":"3 Cultists","floor":25,"turns":3},{"damage":19,"enemies":"Snecko","floor":27,"turns":5},{"damage":0,"enemies":"Shelled Parasite and Fungi","floor":30,"turns":5},{"damage":12,"enemies":"Centurion and Healer","floor":31,"turns":4},{"damage":41,"enemies":"Champ","floor":33,"turns":8}],"seed_played":"-8124770306072106866","potions_obtained":[{"floor":1.0,"key":"blueLaboratory:LouseDecoction"},{"floor":3.0,"key":"BloodPotion"},{"floor":6.0,"key":"SkillPotion"},{"floor":11.0,"key":"LiquidBronze"},{"floor":16.0,"key":"ColorlessPotion"},{"floor":24,"key":"blueLaboratory:BottleOfVodka"},{"floor":25,"key":"blueLaboratory:HorrorPotion"},{"floor":27,"key":"blueLaboratory:FrostheartPotion"}],"is_trial":false,"path_per_floor":["M","?","M","M","M","E","R","E","T","R","M","?","R","?","R","B",null,"M","?","?","M","$","R","E","M","T","M","?","?","M","M","R","B"],"character_chosen":"IRONCLAD","items_purchased":["reliquary:Buckler","Shrug It Off","Violence"],"campfire_rested":2,"item_purchase_floors":[22,22,22],"current_hp_per_floor":[72,72,70,72,63,33,33,23,23,44,50,50,50,50,50,16,63,58,58,58,40,40,40,26,27,27,14,14,14,20,14,37,0,0],"gold":440,"neow_bonus":"ONE_RARE_RELIC","is_daily":false,"chose_seed":false,"campfire_upgraded":0,"win_rate":0.0,"timestamp":1612471561,"path_taken":["M","?","M","M","M","E","R","E","T","R","M","?","R","?","R","BOSS","M","?","?","M","?","R","E","M","T","M","?","?","M","M","R","BOSS"],"items_purchased_type":["Relic","Card","Card"],"build_version":"2020-12-22","purchased_purges":1,"victory":false,"max_hp_per_floor":[72,72,72,72,72,72,72,72,72,72,72,72,72,72,72,72,77,77,77,77,77,77,77,77,77,77,77,77,77,77,77,77,77,77],"card_choices":[{"not_picked":["Sever Soul","Thunderclap"],"picked":"Hemokinesis","floor":1.0},{"not_picked":["Seeing Red","Clash"],"picked":"Whirlwind","floor":3.0},{"not_picked":["Armaments","Intimidate"],"picked":"Wild Strike","floor":4.0},{"not_picked":["Flex","Spot Weakness"],"picked":"Cleave","floor":5.0},{"not_picked":["Twin Strike","Reckless Charge"],"picked":"Battle Trance","floor":6.0},{"not_picked":["Rage","Perfected Strike"],"picked":"Demon Form","floor":8.0},{"not_picked":["Spot Weakness","Iron Wave","Sword Boomerang"],"picked":"SKIP","floor":11.0},{"not_picked":["Bludgeon","Juggernaut"],"picked":"Demon Form","floor":16.0},{"not_picked":["Twin Strike","Sword Boomerang"],"picked":"Heavy Blade","floor":17.0},{"not_picked":["Flex+1","Anger"],"picked":"Metallicize","floor":18.0},{"not_picked":["Sword Boomerang","Searing Blow"],"picked":"Pummel","floor":21.0},{"not_picked":["Feel No Pain","Barricade"],"picked":"Shrug It Off","floor":24},{"not_picked":["Clash+1","Pommel Strike+1"],"picked":"Shrug It Off+1","floor":25},{"not_picked":["Twin Strike+1","Sword Boomerang+1"],"picked":"Intimidate+1","floor":27},{"not_picked":["Sword Boomerang+1","Hemokinesis+1"],"picked":"True Grit","floor":30},{"not_picked":["Shrug It Off+1","Armaments","Pommel Strike+1"],"picked":"SKIP","floor":31}],"player_experience":344977,"relics_obtained":[{"floor":6.0,"key":"Oddly Smooth Stone"},{"floor":7.0,"key":"Juzu Bracelet"},{"floor":8.0,"key":"Bag of Marbles"},{"floor":9.0,"key":"Happy Flower"},{"floor":13.0,"key":"Orichalcum"},{"floor":15.0,"key":"Centennial Puzzle"},{"floor":23.0,"key":"reliquary:WeakTea"},{"floor":24,"key":"Molten Egg 2"},{"floor":26,"key":"HornCleat"}],"event_choices":[{"damage_healed":0.0,"max_hp_gain":0.0,"max_hp_loss":0.0,"gold_gain":0.0,"event_name":"Wheel of Change","player_choice":"Cursed","floor":2.0,"gold_loss":0.0,"damage_taken":0.0,"cards_obtained":["Decay"]},{"damage_healed":0.0,"max_hp_gain":0.0,"max_hp_loss":0.0,"gold_gain":175.0,"event_name":"betterThird:BetterSerpent","player_choice":"AGREE","floor":12.0,"gold_loss":0.0,"damage_taken":271.0},{"damage_healed":50.0,"max_hp_gain":0.0,"max_hp_loss":72.0,"gold_gain":0.0,"event_name":"betterThird:BetterShining","player_choice":"Embrace Burn","floor":14.0,"gold_loss":0.0,"damage_taken":0.0},{"cards_removed":["Decay"],"damage_healed":0.0,"max_hp_gain":0.0,"max_hp_loss":0.0,"gold_gain":0.0,"event_name":"betterThird:BetterWriting","player_choice":"Elegance","floor":19.0,"gold_loss":0.0,"damage_taken":0.0},{"damage_healed":0.0,"max_hp_gain":0.0,"max_hp_loss":0.0,"gold_gain":99.0,"event_name":"betterThird:BetterNest","player_choice":"Steal","floor":20.0,"gold_loss":0.0,"damage_taken":0.0},{"damage_healed":0,"gold_gain":0,"player_choice":"Smashed Altar","damage_taken":0,"max_hp_gain":0,"max_hp_loss":0,"event_name":"Forgotten Altar","floor":28,"gold_loss":0,"cards_obtained":["Decay"]},{"damage_healed":0,"gold_gain":0,"cards_transformed":["Strike_R","Strike_R"],"player_choice":"Became Test Subject","damage_taken":0,"max_hp_gain":0,"max_hp_loss":0,"event_name":"Drug Dealer","floor":29,"gold_loss":0,"cards_obtained":["Sword Boomerang","Seeing Red"]}],"is_beta":false,"boss_relics":[{"not_picked":["SacredBark","reliquary:Ember"],"picked":"Tiny House"}],"items_purged_floors":[22],"is_endless":false,"potions_floor_spawned":[1,3,6,11,16,24,25,27],"killed_by":"Champ","ascension_level":6}}