{"host":"x000krxjblg8jdg4","time":1612470006,"event":{"mods":["BaseMod","Downfall","Hermit","Minty Spire (QoL Compilation)","StSLib","The Runesmith","The Servant 0.9.4"],"gold_per_floor":[113,128,128,128,128,169,202,45,45,45,70,93,93,93],"floor_reached":13,"language":"ENG","playtime":498,"items_purged":[],"score":124,"play_id":"48bb2251-ed85-40f9-8b63-fc2407979c11","local_time":"20210204182006","is_ascension_mode":true,"campfire_choices":[{"floor":10,"key":"REST"}],"circlet_count":0,"master_deck":["Strike_G","Strike_G","Strike_G","Strike_G","Strike_G","Defend_G","Defend_G","Defend_G","Defend_G","Defend_G","Survivor","Neutralize","Underhanded Strike","Cloak And Dagger","Infinite Blades","A Thousand Cuts","Deflect","Underhanded Strike","Choke"],"relics":["Ring of the Snake","NeowsBlessing","WingedGreaves","Golden Idol","Bag of Preparation","Oddly Smooth Stone","Dream Catcher","Pocketwatch"],"acts_visited":["Exordium"],"potions_floor_usage":[12,13,13],"damage_taken":[{"damage":0,"enemies":"2 Louse","floor":1,"turns":1},{"damage":0,"enemies":"Jaw Worm","floor":2,"turns":1},{"damage":0,"enemies":"Gremlin Nob","floor":6,"turns":1},{"damage":29,"enemies":"3 Sentries","floor":7,"turns":10},{"damage":0,"enemies":"Cultist","floor":11,"turns":3},{"damage":9,"enemies":"3 Louse","floor":12,"turns":2},{"damage":40,"enemies":"Gremlin Nob","floor":13,"turns":4}],"seed_played":"1890018249957201718","potions_obtained":[{"floor":2,"key":"Explosive Potion"},{"floor":11,"key":"SpeedPotion"},{"floor":12,"key":"PowerPotion"}],"is_trial":false,"path_per_floor":["M","M","?","?","$","E","E","$","T","R","M","M","E"],"character_chosen":"THE_SILENT","items_purchased":["Dream Catcher"],"campfire_rested":1,"item_purchase_floors":[8],"current_hp_per_floor":[70,70,67,50,50,50,21,21,21,42,42,33,0,0],"gold":93,"neow_bonus":"THREE_ENEMY_KILL","is_daily":false,"chose_seed":false,"campfire_upgraded":0,"win_rate":0.0,"timestamp":1612470006,"path_taken":["M","M","?","?","?","E","E","$","T","R","M","?","E"],"items_purchased_type":["Relic"],"build_version":"2020-12-22","purchased_purges":0,"victory":false,"max_hp_per_floor":[70,70,70,70,70,70,70,70,70,70,70,70,70,70],"card_choices":[{"not_picked":["Outmaneuver","Backflip"],"picked":"Underhanded Strike","floor":1},{"not_picked":["Outmaneuver","Deadly Poison"],"picked":"Cloak And Dagger","floor":2},{"not_picked":["Eviscerate","Quick Slash"],"picked":"Infinite Blades","floor":6},{"not_picked":["Glass Knife","Backflip"],"picked":"A Thousand Cuts","floor":7},{"not_picked":["Acrobatics","Expertise"],"picked":"Deflect","floor":10},{"not_picked":["Deflect","Poisoned Stab"],"picked":"Underhanded Strike","floor":11},{"not_picked":["Eviscerate","Leg Sweep"],"picked":"Choke","floor":12}],"player_experience":35157,"relics_obtained":[{"floor":6,"key":"Bag of Preparation"},{"floor":7,"key":"Oddly Smooth Stone"},{"floor":9,"key":"Pocketwatch"}],"event_choices":[{"damage_healed":0,"gold_gain":0,"player_choice":"Success","damage_taken":3,"relics_obtained":["WingedGreaves"],"max_hp_gain":0,"max_hp_loss":0,"event_name":"Scrap Ooze","floor":3,"gold_loss":0},{"damage_healed":0,"gold_gain":0,"player_choice":"Take Damage","damage_taken":17,"relics_obtained":["Golden Idol"],"max_hp_gain":0,"max_hp_loss":0,"event_name":"Golden Idol","floor":4,"gold_loss":0}],"is_beta":false,"boss_relics":[],"items_purged_floors":[],"is_endless":false,"potions_floor_spawned":[2,11,12],"killed_by":"Gremlin Nob","ascension_level":1}}