{"host":"126yiuos2nq86se7","time":1612404048,"event":{"mods":["AchievementEnabler","Act Like it!","BaseMod","Colored Map","Colored Powertips","Friendly Minions","Highlight Path","Hubris","Minty Spire (QoL Compilation)","Reimu??????","StSLib","SuperFastMode"],"gold_per_floor":[15,15,29,42,42,42,75,75,75,87,87,103,103,118,118,118,118],"floor_reached":16,"language":"ENG","playtime":2776,"items_purged":[],"score":102,"play_id":"9bace992-6d9e-4c32-8444-7c2b3969894b","local_time":"20210204130048","is_ascension_mode":false,"campfire_choices":[{"floor":6.0,"key":"REST"},{"floor":8.0,"key":"DIG"},{"floor":11.0,"key":"REST"},{"floor":15.0,"key":"DIG"}],"circlet_count":0,"master_deck":["Strike_Lin:ReiMu","Strike_Lin:ReiMu","Defend_Lin:ReiMu","Defend_Lin:ReiMu","Defend_Lin:ReiMu","Defend_Lin:ReiMu","NB:ReiMu","Stagnation:ReiMu","Revelation:ReiMu","FineLineFantasy:ReiMu","AlertArray:ReiMu","SpreadBorder2:ReiMu","AlertArray:ReiMu","Parasite"],"relics":["FlyPower:ReiMu","Shovel","Boot","KaguraBell:ReiMu","hubris:TinFlute","Tiny Chest"],"acts_visited":["Exordium"],"potions_floor_usage":[16,16],"damage_taken":[{"damage":0.0,"enemies":"Small Slimes","floor":1.0,"turns":6.0},{"damage":19.0,"enemies":"Cultist","floor":3.0,"turns":7.0},{"damage":0.0,"enemies":"2 Louse","floor":4.0,"turns":8.0},{"damage":20.0,"enemies":"3 Sentries","floor":7.0,"turns":10.0},{"damage":16.0,"enemies":"Exordium Wildlife","floor":10.0,"turns":11.0},{"damage":8.0,"enemies":"2 Fungi Beasts","floor":12.0,"turns":9.0},{"damage":0.0,"enemies":"Blue Slaver","floor":14.0,"turns":8.0},{"damage":57,"enemies":"Hexaghost","floor":16,"turns":18}],"seed_played":"-3065025157468414475","potions_obtained":[{"floor":7.0,"key":"GamblersBrew"},{"floor":14.0,"key":"Block Potion"}],"is_trial":false,"path_per_floor":["M","?","M","M","$","R","E","R","T","M","R","M","?","M","R","B"],"character_chosen":"REIMU","items_purchased":[],"campfire_rested":2,"item_purchase_floors":[],"current_hp_per_floor":[65,65,46,46,46,65,45,45,45,29,48,40,56,56,56,0,0],"gold":118,"neow_bonus":"REMOVE_TWO","is_daily":false,"chose_seed":false,"campfire_upgraded":0,"win_rate":0.0,"timestamp":1612404048,"path_taken":["M","?","M","?","$","R","E","R","T","M","R","M","?","M","R","BOSS"],"items_purchased_type":[],"build_version":"2020-12-22","purchased_purges":0,"victory":false,"max_hp_per_floor":[65,65,65,65,65,65,65,65,65,65,65,65,65,65,65,65,65],"card_choices":[{"not_picked":["Meditation:ReiMu","Amulet:ReiMu"],"picked":"Revelation:ReiMu","floor":1.0},{"not_picked":["Crusade:ReiMu","TightArray:ReiMu"],"picked":"FineLineFantasy:ReiMu","floor":3.0},{"not_picked":["SpiritualOutbreak2:ReiMu","Conquer:ReiMu"],"picked":"AlertArray:ReiMu","floor":4.0},{"not_picked":["CardOfSanctity:ReiMu","SubcavityInstant:ReiMu"],"picked":"SpreadBorder2:ReiMu","floor":7.0},{"not_picked":["CareerPray:ReiMu","Crusade:ReiMu"],"picked":"AlertArray:ReiMu","floor":10.0},{"not_picked":["AirStrike:ReiMu","Amulet:ReiMu","SpreadBorder2:ReiMu"],"picked":"SKIP","floor":12.0},{"not_picked":["Intuition:ReiMu","Enchanting:ReiMu","OrbThrow:ReiMu"],"picked":"SKIP","floor":14.0}],"player_experience":1485008,"relics_obtained":[{"floor":2.0,"key":"Shovel"},{"floor":7.0,"key":"Boot"},{"floor":8.0,"key":"KaguraBell:ReiMu"},{"floor":9.0,"key":"hubris:TinFlute"},{"floor":15.0,"key":"Tiny Chest"}],"event_choices":[{"damage_healed":0.0,"max_hp_gain":0.0,"max_hp_loss":0.0,"gold_gain":0.0,"event_name":"Wheel of Change","player_choice":"Relic","floor":2.0,"gold_loss":0.0,"damage_taken":0.0},{"damage_healed":16.0,"max_hp_gain":0.0,"max_hp_loss":0.0,"gold_gain":0.0,"event_name":"Mushrooms","player_choice":"Healed and dodged fight","floor":13.0,"gold_loss":0.0,"damage_taken":0.0,"cards_obtained":["Parasite"]}],"is_beta":false,"boss_relics":[],"items_purged_floors":[],"is_endless":false,"potions_floor_spawned":[7,14],"killed_by":"Hexaghost","ascension_level":0}}