{"host":"sian7qp8a9pc9xwd","time":1612403093,"event":{"mods":["BaseMod","Minty Spire (QoL Compilation)","StSLib","SuperFastMode"],"gold_per_floor":[111,111,130,150,100,100,116,128,175,450,479,491,502,519,519,616,616,629,629,629],"floor_reached":19,"language":"ENG","playtime":1733,"items_purged":[],"score":173,"play_id":"60658315-3e1c-4ddd-b776-28836a008b05","local_time":"20210203204453","is_ascension_mode":false,"campfire_choices":[{"data":"Conclude","floor":6.0,"key":"SMITH"},{"floor":15.0,"key":"REST"}],"circlet_count":0,"master_deck":["Strike_P","Strike_P","Strike_P","Defend_P+1","Defend_P","Defend_P","Defend_P","Eruption+1","Vigilance+1","Conclude+1","Perseverance","FollowUp","Regret","Sanctity","Vault","Perseverance+1"],"relics":["PureWater","Tiny Chest","Pantograph","Black Star"],"acts_visited":["TheCity"],"potions_floor_usage":[],"damage_taken":[{"damage":0.0,"enemies":"Cultist","floor":1.0,"turns":2.0},{"damage":0.0,"enemies":"Small Slimes","floor":3.0,"turns":1.0},{"damage":0.0,"enemies":"Jaw Worm","floor":4.0,"turns":3.0},{"damage":1.0,"enemies":"Exordium Wildlife","floor":7.0,"turns":3.0},{"damage":0.0,"enemies":"Exordium Thugs","floor":8.0,"turns":3.0},{"damage":9.0,"enemies":"Lagavulin","floor":11.0,"turns":6.0},{"damage":11.0,"enemies":"Red Slaver","floor":12.0,"turns":2.0},{"damage":15.0,"enemies":"Large Slime","floor":13.0,"turns":4.0},{"damage":15.0,"enemies":"Exordium Thugs","floor":14.0,"turns":3.0},{"damage":45.0,"enemies":"Slime Boss","floor":16.0,"turns":8.0},{"damage":17,"enemies":"3 Byrds","floor":18,"turns":5},{"damage":1,"enemies":"Chosen","floor":19,"turns":4}],"seed_played":"1066738603547894343","potions_obtained":[{"floor":1.0,"key":"SpeedPotion"},{"floor":3.0,"key":"ColorlessPotion"},{"floor":12.0,"key":"SkillPotion"}],"is_trial":false,"path_per_floor":["M","?","M","M","?","R","M","M","T","?","E","M","M","M","R","B",null,"M","M"],"character_chosen":"WATCHER","items_purchased":[],"campfire_rested":1,"item_purchase_floors":[],"current_hp_per_floor":[72,58,58,58,58,58,57,57,57,57,48,37,22,7,28,8,72,55,54,54],"gold":629,"neow_bonus":"UPGRADE_CARD","is_daily":false,"chose_seed":false,"campfire_upgraded":1,"win_rate":0.0,"timestamp":1612403093,"path_taken":["M","?","M","M","?","R","M","M","T","?","E","M","M","?","R","BOSS","M","M"],"items_purchased_type":[],"build_version":"2020-12-22","purchased_purges":0,"victory":false,"max_hp_per_floor":[72,72,72,72,72,72,72,72,72,72,72,72,72,72,72,72,72,72,72,72],"card_choices":[{"not_picked":["Vengeance","ReachHeaven"],"picked":"Conclude","floor":1.0},{"not_picked":["CrushJoints","Prostrate"],"picked":"Perseverance","floor":3.0},{"not_picked":["ClearTheMind","SignatureMove","Swivel"],"picked":"SKIP","floor":4.0},{"not_picked":["CarveReality","Collect"],"picked":"FollowUp","floor":7.0},{"not_picked":["Prostrate","Fasting2","FearNoEvil"],"picked":"SKIP","floor":8.0},{"not_picked":["WreathOfFlame","FearNoEvil","Prostrate"],"picked":"SKIP","floor":11.0},{"not_picked":["Judgement","FlyingSleeves","SashWhip"],"picked":"SKIP","floor":12.0},{"not_picked":["ThirdEye","Swivel"],"picked":"Sanctity","floor":13.0},{"not_picked":["Wallop","WreathOfFlame","Vengeance"],"picked":"SKIP","floor":14.0},{"not_picked":["DevaForm","Omniscience"],"picked":"Vault","floor":16.0},{"not_picked":["Prostrate","EmptyFist"],"picked":"Perseverance+1","floor":18}],"player_experience":874694,"relics_obtained":[{"floor":9.0,"key":"Tiny Chest"},{"floor":11.0,"key":"Pantograph"}],"event_choices":[{"damage_healed":0.0,"max_hp_gain":0.0,"max_hp_loss":0.0,"gold_gain":0.0,"event_name":"Shining Light","player_choice":"Entered Light","floor":2.0,"gold_loss":0.0,"damage_taken":14.0,"cards_upgraded":["Vigilance","Defend_P"]},{"cards_removed":["Strike_P"],"damage_healed":0.0,"max_hp_gain":0.0,"max_hp_loss":0.0,"gold_gain":0.0,"event_name":"The Cleric","player_choice":"Card Removal","floor":5.0,"gold_loss":50.0,"damage_taken":0.0},{"damage_healed":0.0,"max_hp_gain":0.0,"max_hp_loss":0.0,"gold_gain":275.0,"event_name":"Golden Shrine","player_choice":"Desecrate","floor":10.0,"gold_loss":0.0,"damage_taken":0.0,"cards_obtained":["Regret"]}],"is_beta":false,"boss_relics":[{"not_picked":["Calling Bell","Philosopher\u0027s Stone"],"picked":"Black Star"}],"items_purged_floors":[],"is_endless":false,"potions_floor_spawned":[1,3,12],"killed_by":"Chosen","ascension_level":0}}