{"host":"j4g6ia6asvpyu2b0","time":1612400388,"event":{"mods":["BaseMod","Colored Map","Minty Spire (QoL Compilation)","Permanent Neow","Quick Restart","Relic Stats","StSLib","Unceasing Turn Reminder"],"gold_per_floor":[20,35,47,122,122,122,151,163,175,213,245,284,310,333,345,357,357],"floor_reached":16,"language":"ENG","playtime":471,"items_purged":[],"score":140,"play_id":"dd3ea9ac-6353-4981-84eb-cd01709b7cd2","local_time":"20210203175948","is_ascension_mode":true,"campfire_choices":[{"data":"Neutralize","floor":6.0,"key":"SMITH"},{"data":"Sucker Punch","floor":8.0,"key":"SMITH"},{"floor":15,"key":"REST"}],"circlet_count":0,"master_deck":["Strike_G","Strike_G","Strike_G","Strike_G","Strike_G","Defend_G","Defend_G","Defend_G","Defend_G","Defend_G","Survivor","Neutralize+1","Flying Knee","Backstab","Flying Knee","Sucker Punch+1","Deflect","Blade Dance","Accuracy","Deadly Poison","Flying Knee"],"relics":["Ring of the Snake","Du-Vu Doll","MawBank","Mummified Hand","Smiling Mask","Bottled Lightning"],"acts_visited":["Exordium"],"potions_floor_usage":[12,12,14],"damage_taken":[{"damage":0.0,"enemies":"Small Slimes","floor":1.0,"turns":5.0},{"damage":8.0,"enemies":"Jaw Worm","floor":2.0,"turns":6.0},{"damage":0.0,"enemies":"2 Louse","floor":3.0,"turns":2.0},{"damage":18.0,"enemies":"Lagavulin","floor":7.0,"turns":6.0},{"damage":24.0,"enemies":"Gremlin Nob","floor":10.0,"turns":4.0},{"damage":4.0,"enemies":"Exordium Thugs","floor":11.0,"turns":4.0},{"damage":2,"enemies":"Lagavulin","floor":12,"turns":5},{"damage":1,"enemies":"Blue Slaver","floor":13,"turns":3},{"damage":5,"enemies":"Gremlin Gang","floor":14,"turns":4},{"damage":25,"enemies":"Hexaghost","floor":16,"turns":9}],"seed_played":"4798876329299946525","potions_obtained":[{"floor":3.0,"key":"DistilledChaos"},{"floor":7.0,"key":"Dexterity Potion"},{"floor":11.0,"key":"ColorlessPotion"},{"floor":12,"key":"Ancient Potion"},{"floor":13,"key":"GamblersBrew"}],"is_trial":false,"path_per_floor":["M","M","M","?","?","R","E","R","T","E","M","E","M","M","R","B"],"character_chosen":"THE_SILENT","items_purchased":[],"campfire_rested":1,"item_purchase_floors":[],"current_hp_per_floor":[70,62,62,51,56,56,38,38,38,14,10,8,7,2,24,0,0],"gold":357,"neow_bonus":"ONE_RARE_RELIC","is_daily":false,"chose_seed":false,"campfire_upgraded":2,"win_rate":0.0,"timestamp":1612400388,"path_taken":["M","M","M","?","?","R","E","R","T","E","?","E","M","M","R","BOSS"],"items_purchased_type":[],"build_version":"2020-12-22","purchased_purges":0,"victory":false,"max_hp_per_floor":[70,70,70,70,75,75,75,75,75,75,75,75,75,75,75,75,75],"relic_stats":{"counters":[10,48],"Mummified Hand":[2],"MawBank":108,"Smiling Mask":0,"obtain_stats":[{"Du-Vu Doll":0,"Mummified Hand":9,"Bottled Lightning":12,"MawBank":7,"Smiling Mask":10,"Ring of the Snake":0},{"Du-Vu Doll":0,"Mummified Hand":4,"Bottled Lightning":7,"MawBank":4,"Smiling Mask":5,"Ring of the Snake":0},{"Du-Vu Doll":0,"Mummified Hand":19,"Bottled Lightning":32,"MawBank":19,"Smiling Mask":23,"Ring of the Snake":0}],"Ring of the Snake":[20]},"card_choices":[{"not_picked":["Outmaneuver","Flechettes"],"picked":"Flying Knee","floor":1.0},{"not_picked":["Skewer","Quick Slash"],"picked":"Backstab","floor":2.0},{"not_picked":["Choke","All Out Attack"],"picked":"Flying Knee","floor":3.0},{"not_picked":["Bane","Choke"],"picked":"Sucker Punch","floor":7.0},{"not_picked":["Acrobatics","Bane"],"picked":"Deflect","floor":10.0},{"not_picked":["Concentrate","Acrobatics"],"picked":"Blade Dance","floor":11.0},{"not_picked":["Escape Plan","Deadly Poison"],"picked":"Accuracy","floor":12},{"not_picked":["Outmaneuver","Flying Knee"],"picked":"Deadly Poison","floor":13},{"not_picked":["Choke","Deflect"],"picked":"Flying Knee","floor":14}],"player_experience":1132486,"relics_obtained":[{"floor":7.0,"key":"MawBank"},{"floor":9.0,"key":"Mummified Hand"},{"floor":10.0,"key":"Smiling Mask"},{"floor":12,"key":"Bottled Lightning"}],"event_choices":[{"damage_healed":0.0,"max_hp_gain":0.0,"max_hp_loss":0.0,"gold_gain":75.0,"event_name":"World of Goop","player_choice":"Gather Gold","floor":4.0,"gold_loss":0.0,"damage_taken":11.0},{"damage_healed":0.0,"max_hp_gain":5.0,"max_hp_loss":0.0,"gold_gain":0.0,"event_name":"Big Fish","player_choice":"Donut","floor":5.0,"gold_loss":0.0,"damage_taken":0.0}],"is_beta":false,"boss_relics":[],"items_purged_floors":[],"is_endless":false,"potions_floor_spawned":[3,7,11,12,13],"killed_by":"Hexaghost","ascension_level":3}}