{"host":"7iv10lxbxedtd0qh","time":1612464780,"event":{"mods":["BaseMod","Colored Map","Colored Powertips","Downfall","Minty Spire (QoL Compilation)","StSLib"],"gold_per_floor":[99,110,110,110,122,135,135,148,148,148,168,168,183,183,196,196,196,196],"floor_reached":16,"language":"ENG","playtime":712,"items_purged":[],"score":132,"play_id":"620bb780-0b64-48b3-8858-34c3d777ab55","local_time":"20210204195300","is_ascension_mode":true,"campfire_choices":[{"data":"Guardian:TwinSlam","floor":1,"key":"SMITH"},{"data":"Guardian:CurlUp","floor":10,"key":"SMITH"},{"data":"Guardian:BronzeArmor","floor":12,"key":"SMITH"}],"circlet_count":0,"master_deck":["Guardian:Strike_Guardian","Guardian:Strike_Guardian","Guardian:Defend_Guardian","Guardian:Defend_Guardian","Guardian:Defend_Guardian","Guardian:Defend_Guardian","Guardian:CurlUp+1","Guardian:TwinSlam+1","Guardian:ShieldCharger","Guardian:TwinSlam+1","Guardian:ShieldCharger","downfall:Aged","Guardian:ChargeCore","Guardian:ShieldCharger","Guardian:Gem_Blue","Guardian:BronzeArmor+1","Guardian:TemporalShield","Guardian:Gem_Purple","Guardian:Gem_Purple","Guardian:Gem_Red","Guardian:Suspension"],"relics":["Guardian:ModeShifter","Du-Vu Doll","Darkstone Periapt","Guardian:PickAxe"],"acts_visited":["Exordium"],"potions_floor_usage":[14,15],"damage_taken":[{"damage":1,"enemies":"2 Louse","floor":2,"turns":3},{"damage":1,"enemies":"Cultist","floor":5,"turns":4},{"damage":5,"enemies":"Small Slimes","floor":6,"turns":3},{"damage":11,"enemies":"3 Louse","floor":8,"turns":3},{"damage":4,"enemies":"Exordium Wildlife","floor":11,"turns":5},{"damage":4,"enemies":"Red Slaver","floor":13,"turns":4},{"damage":15,"enemies":"Red Slaver","floor":14,"turns":5},{"damage":7,"enemies":"Gremlin Gang","floor":15,"turns":7},{"damage":10,"enemies":"DF_ARCHETYPE_STREAMLINE","floor":16,"turns":9}],"seed_played":"-4159512595466031517","potions_obtained":[{"floor":5,"key":"Energy Potion"},{"floor":8,"key":"champ:CounterPotion"}],"is_trial":false,"path_per_floor":["R","M","?","?","M","M","T","M","?","R","M","R","M","?","M","B"],"character_chosen":"GUARDIAN","items_purchased":[],"campfire_rested":0,"item_purchase_floors":[],"current_hp_per_floor":[51,50,50,50,49,44,44,33,33,33,29,29,25,10,3,0,0,0],"gold":196,"neow_bonus":"ONE_RARE_RELIC","is_daily":false,"chose_seed":false,"campfire_upgraded":3,"win_rate":0.0,"timestamp":1612464780,"path_taken":["R","M","?","?","M","M","T","?","?","R","M","R","M","?","M","BOSS"],"items_purchased_type":[],"build_version":"2020-12-22","purchased_purges":0,"victory":false,"max_hp_per_floor":[80,80,80,80,80,80,80,80,80,80,80,80,80,80,80,80,80,80],"card_choices":[{"not_picked":["Guardian:RefractedBeam","Guardian:Incinerate"],"picked":"Guardian:ShieldCharger","floor":2},{"not_picked":["Guardian:Gem_Red","Guardian:TimeCapacitor"],"picked":"Guardian:ChargeCore","floor":5},{"not_picked":["Guardian:TimeBomb","Guardian:RollAttack","Guardian:SpikerProtocol"],"picked":"SKIP","floor":6},{"not_picked":["Guardian:Recover","Guardian:WalkerClaw"],"picked":"Guardian:ShieldCharger","floor":8},{"not_picked":["Guardian:TemporalShield","Guardian:Reroute"],"picked":"Guardian:BronzeArmor","floor":11},{"not_picked":["Guardian:Reroute","Guardian:BodySlam"],"picked":"Guardian:TemporalShield","floor":13},{"not_picked":["Guardian:Clone","Guardian:ShieldCharger"],"picked":"Guardian:Suspension","floor":15}],"player_experience":824526,"relics_obtained":[{"floor":7,"key":"Darkstone Periapt"}],"event_choices":[{"damage_healed":0,"gold_gain":0,"cards_transformed":["Guardian:Strike_Guardian"],"player_choice":"Change","damage_taken":0,"max_hp_gain":0,"max_hp_loss":0,"event_name":"Living Wall","floor":9,"gold_loss":0,"cards_obtained":["Guardian:Gem_Blue"]}],"is_beta":false,"boss_relics":[],"items_purged_floors":[],"is_endless":false,"potions_floor_spawned":[5,8],"killed_by":"DF_ARCHETYPE_STREAMLINE","ascension_level":8}}