{"host":"2q4w55ev63ot6isg","time":1612458378,"event":{"mods":["Aspiration","BaseMod","Downfall","Hubris","Marisa????????","Minty Spire (QoL Compilation)","Replay The Spire","StSLib","The Cursed","The Jungle","The Servant 0.9.4"],"gold_per_floor":[114,125,50,66,79,79,79,94,119,119,136,136,165,184,184,284,284,299,46,146,158,168,168,195,315,338,355,374,374,389,419,419,419,419],"floor_reached":33,"language":"ENG","playtime":1389,"items_purged":["Strike_B","Strike_B"],"score":393,"play_id":"f047151a-88ea-4f26-ab6a-40fc242d59c2","local_time":"20210204090618","is_ascension_mode":true,"campfire_choices":[{"data":"Zap","floor":6,"key":"SMITH"},{"floor":15,"key":"REST"},{"data":"Genetic Algorithm","floor":23,"key":"SMITH"},{"floor":32,"key":"REST"}],"circlet_count":0,"master_deck":["Strike_B+1","Strike_B+1","Defend_B+1","Defend_B+1","Defend_B+1","Defend_B+1","Zap+1","Dualcast","Streamline","Rip and Tear","Undo","Leap","Self Repair","White Noise","Mirror Shield","Genetic Algorithm+1","Conserve Battery","Leap","Conserve Battery","Conserve Battery+1","Leap+1","Conserve Battery+1","Glacier"],"relics":["Cracked Core","Akabeko","Dream Catcher","Vajra","hubris:Icosahedron","aspiration:DSix","Snecko Eye","DataDisk","hubris:TinFlute","aspiration:Lifesprig","hubris:TenFootPole"],"acts_visited":["Exordium","TheCity"],"potions_floor_usage":[16,28,31,31,33,33,33],"damage_taken":[{"damage":1,"enemies":"Cultist","floor":1,"turns":3},{"damage":0,"enemies":"2 Louse","floor":2,"turns":2},{"damage":10,"enemies":"Small Slimes","floor":4,"turns":2},{"damage":11,"enemies":"2 Fungi Beasts","floor":5,"turns":3},{"damage":11,"enemies":"Looter","floor":8,"turns":2},{"damage":3,"enemies":"Exordium Thugs","floor":11,"turns":5},{"damage":0,"enemies":"Lots of Slimes","floor":14,"turns":1},{"damage":9,"enemies":"The Guardian","floor":16,"turns":10},{"damage":3,"enemies":"Chosen","floor":18,"turns":5},{"damage":0,"enemies":"Shell Parasite","floor":21,"turns":4},{"damage":1,"enemies":"Shelled Parasite and Fungi","floor":22,"turns":6},{"damage":20,"enemies":"Book of Stabbing","floor":24,"turns":5},{"damage":9,"enemies":"Centurion and Healer","floor":25,"turns":11},{"damage":16,"enemies":"Snake Plant","floor":27,"turns":5},{"damage":9,"enemies":"Cultist and Chosen","floor":28,"turns":8},{"damage":0,"enemies":"Centurion and Healer","floor":30,"turns":8},{"damage":18,"enemies":"Slavers","floor":31,"turns":10},{"damage":101,"enemies":"Champ","floor":33,"turns":24}],"seed_played":"-2881083860130638809","potions_obtained":[{"floor":2,"key":"Reflective Coating"},{"floor":5,"key":"SpeedPotion"},{"floor":14,"key":"Strength Potion"},{"floor":24,"key":"FearPotion"},{"floor":27,"key":"champ:CounterPotion"},{"floor":30,"key":"hexamod:SoulburnPotion"},{"floor":31,"key":"Reflective Coating"}],"is_trial":false,"path_per_floor":["M","M","$","M","M","R","$","M","T","?","M","?","?","M","R","B",null,"M","$","?","M","M","R","E","M","T","M","M","?","M","E","R","B"],"character_chosen":"DEFECT","items_purchased":["DataDisk"],"campfire_rested":2,"item_purchase_floors":[19],"current_hp_per_floor":[67,67,67,57,46,46,46,35,35,35,32,32,14,14,36,34,65,69,69,69,69,75,75,62,60,60,51,49,49,56,45,67,0,0],"gold":419,"neow_bonus":"RANDOM_COMMON_RELIC","is_daily":false,"chose_seed":false,"campfire_upgraded":2,"win_rate":0.0,"timestamp":1612458378,"path_taken":["M","M","$","M","?","R","?","M","T","?","?","?","?","M","R","BOSS","M","$","?","?","M","R","E","M","T","M","M","?","M","E","R","BOSS"],"items_purchased_type":["Relic"],"build_version":"2020-12-22","purchased_purges":2,"victory":false,"max_hp_per_floor":[75,75,75,75,75,75,75,75,75,75,75,75,75,75,75,75,75,75,75,75,75,75,75,75,75,75,75,75,75,75,75,75,75,75],"card_choices":[{"not_picked":["Sweeping Beam","Turbo"],"picked":"Streamline","floor":1},{"not_picked":["BasicCrystalCard","Stack"],"picked":"Rip and Tear","floor":2},{"not_picked":["Stack","ReplayTheSpireMod:Calculation Training","Coolheaded"],"picked":"SKIP","floor":4},{"not_picked":["Streamline","Go for the Eyes"],"picked":"Undo","floor":5},{"not_picked":["Rebound","Hologram","ReplayTheSpireMod:Reroute Power"],"picked":"SKIP","floor":8},{"not_picked":["Panic Button","Rebound"],"picked":"Leap","floor":11},{"not_picked":["Compile Driver","ReplayTheSpireMod:Omega Cannon"],"picked":"Self Repair","floor":13},{"not_picked":["Rebound","BasicCrystalCard","Cold Snap"],"picked":"SKIP","floor":14},{"not_picked":["Coolheaded","Conserve Battery"],"picked":"White Noise","floor":15},{"not_picked":["Amplify","Buffer"],"picked":"Mirror Shield","floor":16},{"not_picked":["Crystallizer","Consume"],"picked":"Genetic Algorithm","floor":18},{"not_picked":["Fusion","Compile Driver"],"picked":"Conserve Battery","floor":21},{"not_picked":["Barrage","Storm"],"picked":"Leap","floor":22},{"not_picked":["Steam","Skim"],"picked":"Conserve Battery","floor":24},{"not_picked":["Beam Cell","Time Bomb"],"picked":"Conserve Battery+1","floor":25},{"not_picked":["Skim","Steam","Cold Snap"],"picked":"SKIP","floor":27},{"not_picked":["Reinforced Body","Consume+1"],"picked":"Leap+1","floor":28},{"not_picked":["Turbo","Darkness"],"picked":"Conserve Battery+1","floor":30},{"not_picked":["Redo","Hologram","Conserve Battery"],"picked":"SKIP","floor":31},{"not_picked":["Ball Lightning","Sweeping Beam+1"],"picked":"Glacier","floor":32}],"player_experience":219659,"relics_obtained":[{"floor":9,"key":"Dream Catcher"},{"floor":13,"key":"aspiration:DSix"},{"floor":24,"key":"hubris:TinFlute"},{"floor":26,"key":"aspiration:Lifesprig"},{"floor":31,"key":"hubris:TenFootPole"}],"event_choices":[{"damage_healed":0,"gold_gain":0,"player_choice":"Gave Potion","damage_taken":0,"relics_obtained":["Vajra"],"max_hp_gain":0,"max_hp_loss":0,"event_name":"WeMeetAgain","floor":10,"gold_loss":0},{"damage_healed":0,"gold_gain":100,"player_choice":"Pray","damage_taken":0,"max_hp_gain":0,"max_hp_loss":0,"event_name":"Golden Shrine","floor":20,"gold_loss":0},{"damage_healed":0,"gold_gain":0,"player_choice":"Simplicity","damage_taken":0,"max_hp_gain":0,"max_hp_loss":0,"event_name":"Back to Basics","floor":29,"gold_loss":0,"cards_upgraded":["Strike_B","Strike_B","Defend_B","Defend_B","Defend_B","Defend_B"]}],"is_beta":false,"boss_relics":[{"not_picked":["SlaversCollar","SacredBark"],"picked":"Snecko Eye"}],"items_purged_floors":[3,19],"is_endless":false,"potions_floor_spawned":[2,5,14,24,27,30,31],"killed_by":"Champ","ascension_level":6}}