{"host":"mai03x2ekbjy4059","time":1612458845,"event":{"mods":["2.2 Compatiblity","BaseMod","Colored Map","DeckTracker","Keyboard Shortcuts","Minty Spire (QoL Compilation)","Permanent Neow","Quick Restart","SuperFastMode","everything is the same but u backflip on backflip"],"gold_per_floor":[10,21,21,121,135,135,145,173,200,231,231,260,272,299,299,396,396,407,407,94,94,107,142,42,71,142,241,95,95,95,125,125,224,224,237,237,237,262,273,299,314,349,349,363,381,414,414,443,443,443,443,443,21,54,54],"floor_reached":56,"language":"KOR","playtime":1992,"items_purged":["Strike_G","Defend_G","Survivor"],"score":1584,"play_id":"e185fa3a-0f53-4495-a992-0a3823385908","local_time":"20210205021405","is_ascension_mode":true,"campfire_choices":[{"data":"Sucker Punch","floor":6.0,"key":"SMITH"},{"data":"Neutralize","floor":11.0,"key":"SMITH"},{"data":"Heel Hook","floor":15.0,"key":"SMITH"},{"data":"Impatience","floor":30,"key":"SMITH"},{"data":"Neutralize","floor":32,"key":"SMITH"},{"data":"A Thousand Cuts","floor":47,"key":"SMITH"},{"floor":49,"key":"RECALL"},{"data":"Sadistic Nature","floor":52,"key":"SMITH"}],"circlet_count":0,"master_deck":["Defend_G","Defend_G","Neutralize+1","Sucker Punch+1","Heel Hook+1","Heel Hook+1","Doppelganger+1","Dodge and Roll+1","Caltrops+1","Backstab+1","Impatience+1","Heel Hook+1","Neutralize+1","Adrenaline","A Thousand Cuts+1","Expertise+1","Finesse","Sadistic Nature+1","Madness","Madness","Terror+1"],"relics":["Ring of the Snake","Dream Catcher","Boot","Potion Belt","Snake Skull","Mummified Hand","Astrolabe","DollysMirror","Akabeko","Letter Opener","Medical Kit","Matryoshka","Sozu","Oddly Smooth Stone","Nunchaku","Du-Vu Doll","Bag of Marbles","Juzu Bracelet","HornCleat","TungstenRod","Whetstone","Turnip","Ice Cream"],"acts_visited":["Exordium","TheCity","TheBeyond","TheEnding"],"potions_floor_usage":[55,55,55,55,55],"damage_taken":[{"damage":1.0,"enemies":"Jaw Worm","floor":1.0,"turns":5.0},{"damage":0.0,"enemies":"Small Slimes","floor":2.0,"turns":5.0},{"damage":0.0,"enemies":"Cultist","floor":5.0,"turns":3.0},{"damage":0.0,"enemies":"Large Slime","floor":7.0,"turns":5.0},{"damage":10.0,"enemies":"Lagavulin","floor":8.0,"turns":7.0},{"damage":21.0,"enemies":"3 Sentries","floor":10.0,"turns":11.0},{"damage":10.0,"enemies":"Gremlin Nob","floor":12.0,"turns":3.0},{"damage":0.0,"enemies":"Exordium Thugs","floor":13.0,"turns":5.0},{"damage":3.0,"enemies":"Lagavulin","floor":14.0,"turns":6.0},{"damage":11.0,"enemies":"Slime Boss","floor":16.0,"turns":5.0},{"damage":3.0,"enemies":"Chosen","floor":18.0,"turns":4.0},{"damage":0.0,"enemies":"Shell Parasite","floor":22.0,"turns":3.0},{"damage":4,"enemies":"Gremlin Leader","floor":23,"turns":7},{"damage":0,"enemies":"Slavers","floor":25,"turns":4},{"damage":0,"enemies":"Gremlin Leader","floor":31,"turns":4},{"damage":6,"enemies":"Collector","floor":33,"turns":8},{"damage":0,"enemies":"3 Darklings","floor":35,"turns":3},{"damage":0,"enemies":"3 Shapes","floor":39,"turns":2},{"damage":0,"enemies":"Reptomancer","floor":40,"turns":2},{"damage":0,"enemies":"3 Darklings","floor":41,"turns":2},{"damage":7,"enemies":"Giant Head","floor":42,"turns":3},{"damage":5,"enemies":"Writhing Mass","floor":44,"turns":4},{"damage":0,"enemies":"Spire Growth","floor":45,"turns":2},{"damage":0,"enemies":"Nemesis","floor":46,"turns":2},{"damage":0,"enemies":"Reptomancer","floor":48,"turns":2},{"damage":12,"enemies":"Awakened One","floor":50,"turns":6},{"damage":0,"enemies":"Shield and Spear","floor":54,"turns":3},{"damage":13,"enemies":"The Heart","floor":55,"turns":5}],"seed_played":"-5188343197355731207","potions_obtained":[{"floor":2.0,"key":"BlessingOfTheForge"},{"floor":5.0,"key":"LiquidMemories"},{"floor":10.0,"key":"LiquidBronze"},{"floor":12.0,"key":"CultistPotion"},{"floor":14.0,"key":"AttackPotion"},{"floor":18.0,"key":"GamblersBrew"},{"floor":23,"key":"SpeedPotion"},{"floor":25,"key":"Strength Potion"},{"floor":29,"key":"FearPotion"},{"floor":29,"key":"LiquidBronze"}],"is_trial":false,"path_per_floor":["M","M","?","?","M","R","M","E","T","E","R","E","M","E","R","B",null,"M","?","$","?","M","E","$","E","T","?","$","?","R","E","R","B",null,"M","?","?","T","M","E","M","E","T","M","M","E","R","E","R","B",null,"R","$","E","B",null],"character_chosen":"THE_SILENT","items_purchased":["Impatience","DollysMirror","Medical Kit","Turnip"],"campfire_rested":0,"item_purchase_floors":[20,20,28,53],"current_hp_per_floor":[69,69,69,69,69,69,69,59,59,38,38,28,28,25,25,14,70,67,67,67,67,67,63,63,63,63,63,63,63,63,63,63,57,70,70,60,51,51,51,51,51,44,44,39,39,39,39,39,39,27,70,70,70,70,57],"gold":54,"neow_bonus":"REMOVE_TWO","is_daily":false,"chose_seed":false,"campfire_upgraded":7,"win_rate":0.0,"timestamp":1612458845,"path_taken":["M","M","?","?","M","R","M","E","T","E","R","E","?","E","R","BOSS","M","?","?","?","?","E","$","E","T","?","$","?","R","E","R","BOSS","M","?","?","?","M","E","M","E","T","M","M","E","R","E","R","BOSS","R","$","E","BOSS"],"items_purchased_type":["Card","Relic","Relic","Relic"],"build_version":"2020-12-22","purchased_purges":3,"victory":true,"max_hp_per_floor":[70,70,70,70,70,70,70,70,70,70,70,70,70,70,70,70,70,70,70,70,70,70,70,70,70,70,70,70,70,70,70,70,70,70,70,70,70,70,70,70,70,70,70,70,70,70,70,70,70,70,70,70,70,70,70],"card_choices":[{"not_picked":["Deflect","Slice"],"picked":"Sucker Punch","floor":1.0},{"not_picked":["Bouncing Flask","Deadly Poison","Blade Dance"],"picked":"SKIP","floor":2.0},{"not_picked":["Deadly Poison","Underhanded Strike","Sucker Punch"],"picked":"SKIP","floor":5.0},{"not_picked":["Flying Knee","Acrobatics","Poisoned Stab"],"picked":"SKIP","floor":7.0},{"not_picked":["Flying Knee","Reflex"],"picked":"Heel Hook","floor":8.0},{"not_picked":["Underhanded Strike","Sucker Punch"],"picked":"Heel Hook","floor":10.0},{"not_picked":["Die Die Die","Skewer","Prepared"],"picked":"SKIP","floor":12.0},{"not_picked":["Poisoned Stab","Flechettes","Underhanded Strike"],"picked":"SKIP","floor":13.0},{"not_picked":["Underhanded Strike","Slice","Skewer"],"picked":"SKIP","floor":14.0},{"not_picked":["Catalyst","Dagger Throw"],"picked":"Backstab+1","floor":18.0},{"not_picked":["Heel Hook","Terror","Poisoned Stab"],"picked":"SKIP","floor":22.0},{"not_picked":["Bouncing Flask","Envenom"],"picked":"Adrenaline","floor":23},{"not_picked":["Underhanded Strike","Predator","Flying Knee"],"picked":"SKIP","floor":25},{"not_picked":["Cloak And Dagger","Blade Dance","Setup+1"],"picked":"SKIP","floor":31},{"not_picked":["Malaise","Doppelganger"],"picked":"A Thousand Cuts","floor":33},{"not_picked":["Underhanded Strike","Well Laid Plans"],"picked":"Expertise+1","floor":35},{"not_picked":["PanicButton","Bandage Up"],"picked":"Finesse","floor":36},{"not_picked":["Flash of Steel","Finesse"],"picked":"Sadistic Nature","floor":36},{"not_picked":["Blur","Flying Knee","Cloak And Dagger+1"],"picked":"SKIP","floor":39},{"not_picked":["Slice+1","Bouncing Flask","Prepared+1"],"picked":"SKIP","floor":40},{"not_picked":["Acrobatics+1","Riddle With Holes","Flechettes+1"],"picked":"SKIP","floor":41},{"not_picked":["Outmaneuver+1","Infinite Blades+1","Sucker Punch+1"],"picked":"SKIP","floor":42},{"not_picked":["Noxious Fumes+1","Blade Dance"],"picked":"Terror+1","floor":44},{"not_picked":["Backflip","Cloak And Dagger","Accuracy+1"],"picked":"SKIP","floor":45},{"not_picked":["Concentrate","Outmaneuver+1","Acrobatics"],"picked":"SKIP","floor":46},{"not_picked":["Setup+1","Quick Slash","Dagger Throw+1"],"picked":"SKIP","floor":48},{"not_picked":["Cloak And Dagger","Bullet Time","Acrobatics+1"],"picked":"SKIP","floor":54}],"player_experience":1166453,"relics_obtained":[{"floor":8.0,"key":"Dream Catcher"},{"floor":9.0,"key":"Boot"},{"floor":10.0,"key":"Potion Belt"},{"floor":12.0,"key":"Snake Skull"},{"floor":14.0,"key":"Mummified Hand"},{"floor":23,"key":"Akabeko"},{"floor":25,"key":"Letter Opener"},{"floor":31,"key":"Matryoshka"},{"floor":38,"key":"Oddly Smooth Stone"},{"floor":38,"key":"Nunchaku"},{"floor":40,"key":"Du-Vu Doll"},{"floor":42,"key":"Bag of Marbles"},{"floor":43,"key":"Juzu Bracelet"},{"floor":43,"key":"HornCleat"},{"floor":46,"key":"TungstenRod"},{"floor":48,"key":"Whetstone"},{"floor":54,"key":"Ice Cream"}],"event_choices":[{"cards_removed":["Defend_G"],"damage_healed":0.0,"max_hp_gain":0.0,"max_hp_loss":0.0,"gold_gain":0.0,"event_name":"Living Wall","player_choice":"Forget","floor":3.0,"gold_loss":0.0,"damage_taken":0.0},{"damage_healed":0.0,"max_hp_gain":0.0,"max_hp_loss":0.0,"gold_gain":100.0,"event_name":"Golden Shrine","player_choice":"Pray","floor":4.0,"gold_loss":0.0,"damage_taken":0.0},{"damage_healed":0.0,"max_hp_gain":0.0,"max_hp_loss":0.0,"gold_gain":0.0,"event_name":"The Woman in Blue","player_choice":"Bought 0 Potions","floor":19.0,"gold_loss":0.0,"damage_taken":0.0},{"damage_healed":0.0,"max_hp_gain":0.0,"max_hp_loss":0.0,"gold_gain":0.0,"event_name":"Match and Keep!","player_choice":"1 cards matched","floor":21.0,"gold_loss":0.0,"damage_taken":0.0,"cards_obtained":["Neutralize"]},{"damage_healed":0,"gold_gain":99,"player_choice":"Stole From Cult","damage_taken":0,"max_hp_gain":0,"max_hp_loss":0,"event_name":"Nest","floor":27,"gold_loss":0},{"damage_healed":0,"gold_gain":0,"player_choice":"Got Potions","damage_taken":0,"max_hp_gain":0,"max_hp_loss":0,"event_name":"Lab","floor":29,"gold_loss":0},{"damage_healed":0,"gold_gain":0,"player_choice":"Memory 3","damage_taken":10,"max_hp_gain":0,"max_hp_loss":0,"event_name":"SensoryStone","floor":36,"gold_loss":0},{"damage_healed":0,"gold_gain":0,"player_choice":"Embrace Madness","damage_taken":9,"max_hp_gain":0,"max_hp_loss":0,"event_name":"Winding Halls","floor":37,"gold_loss":0,"cards_obtained":["Madness","Madness"]}],"is_beta":false,"boss_relics":[{"not_picked":["Cursed Key","HoveringKite"],"picked":"Astrolabe"},{"not_picked":["Coffee Dripper","Philosopher\u0027s Stone"],"picked":"Sozu"}],"items_purged_floors":[20,24,53],"is_endless":false,"potions_floor_spawned":[2,5,10,12,14,18,23,25,39,40,42,45],"ascension_level":1}}