{"host":"h2977v3ax51ohsow","time":1612443292,"event":{"mods":["Act Like it!","BaseMod","Colored Powertips","Koishi","Lobotomy","LobotomyExtend","Marisa£®ÏF”Í°°ƒß¿Ì…≥£©","Minty Spire (QoL Compilation)","Reimu£®≤©¿ˆ¡È√Œ£©","Remilia£®¿Ÿ√◊¿Ú—«£©","StSLib","The Administrix","The Servant 0.9.4"],"gold_per_floor":[113,113,126,57,87,135,164,213,237,237,272,272,301,313,12,62,95,160,160,160,189,189,217,254,254,349,349,349,7,7,7,19,19,54,54,54,102,122,122,122,134,134,134],"floor_reached":34,"language":"ZHS","playtime":3638,"items_purged":[],"score":838,"play_id":"fb3f666b-e1db-431a-a7de-5f4018e95972","local_time":"20210204205452","is_ascension_mode":true,"campfire_choices":[{"data":"EscapeVelocity","floor":10,"key":"SMITH"},{"floor":10,"key":"REST"},{"data":"CasketOfStar","floor":12,"key":"SMITH"},{"data":"BinaryStars","floor":15,"key":"SMITH"},{"floor":23,"key":"REST"},{"floor":25,"key":"REST"},{"floor":29,"key":"RECALL"},{"data":"BinaryStars","floor":32,"key":"SMITH"}],"circlet_count":0,"master_deck":["Strike_MRS","Strike_MRS+1","Strike_MRS","Strike_MRS","Defend_MRS","Defend_MRS","MasterSpark+1","UpSweep","UniverseFragment","GrandCross+1","GalacticHalo","GrandCross","WitchOfGreed","WitchLeyline","GasGiant","FieryBird","MilkyWay+1","EscapeVelocity+1","GravityBeat","UltimateShortwave+1","WitchLeyline","CasketOfStar+1","OSAHOGD","OrrerysSun","DarkMatter","EventHorizon","Parasite","Parasite","BinaryStars+1","BinaryStars+1","Parasite","Parasite","DragonMeteor","IllusionStar+1","LongBird","MysteriousBeam","NothingThere","FinalSpark"],"relics":["MiniHakkero","CogitoBucket","HornCleat","Strawberry","Bag of Marbles","BackwardClock","LetterFromLob","Anchor","Smiling Mask","MagicBroom","Bottled Tornado","Shuriken","Whetstone","Black Star","ShedSkin_r","Bird Faced Urn","SkinProphecy","Thread and Needle","Pen Nib","Darkstone Periapt","BigShroomBag","Vajra"],"acts_visited":["Exordium","TheBeyond"],"potions_floor_usage":[8,1,1,6,7,8,22,22,33,34,34],"damage_taken":[{"damage":1,"enemies":"2 Louse","floor":1,"turns":2},{"damage":0,"enemies":"Cultist","floor":3,"turns":2},{"damage":11,"enemies":"Jaw Worm","floor":5,"turns":2},{"damage":7,"enemies":"Gremlin Nob","floor":6,"turns":4},{"damage":0,"enemies":"Exordium Thugs","floor":7,"turns":3},{"damage":5,"enemies":"3 Sentries","floor":8,"turns":7},{"damage":46,"enemies":"2 Louse","floor":1,"turns":7},{"damage":0,"enemies":"Cultist","floor":3,"turns":3},{"damage":0,"enemies":"Jaw Worm","floor":4,"turns":2},{"damage":1,"enemies":"3 Sentries","floor":6,"turns":5},{"damage":0,"enemies":"Lots of Slimes","floor":7,"turns":3},{"damage":0,"enemies":"3 Sentries","floor":8,"turns":3},{"damage":0,"enemies":"Gremlin Nob","floor":11,"turns":2},{"damage":3,"enemies":"Lagavulin","floor":13,"turns":4},{"damage":3,"enemies":"The Mushroom Lair","floor":14,"turns":3},{"damage":0,"enemies":"Hexaghost","floor":16,"turns":4},{"damage":0,"enemies":"3 Shapes","floor":22,"turns":5},{"damage":26,"enemies":"Reptomancer","floor":24,"turns":7},{"damage":0,"enemies":"Nemesis","floor":27,"turns":3},{"damage":0,"enemies":"3 Darklings","floor":28,"turns":3},{"damage":5,"enemies":"Sphere and 2 Shapes","floor":31,"turns":3},{"damage":30,"enemies":"Donu and Deca","floor":33,"turns":4},{"damage":93,"enemies":"Malkuth","floor":34,"turns":10},{"damage":47,"enemies":"Netzach","floor":34,"turns":7}],"seed_played":"-6812483417236379550","potions_obtained":[{"floor":1,"key":"ZuzhouPotion:ReiMu"},{"floor":5,"key":"Dexterity Potion"},{"floor":6,"key":"DuplicationPotion"},{"floor":6,"key":"Block Potion"},{"floor":7,"key":"DistilledChaos"},{"floor":8,"key":"MagicPotion:ReiMu"},{"floor":1,"key":"Strength Potion"},{"floor":1,"key":"Fire Potion"},{"floor":6,"key":"BottledSpark"},{"floor":7,"key":"LiquidBronze"},{"floor":13,"key":"ZuzhouPotion:ReiMu"},{"floor":14,"key":"Swift Potion"},{"floor":16,"key":"Energy Potion"},{"floor":24,"key":"Ancient Potion"},{"floor":27,"key":"FearPotion"},{"floor":28,"key":"DistilledChaos"}],"is_trial":false,"path_per_floor":["M","?","M","$","M","E","M","E","T","R","E","M","?","M","M","$","E","M","?","T","R","E","R","E","?","R","B",null,"M","$","?","?","M","R","E","R","T","E","M","R","$","M","R","B",null],"character_chosen":"MARISA","items_purchased":["GrandCross","WitchOfGreed","CasketOfStar","Anchor","DragonMeteor","Bird Faced Urn"],"campfire_rested":3,"item_purchase_floors":[4,4,5,5,19,19],"current_hp_per_floor":[74,74,74,74,63,63,63,58,58,58,36,36,36,36,36,35,35,35,35,59,59,59,56,53,53,57,82,25,25,25,25,39,62,44,68,68,72,79,79,79,78,78,88],"gold":134,"neow_bonus":"","is_daily":false,"chose_seed":false,"campfire_upgraded":4,"win_rate":0.0,"timestamp":1612443292,"path_taken":["M","?","M","?","M","E","M","E","T","R","E","M","?","M","M","$","E","?","?","T","R","E","R","E","?","R","BOSS","M","$","?","?","M","R","E","R","T","E","M","R","$","M","R","BOSS"],"items_purchased_type":["Card","Card","Card","Relic","Card","Relic"],"build_version":"2020-12-22","purchased_purges":0,"victory":true,"max_hp_per_floor":[75,75,75,75,75,82,82,82,82,82,82,82,82,82,82,82,82,82,82,82,82,82,82,82,82,82,82,82,82,78,78,78,78,80,80,80,82,84,84,84,86,86,88],"card_choices":[{"not_picked":["Bloodbath","MHz"],"picked":"UniverseFragment","floor":1},{"not_picked":["DeepEcoloBomb","ManaConvection"],"picked":"GrandCross","floor":1},{"not_picked":["BigBird","BeautyBeast","SnowQueen"],"picked":"Singing Bowl","floor":3},{"not_picked":["BlazeAway","LuminesStrike"],"picked":"GalacticHalo","floor":3},{"not_picked":["BigBird","BlackSwan","WhitesApple"],"picked":"Singing Bowl","floor":5},{"not_picked":["SporeBomb","GalacticHalo"],"picked":"WitchLeyline","floor":5},{"not_picked":["VoidDream","Scorched","CherryBlossoms"],"picked":"Singing Bowl","floor":6},{"not_picked":["SporeBomb","JA"],"picked":"GasGiant","floor":6},{"not_picked":["Scarecrow","Murderer"],"picked":"FieryBird","floor":7},{"not_picked":["SporeBomb","Robbery"],"picked":"MilkyWay","floor":7},{"not_picked":["Wellcheers","OldLady","Bloodbath"],"picked":"Singing Bowl","floor":8},{"not_picked":["DC","MilkyWay"],"picked":"EscapeVelocity","floor":8},{"not_picked":["Wellcheers","MeatLantern","BlackSwan"],"picked":"Singing Bowl","floor":1},{"not_picked":["DoubleSpark","DC"],"picked":"GravityBeat","floor":1},{"not_picked":["OldLady","FairyFestival","BeautyBeast"],"picked":"Singing Bowl","floor":3},{"not_picked":["UnstableBomb","SporeBomb"],"picked":"UltimateShortwave","floor":3},{"not_picked":["MeatLantern","FairyFestival","CrumblingArmor"],"picked":"Singing Bowl","floor":4},{"not_picked":["DeepEcoloBomb","SporeBomb"],"picked":"WitchLeyline","floor":4},{"not_picked":["DreamingCurrent","RedShoes","FairyFestival"],"picked":"Singing Bowl","floor":6},{"not_picked":["6A","BlazeAway","ManaConvection"],"picked":"SKIP","floor":6},{"not_picked":["MHz","VoidDream"],"picked":"OSAHOGD","floor":7},{"not_picked":["UnstableBomb","WitchOfGreed","OneTimeOff"],"picked":"SKIP","floor":7},{"not_picked":["PunishingBird","VoidDream","FairyFestival"],"picked":"Singing Bowl","floor":8},{"not_picked":["ManaConvection","NonDirectionalLaser"],"picked":"OrrerysSun","floor":8},{"not_picked":["WhitesApple","RedShoes","Wellcheers"],"picked":"Singing Bowl","floor":11},{"not_picked":["WitchOfGreed","SporeBomb"],"picked":"DarkMatter","floor":11},{"not_picked":["LaLuna","MeatLantern","Scorched"],"picked":"Singing Bowl","floor":13},{"not_picked":["WitchOfGreed","FairyDestructionRay"],"picked":"EventHorizon","floor":13},{"not_picked":["Wellcheers","Laetitia","CherryBlossoms"],"picked":"Singing Bowl","floor":14},{"not_picked":["GrandCross","MagicAbsorber"],"picked":"BinaryStars","floor":14},{"not_picked":["LittleHelper","VoidDream","Murderer"],"picked":"Singing Bowl","floor":16},{"not_picked":["EscapeVelocity","MaximisePower"],"picked":"BinaryStars","floor":16},{"not_picked":["Murderer","FairyFestival","Scorched"],"picked":"Singing Bowl","floor":22},{"not_picked":["WitchLeyline+1","ManaRampage"],"picked":"IllusionStar+1","floor":22},{"not_picked":["Mercenary","Alriune","VoidDream"],"picked":"Singing Bowl","floor":24},{"not_picked":["SporeBomb","DC","ChargeUpSpray"],"picked":"SKIP","floor":24},{"not_picked":["WallGazer","Murderer","WhitesApple"],"picked":"Singing Bowl","floor":27},{"not_picked":["HappyTeddy","FairyFestival"],"picked":"LongBird","floor":27},{"not_picked":["6A+1","AsteroidBelt"],"picked":"MysteriousBeam","floor":27},{"not_picked":["MeatLantern","SingingMachine","Scorched"],"picked":"Singing Bowl","floor":28},{"not_picked":["ChargingUp","OrrerysSun","BlazeAway"],"picked":"SKIP","floor":28},{"not_picked":["MeatLantern","BeautyBeast","MHz"],"picked":"Singing Bowl","floor":31},{"not_picked":["QueenBee","Woodsman"],"picked":"NothingThere","floor":31},{"not_picked":["AsteroidBelt+1","DoubleSpark"],"picked":"FinalSpark","floor":31}],"player_experience":140421,"relics_obtained":[{"floor":1,"key":"LetterFromLob"},{"floor":6,"key":"Strawberry"},{"floor":8,"key":"Bag of Marbles"},{"floor":1,"key":"LetterFromLob"},{"floor":6,"key":"Smiling Mask"},{"floor":8,"key":"MagicBroom"},{"floor":9,"key":"Bottled Tornado"},{"floor":11,"key":"Shuriken"},{"floor":13,"key":"Whetstone"},{"floor":14,"key":"ShroomBag"},{"floor":24,"key":"Thread and Needle"},{"floor":24,"key":"Pen Nib"},{"floor":26,"key":"Darkstone Periapt"},{"floor":27,"key":"BigShroomBag"},{"floor":27,"key":"Vajra"}],"event_choices":[{"damage_healed":0,"gold_gain":0,"player_choice":"Gave Potion","damage_taken":0,"relics_obtained":["HornCleat"],"max_hp_gain":0,"max_hp_loss":0,"event_name":"WeMeetAgain","floor":2,"gold_loss":0},{"cards_removed":["Defend_MRS"],"damage_healed":0,"gold_gain":0,"player_choice":"Card Removal","damage_taken":0,"max_hp_gain":0,"max_hp_loss":0,"event_name":"Wheel of Change","floor":2,"gold_loss":0},{"damage_healed":0,"gold_gain":0,"player_choice":"Searched \u00271\u0027 times","damage_taken":0,"max_hp_gain":0,"max_hp_loss":0,"event_name":"Dead Adventurer","floor":8,"gold_loss":0},{"damage_healed":0,"gold_gain":0,"player_choice":"Fought Mushrooms","damage_taken":0,"max_hp_gain":0,"max_hp_loss":0,"event_name":"Mushrooms_MRS","floor":14,"gold_loss":0},{"damage_healed":0,"gold_gain":0,"player_choice":"Max HP","damage_taken":0,"max_hp_gain":0,"max_hp_loss":4,"event_name":"Winding Halls","floor":20,"gold_loss":0},{"cards_removed":["Defend_MRS"],"damage_healed":0,"gold_gain":0,"player_choice":"Removed Skill","damage_taken":0,"max_hp_gain":0,"max_hp_loss":0,"event_name":"Falling","floor":21,"gold_loss":0}],"is_beta":false,"boss_relics":[{"not_picked":["Coffee Dripper","Snecko Eye"],"picked":"Black Star"}],"items_purged_floors":[],"is_endless":false,"potions_floor_spawned":[1,6,1,7,13,14,16,24,28],"ascension_level":1}}