{"host":"r6jigiblrojhp6xe","time":1612422193,"event":{"mods":["AchievementEnabler","BaseMod","DeckTracker","Hermit","Minty Spire (QoL Compilation)","Quick Restart","Rare Cards Sparkle","Relic Stats","StSLib","SuperFastMode","everything is the same but u backflip on backflip"],"gold_per_floor":[364,35,35,48,48,48,74,74,74,105,117,150,150,75,75,151,151,170,170,220,239,259,259,259,259,259],"floor_reached":25,"language":"KOR","playtime":747,"items_purged":["Regret"],"score":488,"play_id":"dcffab51-de6f-450c-b66f-39204d3bb9b6","local_time":"20210204160313","is_ascension_mode":true,"campfire_choices":[{"data":"Entrench","floor":6.0,"key":"SMITH"},{"data":"True Grit","floor":8.0,"key":"SMITH"},{"data":"Armaments","floor":13,"key":"SMITH"},{"floor":15,"key":"REST"},{"data":"Barricade","floor":23,"key":"SMITH"}],"circlet_count":0,"master_deck":["AscendersBane","Strike_R","Strike_R","Strike_R","Strike_R","Defend_R","Defend_R","Defend_R","Defend_R","Bash","True Grit+1","Body Slam+1","Entrench+1","Carnage","Barricade+1","Armaments+1","Burning Pact","Power Through","Battle Trance","Shrug It Off"],"relics":["Burning Blood","Sling","Charon\u0027s Ashes","StrikeDummy","Matryoshka","Orichalcum","Runic Dome"],"acts_visited":["Exordium","TheCity"],"potions_floor_usage":[12,24],"damage_taken":[{"damage":9.0,"enemies":"Jaw Worm","floor":1.0,"turns":5.0},{"damage":4.0,"enemies":"2 Louse","floor":4.0,"turns":3.0},{"damage":55.0,"enemies":"Gremlin Nob","floor":7.0,"turns":5.0},{"damage":16.0,"enemies":"Lagavulin","floor":10.0,"turns":5.0},{"damage":0.0,"enemies":"Small Slimes","floor":11.0,"turns":3.0},{"damage":5,"enemies":"3 Sentries","floor":12,"turns":5},{"damage":24,"enemies":"Slime Boss","floor":16,"turns":13},{"damage":0,"enemies":"Chosen","floor":18,"turns":8},{"damage":19,"enemies":"Spheric Guardian","floor":21,"turns":6},{"damage":0,"enemies":"Chosen and Byrds","floor":22,"turns":8},{"damage":0,"enemies":"3 Cultists","floor":24,"turns":2},{"damage":72,"enemies":"Book of Stabbing","floor":25,"turns":5}],"seed_played":"805746425890362197","potions_obtained":[{"floor":10.0,"key":"SmokeBomb"},{"floor":11.0,"key":"Strength Potion"},{"floor":16,"key":"Strength Potion"}],"is_trial":false,"path_per_floor":["M","$","?","M","?","R","E","R","T","E","M","E","R","?","R","B",null,"M","?","?","M","M","R","M","E"],"character_chosen":"IRONCLAD","items_purchased":["Body Slam","Entrench","Sling"],"campfire_rested":1,"item_purchase_floors":[2,2,2],"current_hp_per_floor":[65,65,65,67,67,67,18,18,18,8,14,15,15,15,37,19,61,67,67,67,54,60,60,66,0,0],"gold":259,"neow_bonus":"TWO_FIFTY_GOLD","is_daily":false,"chose_seed":false,"campfire_upgraded":4,"win_rate":0.0,"timestamp":1612422193,"path_taken":["M","$","?","M","?","R","E","R","T","E","M","E","R","?","R","BOSS","M","?","?","M","M","R","M","E"],"items_purchased_type":["Card","Card","Relic"],"build_version":"2020-12-22","purchased_purges":1,"victory":false,"max_hp_per_floor":[75,75,75,75,75,75,75,75,75,75,75,75,75,75,75,75,75,75,75,75,75,75,75,75,75,75],"relic_stats":{"counters":[12,68],"Charon\u0027s Ashes":[201],"Orichalcum":[18],"obtain_stats":[{"Runic Dome":17,"Matryoshka":10,"Charon\u0027s Ashes":7,"Orichalcum":12,"Sling":2,"StrikeDummy":9,"Burning Blood":0},{"Runic Dome":7,"Matryoshka":4,"Charon\u0027s Ashes":3,"Orichalcum":6,"Sling":1,"StrikeDummy":3,"Burning Blood":0},{"Runic Dome":39,"Matryoshka":18,"Charon\u0027s Ashes":13,"Orichalcum":26,"Sling":5,"StrikeDummy":13,"Burning Blood":0}],"Burning Blood":66},"card_choices":[{"not_picked":["Perfected Strike","Cleave"],"picked":"True Grit","floor":1.0},{"not_picked":["Wild Strike","Clothesline"],"picked":"Carnage","floor":4.0},{"not_picked":["Twin Strike","Fire Breathing","Pommel Strike"],"picked":"SKIP","floor":7.0},{"not_picked":["Seeing Red","Twin Strike"],"picked":"Barricade","floor":10.0},{"not_picked":["Iron Wave","Thunderclap"],"picked":"Armaments","floor":11.0},{"not_picked":["Disarm","Second Wind","Dual Wield"],"picked":"SKIP","floor":12},{"not_picked":["Twin Strike","Infernal Blade"],"picked":"Burning Pact","floor":18},{"not_picked":["Hemokinesis","Heavy Blade"],"picked":"Battle Trance","floor":21},{"not_picked":["Heavy Blade","Headbutt"],"picked":"Shrug It Off","floor":22}],"player_experience":604357,"relics_obtained":[{"floor":7.0,"key":"Charon\u0027s Ashes"},{"floor":9.0,"key":"StrikeDummy"},{"floor":10.0,"key":"Matryoshka"},{"floor":12,"key":"Orichalcum"}],"event_choices":[{"damage_healed":0.0,"max_hp_gain":0.0,"max_hp_loss":0.0,"gold_gain":0.0,"event_name":"Living Wall","player_choice":"Grow","floor":3.0,"gold_loss":0.0,"damage_taken":0.0,"cards_upgraded":["Body Slam"]},{"damage_healed":0.0,"max_hp_gain":0.0,"max_hp_loss":0.0,"gold_gain":0.0,"event_name":"Liars Game","player_choice":"Ignored","floor":5.0,"gold_loss":0.0,"damage_taken":0.0},{"cards_removed":["Strike_R"],"damage_healed":0,"gold_gain":0,"player_choice":"Card Removal","damage_taken":0,"max_hp_gain":0,"max_hp_loss":0,"event_name":"The Cleric","floor":14,"gold_loss":75},{"damage_healed":0,"gold_gain":0,"player_choice":"Read","damage_taken":0,"max_hp_gain":0,"max_hp_loss":0,"event_name":"The Library","floor":19,"gold_loss":0,"cards_obtained":["Power Through"]},{"damage_healed":0,"gold_gain":100,"player_choice":"Bet on Murderer","damage_taken":0,"max_hp_gain":0,"max_hp_loss":0,"event_name":"The Joust","floor":20,"gold_loss":50}],"is_beta":false,"boss_relics":[{"not_picked":["Black Blood","SlaversCollar"],"picked":"Runic Dome"}],"items_purged_floors":[2],"is_endless":false,"potions_floor_spawned":[10,11,16,22,24],"killed_by":"Book of Stabbing","ascension_level":20}}