{"host":"rolltorest","time":1612420110,"event":{"mods":["BaseMod","Minty Spire (QoL Compilation)","Relic Stats","Slay the Relics Exporter","StSLib"],"gold_per_floor":[119,134,284,209,284,284,317,71,94,122,146,146,171,182,182,253,253,153,153,2,20,70,70,100,22,22,22,47,63,63,97,97,97,97],"floor_reached":33,"language":"ENG","playtime":1175,"items_purged":["Strike_G"],"score":630,"play_id":"831fe36d-d22a-4fed-9c19-472b10d13f76","local_time":"20210203222830","is_ascension_mode":true,"campfire_choices":[{"data":"Noxious Fumes","floor":6,"key":"SMITH"},{"data":"Dagger Spray","floor":15,"key":"SMITH"},{"floor":23,"key":"REST"},{"data":"Wraith Form v2","floor":27,"key":"SMITH"},{"floor":32,"key":"REST"}],"circlet_count":0,"master_deck":["AscendersBane","Strike_G","Strike_G","Strike_G","Defend_G","Defend_G","Defend_G","Defend_G","Defend_G","Survivor","Neutralize","Venomology","Deadly Poison","Noxious Fumes+1","PiercingWail","Footwork","Leg Sweep","Dagger Spray+1","Backflip","Wraith Form v2+1","Bouncing Flask","Backflip","Acrobatics","Calculated Gamble","Adrenaline+1","Escape Plan+1","PiercingWail+1"],"relics":["Ring of the Snake","Kunai","ClockworkSouvenir","Regal Pillow","Bag of Marbles","Strawberry","Happy Flower","Velvet Choker","Omamori","Toxic Egg 2","StoneCalendar","Lantern"],"acts_visited":["Exordium","TheCity"],"potions_floor_usage":[7,10,13,16,16,21,24,24,24,24,31,31,33],"damage_taken":[{"damage":1,"enemies":"2 Louse","floor":1,"turns":4},{"damage":6,"enemies":"Small Slimes","floor":2,"turns":4},{"damage":32,"enemies":"3 Sentries","floor":7,"turns":8},{"damage":22,"enemies":"Lagavulin","floor":10,"turns":9},{"damage":22,"enemies":"Gremlin Nob","floor":13,"turns":4},{"damage":3,"enemies":"Cultist","floor":14,"turns":4},{"damage":13,"enemies":"Hexaghost","floor":16,"turns":11},{"damage":15,"enemies":"2 Thieves","floor":18,"turns":5},{"damage":11,"enemies":"3 Byrds","floor":21,"turns":6},{"damage":11,"enemies":"Gremlin Leader","floor":24,"turns":9},{"damage":20,"enemies":"Slavers","floor":28,"turns":8},{"damage":4,"enemies":"Shelled Parasite and Fungi","floor":29,"turns":6},{"damage":20,"enemies":"Book of Stabbing","floor":31,"turns":8},{"damage":49,"enemies":"Collector","floor":33,"turns":9}],"seed_played":"-3113131716907617889","potions_obtained":[{"floor":1,"key":"Ancient Potion"},{"floor":7,"key":"DuplicationPotion"},{"floor":16,"key":"EntropicBrew"},{"floor":24,"key":"Dexterity Potion"}],"is_trial":false,"path_per_floor":["M","M","?","?","?","R","E","$","T","E","T","?","E","M","R","B",null,"M","?","$","M","?","R","E","$","T","R","E","M","?","E","R","B"],"character_chosen":"THE_SILENT","items_purchased":["ClockworkSouvenir","Footwork","Bouncing Flask","Calculated Gamble"],"campfire_rested":2,"item_purchase_floors":[8,8,20,25],"current_hp_per_floor":[58,52,52,52,41,41,24,24,24,2,9,9,20,17,17,4,51,36,36,36,25,25,60,49,49,49,49,29,25,25,5,40,0,0],"gold":97,"neow_bonus":"THREE_RARE_CARDS","is_daily":false,"chose_seed":false,"campfire_upgraded":3,"win_rate":0.0,"timestamp":1612420110,"path_taken":["M","M","?","?","?","R","E","$","T","E","?","?","E","?","R","BOSS","M","?","$","M","?","R","E","$","T","R","E","M","?","E","R","BOSS"],"items_purchased_type":["Relic","Card","Card","Card"],"build_version":"2020-12-18","purchased_purges":1,"victory":false,"max_hp_per_floor":[60,60,60,60,60,60,60,60,60,60,67,67,67,67,67,67,67,67,67,67,67,67,67,67,67,67,67,67,67,67,67,67,67,67],"relic_stats":{"Regal Pillow":30,"Happy Flower":[22],"counters":[14,95],"StoneCalendar":[104],"Kunai":[5],"obtain_stats":[{"Regal Pillow":9,"Lantern":31,"Happy Flower":13,"Strawberry":11,"Velvet Choker":17,"StoneCalendar":28,"Bag of Marbles":10,"Omamori":24,"Kunai":7,"Toxic Egg 2":26,"Ring of the Snake":0,"ClockworkSouvenir":8},{"Regal Pillow":3,"Lantern":13,"Happy Flower":5,"Strawberry":4,"Velvet Choker":7,"StoneCalendar":11,"Bag of Marbles":4,"Omamori":10,"Kunai":3,"Toxic Egg 2":10,"Ring of the Snake":0,"ClockworkSouvenir":3},{"Regal Pillow":16,"Lantern":86,"Happy Flower":29,"Strawberry":25,"Velvet Choker":44,"StoneCalendar":72,"Bag of Marbles":25,"Omamori":64,"Kunai":16,"Toxic Egg 2":64,"Ring of the Snake":0,"ClockworkSouvenir":16}],"Ring of the Snake":[28]},"card_choices":[{"not_picked":["A Thousand Cuts","Doppelganger"],"picked":"Venomology","floor":0},{"not_picked":["PiercingWail","Finisher"],"picked":"Deadly Poison","floor":1},{"not_picked":["Slice","Sucker Punch"],"picked":"Noxious Fumes","floor":2},{"not_picked":["Flying Knee","Sucker Punch"],"picked":"PiercingWail","floor":7},{"not_picked":["Cloak And Dagger","Underhanded Strike","Flying Knee"],"picked":"SKIP","floor":10},{"not_picked":["Poisoned Stab","PiercingWail"],"picked":"Dagger Spray","floor":13},{"not_picked":["Cloak And Dagger","Slice"],"picked":"Backflip","floor":14},{"not_picked":["Doppelganger","Burst"],"picked":"Wraith Form v2","floor":16},{"not_picked":["Dagger Spray","Eviscerate","Blur"],"picked":"SKIP","floor":18},{"not_picked":["Bane","Choke"],"picked":"Backflip","floor":21},{"not_picked":["Terror","Finisher"],"picked":"Acrobatics","floor":24},{"not_picked":["Quick Slash","Concentrate+1"],"picked":"Adrenaline+1","floor":28},{"not_picked":["Acrobatics+1","Blade Dance+1"],"picked":"Escape Plan+1","floor":29},{"not_picked":["Footwork","Outmaneuver+1"],"picked":"PiercingWail+1","floor":31}],"player_experience":1833521,"relics_obtained":[{"floor":7,"key":"Kunai"},{"floor":9,"key":"Regal Pillow"},{"floor":10,"key":"Bag of Marbles"},{"floor":11,"key":"Strawberry"},{"floor":13,"key":"Happy Flower"},{"floor":24,"key":"Omamori"},{"floor":26,"key":"Toxic Egg 2"},{"floor":28,"key":"StoneCalendar"},{"floor":31,"key":"Lantern"}],"event_choices":[{"damage_healed":0,"gold_gain":150,"player_choice":"AGREE","damage_taken":0,"max_hp_gain":0,"max_hp_loss":0,"event_name":"Liars Game","floor":3,"gold_loss":0,"cards_obtained":["Doubt"]},{"cards_removed":["Doubt"],"damage_healed":0,"gold_gain":0,"player_choice":"Card Removal","damage_taken":0,"max_hp_gain":0,"max_hp_loss":0,"event_name":"The Cleric","floor":4,"gold_loss":75},{"damage_healed":0,"gold_gain":75,"player_choice":"Gather Gold","damage_taken":11,"max_hp_gain":0,"max_hp_loss":0,"event_name":"World of Goop","floor":5,"gold_loss":0},{"damage_healed":0,"gold_gain":0,"player_choice":"1 cards matched","damage_taken":0,"max_hp_gain":0,"max_hp_loss":0,"event_name":"Match and Keep!","floor":12,"gold_loss":0,"cards_obtained":["Leg Sweep"]},{"damage_healed":0,"gold_gain":0,"player_choice":"Ignored","damage_taken":0,"max_hp_gain":0,"max_hp_loss":0,"event_name":"Vampires","floor":19,"gold_loss":0},{"damage_healed":0,"gold_gain":50,"player_choice":"Stole From Cult","damage_taken":0,"max_hp_gain":0,"max_hp_loss":0,"event_name":"Nest","floor":22,"gold_loss":0},{"cards_removed":["Strike_G"],"damage_healed":0,"gold_gain":0,"player_choice":"Card Removal","damage_taken":0,"max_hp_gain":0,"max_hp_loss":0,"event_name":"Wheel of Change","floor":30,"gold_loss":0}],"is_beta":true,"boss_relics":[{"not_picked":["Busted Crown","Ring of the Serpent"],"picked":"Velvet Choker"}],"items_purged_floors":[20],"is_endless":false,"potions_floor_spawned":[1,7,16,21,24],"killed_by":"Collector","ascension_level":20}}