{"host":"l8w5ha8d6y408mwb","time":1612418416,"event":{"mods":["AchievementEnabler","BaseMod","ChefMod","Chen","Conspire","Infinite Spire","Marisa£®ÏF”Í°°ƒß¿Ì…≥£©","Minty Spire (QoL Compilation)","Reimu£®≤©¿ˆ¡È√Œ£©","Remilia£®¿Ÿ√◊¿Ú—«£©","Replay The Spire","StSLib","The Gatherer","The Mystic","The Poker Player","Yakumo Yukari mod","Youmu£®ªÍ∆«—˝√Œ£©","Yuyuko"],"gold_per_floor":[113,132,0,12,112,126,126,126],"floor_reached":7,"language":"ZHS","playtime":375,"items_purged":["Regret"],"score":43,"play_id":"ee000e0e-f06a-431c-b135-682817a9cb2b","local_time":"20210204140016","is_ascension_mode":false,"campfire_choices":[],"circlet_count":0,"master_deck":["Strike_B","Strike_B","Defend_B","Defend_B","Defend_B","Defend_B","Zap","Dualcast","ReplayTheSpireMod:Repulse","Machine Learning","Sweeping Beam","Beam Cell","conspire:SharedLibrary+1","Sweeping Beam","ReplayTheSpireMod:Calculation Training"],"relics":["Cracked Core"],"acts_visited":["Exordium"],"potions_floor_usage":[7],"damage_taken":[{"damage":15,"enemies":"2 Louse","floor":1,"turns":3},{"damage":11,"enemies":"Cultist","floor":2,"turns":4},{"damage":6,"enemies":"Jaw Worm","floor":4,"turns":3},{"damage":12,"enemies":"Looter","floor":6,"turns":4},{"damage":32,"enemies":"3 Sentries","floor":7,"turns":4}],"seed_played":"8363228041051474962","potions_obtained":[{"floor":4,"key":"Languid Potion"},{"floor":6,"key":"Elixir"}],"is_trial":false,"path_per_floor":["M","M","$","M","?","M","E"],"character_chosen":"DEFECT","items_purchased":["conspire:SharedLibrary+1"],"campfire_rested":0,"item_purchase_floors":[3],"current_hp_per_floor":[60,49,49,43,43,31,0,0],"gold":126,"neow_bonus":"TRANSFORM_TWO_CARDS","is_daily":false,"chose_seed":false,"campfire_upgraded":0,"win_rate":0.0,"timestamp":1612418416,"path_taken":["M","M","$","M","?","?","E"],"items_purchased_type":["Card"],"build_version":"2020-12-22","purchased_purges":1,"victory":false,"max_hp_per_floor":[75,75,75,75,75,75,75,75],"card_choices":[{"not_picked":["Barrage","Cold Snap"],"picked":"Sweeping Beam","floor":1},{"not_picked":["Reprogram","Compile Driver"],"picked":"Beam Cell","floor":2},{"not_picked":["BasicCrystalCard","Cold Snap"],"picked":"Sweeping Beam","floor":4},{"not_picked":["Glacier","ReplayTheSpireMod:Dual Polarity"],"picked":"ReplayTheSpireMod:Calculation Training","floor":6}],"player_experience":127305,"relics_obtained":[],"event_choices":[{"damage_healed":0,"gold_gain":100,"player_choice":"Gold","damage_taken":0,"max_hp_gain":0,"max_hp_loss":0,"event_name":"Wheel of Change","floor":5,"gold_loss":0}],"is_beta":false,"boss_relics":[],"items_purged_floors":[3],"is_endless":false,"potions_floor_spawned":[4,6],"killed_by":"3 Sentries","ascension_level":0}}