{"host":"ordk2y2ebcetabk6","time":1612418317,"event":{"mods":["AlwaysNeverKeys","BaseMod","Better Debug","Colored Map","Colored Powertips","Dark Map","Highlight Path","Minty Spire (QoL Compilation)","Morshu Shopkeeper","Permanent Neow","Rare Cards Sparkle","Spire Arcade","StSLib","The Adventurer"],"gold_per_floor":[114,131,306,306,306,306,319,104,104,104,115,15,29,75,75,95,95],"floor_reached":16,"language":"ENG","playtime":527,"items_purged":["adventurer:Defend","Doubt"],"score":90,"play_id":"6d157c5a-a4f8-42be-abf0-382a1dd09ff3","local_time":"20210203225837","is_ascension_mode":false,"campfire_choices":[{"data":"adventurer:JourneyBegins","floor":6.0,"key":"SMITH"},{"data":"adventurer:RingTheBell","floor":10,"key":"SMITH"},{"data":"adventurer:RingTheBell","floor":15,"key":"SMITH"}],"circlet_count":0,"master_deck":["adventurer:Strike+1","adventurer:Strike","adventurer:Strike","adventurer:Strike+1","adventurer:Defend","adventurer:Defend","adventurer:Defend","adventurer:FlurryFire","adventurer:JourneyBegins+1","adventurer:SuperbShield+1","adventurer:SuperbShield","adventurer:RingTheBell+1","adventurer:RingTheBell+1","adventurer:SlayABeast","adventurer:TreasureChest","adventurer:Stockpile+1"],"relics":["adventurer:TodoItem","Whetstone","InkBottle","War Paint"],"acts_visited":["Exordium"],"potions_floor_usage":[16,16],"damage_taken":[{"damage":1.0,"enemies":"Jaw Worm","floor":1.0,"turns":3.0},{"damage":0.0,"enemies":"Small Slimes","floor":2.0,"turns":4.0},{"damage":0,"enemies":"Cultist","floor":7,"turns":3},{"damage":1,"enemies":"Exordium Thugs","floor":11,"turns":3},{"damage":1,"enemies":"3 Louse","floor":13,"turns":3},{"damage":81,"enemies":"Hexaghost","floor":16,"turns":16}],"seed_played":"-6200987299754623522","potions_obtained":[{"floor":1.0,"key":"BlessingOfTheForge"},{"floor":13,"key":"ColorlessPotion"}],"is_trial":false,"path_per_floor":["M","M","?","?","?","R","M","$","T","R","M","$","M","T","R","B"],"character_chosen":"THE_ADVENTURER","items_purchased":["adventurer:RingTheBell","adventurer:SlayABeast"],"campfire_rested":0,"item_purchase_floors":[8,8],"current_hp_per_floor":[79,79,79,79,79,79,79,79,79,79,78,78,77,77,77,0,0],"gold":95,"neow_bonus":"RANDOM_COMMON_RELIC","is_daily":false,"chose_seed":false,"campfire_upgraded":3,"win_rate":0.0,"timestamp":1612418317,"path_taken":["M","M","?","?","?","R","?","?","T","R","M","$","M","?","R","BOSS"],"items_purchased_type":["Card","Card"],"build_version":"2020-12-22","purchased_purges":2,"victory":false,"max_hp_per_floor":[80,80,80,80,80,80,80,80,80,80,80,80,80,80,80,80,80],"card_choices":[{"not_picked":["adventurer:SlayABeast","adventurer:CardboardBullets"],"picked":"adventurer:SuperbShield","floor":1.0},{"not_picked":["adventurer:CardboardBullets","adventurer:Scary"],"picked":"adventurer:SuperbShield","floor":2.0},{"not_picked":["adventurer:Reprint","adventurer:MinMaxing"],"picked":"adventurer:RingTheBell","floor":7},{"not_picked":["adventurer:DungeonEntrance","adventurer:CardboardBullets"],"picked":"adventurer:TreasureChest","floor":11},{"not_picked":["adventurer:Hexashot","adventurer:FutureProofing"],"picked":"adventurer:Stockpile","floor":13}],"player_experience":933913,"relics_obtained":[{"floor":9,"key":"InkBottle"},{"floor":14,"key":"War Paint"}],"event_choices":[{"damage_healed":0.0,"max_hp_gain":0.0,"max_hp_loss":0.0,"gold_gain":175.0,"event_name":"Liars Game","player_choice":"AGREE","floor":3.0,"gold_loss":0.0,"damage_taken":0.0,"cards_obtained":["Doubt"]},{"damage_healed":0.0,"max_hp_gain":0.0,"max_hp_loss":0.0,"gold_gain":0.0,"event_name":"NoteForYourself","player_choice":"Ignored","floor":5.0,"gold_loss":0.0,"damage_taken":0.0}],"is_beta":false,"boss_relics":[],"items_purged_floors":[8,12],"is_endless":false,"potions_floor_spawned":[1,13],"killed_by":"Hexaghost","ascension_level":0}}