{"host":"uc8wz0q199a7d901","time":1612406513,"event":{"mods":["2.2 Compatiblity","BaseMod","Colored Map","DeckTracker","Highlight Path","Minty Spire (QoL Compilation)","Permanent Neow","Quick Restart","SuperFastMode"],"gold_per_floor":[113,126,137,157,174,174,191,191,191,191,191,191,191,235,235,324,324,324,349,21,71,94,94,94],"floor_reached":23,"language":"KOR","playtime":413,"items_purged":["Strike_B"],"score":386,"play_id":"caf39da8-d45b-470b-ad97-4c86ecd107e4","local_time":"20210204114153","is_ascension_mode":true,"campfire_choices":[{"floor":8.0,"key":"REST"},{"data":"Loop","floor":11.0,"key":"SMITH"},{"floor":13.0,"key":"REST"},{"data":"Lockon","floor":15.0,"key":"SMITH"}],"circlet_count":0,"master_deck":["AscendersBane","Strike_B","Strike_B","Defend_B","Defend_B+1","Defend_B+1","Zap","Dualcast","Lockon+1","Gash","Glacier","Sweeping Beam","Cold Snap","Cold Snap","Loop+1","Doom and Gloom","Genetic Algorithm","Buffer","Hologram","Conserve Battery","Discovery"],"relics":["Cracked Core","War Paint","Golden Idol","Tiny Chest","Cursed Key","Membership Card"],"acts_visited":["Exordium","TheCity"],"potions_floor_usage":[],"damage_taken":[{"damage":2.0,"enemies":"Jaw Worm","floor":1.0,"turns":2.0},{"damage":5.0,"enemies":"2 Louse","floor":2.0,"turns":3.0},{"damage":0.0,"enemies":"Small Slimes","floor":3.0,"turns":3.0},{"damage":11.0,"enemies":"Blue Slaver","floor":4.0,"turns":3.0},{"damage":0.0,"enemies":"3 Louse","floor":5.0,"turns":1.0},{"damage":21.0,"enemies":"Gremlin Gang","floor":7.0,"turns":4.0},{"damage":22.0,"enemies":"Gremlin Nob","floor":14.0,"turns":4.0},{"damage":23.0,"enemies":"Hexaghost","floor":16.0,"turns":9.0},{"damage":0.0,"enemies":"3 Byrds","floor":18.0,"turns":1.0},{"damage":9.0,"enemies":"Spheric Guardian","floor":19.0,"turns":7.0},{"damage":0.0,"enemies":"Snecko","floor":22.0,"turns":4.0},{"damage":0,"enemies":"Gremlin Leader","floor":23,"turns":1}],"seed_played":"4795394891389797302","potions_obtained":[{"floor":1.0,"key":"BlessingOfTheForge"},{"floor":4.0,"key":"EntropicBrew"},{"floor":7.0,"key":"GamblersBrew"},{"floor":14.0,"key":"SmokeBomb"}],"is_trial":false,"path_per_floor":["M","M","M","M","M","?","M","R","T","?","R","?","R","E","R","B",null,"M","M","$","?","M","E"],"character_chosen":"DEFECT","items_purchased":["Membership Card","Conserve Battery","Discovery","Fruit Juice"],"campfire_rested":2,"item_purchase_floors":[20,20,20,20],"current_hp_per_floor":[44,39,39,28,28,28,7,28,28,33,33,33,53,31,31,8,54,54,45,50,50,50,50,50],"gold":94,"neow_bonus":"TRANSFORM_TWO_CARDS","is_daily":false,"chose_seed":false,"campfire_upgraded":2,"win_rate":0.0,"timestamp":1612406513,"path_taken":["M","M","M","M","M","?","M","R","T","?","R","?","R","E","R","BOSS","M","M","$","?","M","E"],"items_purchased_type":["Relic","Card","Card","Potion"],"build_version":"2020-12-22","purchased_purges":1,"victory":false,"max_hp_per_floor":[71,71,71,71,71,71,71,71,71,76,76,69,69,69,69,69,69,69,69,74,74,74,74,74],"card_choices":[{"not_picked":["White Noise","FTL"],"picked":"Glacier","floor":1.0},{"not_picked":["Turbo","Steam"],"picked":"Sweeping Beam","floor":2.0},{"not_picked":["Skim","Fusion"],"picked":"Cold Snap","floor":3.0},{"not_picked":["Go for the Eyes","Doom and Gloom"],"picked":"Cold Snap","floor":4.0},{"not_picked":["Coolheaded","Turbo"],"picked":"Loop","floor":5.0},{"not_picked":["Static Discharge","Force Field"],"picked":"Doom and Gloom","floor":7.0},{"not_picked":["Force Field","Hologram"],"picked":"Genetic Algorithm","floor":14.0},{"not_picked":["Fission","Rainbow"],"picked":"Buffer","floor":16.0},{"not_picked":["Steam","Scrape"],"picked":"Hologram","floor":19.0},{"not_picked":["Storm","Go for the Eyes","Barrage"],"picked":"SKIP","floor":22.0}],"player_experience":721906,"relics_obtained":[{"floor":9.0,"key":"War Paint"},{"floor":14.0,"key":"Tiny Chest"}],"event_choices":[{"damage_healed":0.0,"max_hp_gain":0.0,"max_hp_loss":0.0,"gold_gain":0.0,"event_name":"Liars Game","player_choice":"Ignored","floor":6.0,"gold_loss":0.0,"damage_taken":0.0},{"damage_healed":0.0,"max_hp_gain":5.0,"max_hp_loss":0.0,"gold_gain":0.0,"event_name":"Big Fish","player_choice":"Donut","floor":10.0,"gold_loss":0.0,"damage_taken":0.0},{"damage_healed":0.0,"max_hp_gain":0.0,"max_hp_loss":7.0,"gold_gain":0.0,"event_name":"Golden Idol","player_choice":"Lose Max HP","floor":12.0,"gold_loss":0.0,"damage_taken":0.0,"relics_obtained":["Golden Idol"]},{"damage_healed":0.0,"max_hp_gain":0.0,"max_hp_loss":0.0,"gold_gain":50.0,"event_name":"Nest","player_choice":"Stole From Cult","floor":21.0,"gold_loss":0.0,"damage_taken":0.0}],"is_beta":false,"boss_relics":[{"not_picked":["Calling Bell","Snecko Eye"],"picked":"Cursed Key"}],"items_purged_floors":[20],"is_endless":false,"potions_floor_spawned":[1,4,7,14,18],"killed_by":"Gremlin Leader","ascension_level":20}}