{"host":"19r1ww88x2tc73i0","time":1612461384,"event":{"mods":["BaseMod","BetterRewards","Colored Map","Minty Spire (QoL Compilation)","Relic Stats","StSLib","SuperFastMode","slay the spire mod where everything is the same but ironclad has a cowboy hat"],"gold_per_floor":[110,125,145,36,36,36,63,63,113,131,160,160,5,5,5,101,101,121,140,151,165,165,165,191,191,217,251,351,362,381,127,127,227,227,238,252,252,252,302,302,333,353,430,430,482,507,519,76,76,76,76,76,4,39,39],"floor_reached":56,"language":"ENG","playtime":2299,"items_purged":["Strike_P","Strike_P+1"],"score":2645,"play_id":"e3ffc25f-06a4-42d3-9226-e11b514a2fd8","local_time":"25640205005624","is_ascension_mode":true,"campfire_choices":[{"data":"Fasting2","floor":6,"key":"SMITH"},{"data":"Eruption","floor":8,"key":"SMITH"},{"data":"1","floor":15,"key":"LIFT"},{"data":"2","floor":23,"key":"LIFT"},{"data":"3","floor":25,"key":"LIFT"},{"data":"Prostrate","floor":32,"key":"SMITH"},{"floor":40,"key":"REST"},{"floor":49,"key":"RECALL"},{"data":"Strike_P+1","floor":52,"key":"PURGE"}],"circlet_count":0,"master_deck":["AscendersBane","Defend_P+1","Defend_P","Defend_P+1","Eruption+1","Vigilance+1","Fasting2+1","Consecrate+1","Conclude","Wallop+1","CrushJoints+1","FlurryOfBlows","LessonLearned+1","JustLucky+1","Prostrate+1","Prostrate+1","Prostrate+1","FlyingSleeves+1","Sanctity","CutThroughFate+1","Prostrate+1","Brilliance","ThirdEye","FlyingSleeves","Jack Of All Trades","Prostrate","Pray+1","Evaluate+1","TalkToTheHand+1","BattleHymn","DevaForm","WheelKick+1"],"relics":["PureWater","TeardropLocket","Anchor","Torii","Sling","Pen Nib","Bottled Tornado","TungstenRod","Oddly Smooth Stone","Mummified Hand","Girya","Medical Kit","Sozu","Whetstone","Bag of Marbles","Omamori","Du-Vu Doll","Matryoshka","DollysMirror","Fusion Hammer","Lizard Tail","Gremlin Horn","Molten Egg 2","Potion Belt","Prayer Wheel","Peace Pipe","Incense Burner","Centennial Puzzle"],"acts_visited":["Exordium","TheCity","TheBeyond","TheEnding"],"potions_floor_usage":[16,55],"damage_taken":[{"damage":0,"enemies":"2 Louse","floor":1,"turns":3},{"damage":0,"enemies":"Jaw Worm","floor":2,"turns":3},{"damage":0,"enemies":"Small Slimes","floor":3,"turns":1},{"damage":0,"enemies":"Lagavulin","floor":7,"turns":3},{"damage":0,"enemies":"Blue Slaver","floor":10,"turns":2},{"damage":0,"enemies":"Gremlin Nob","floor":11,"turns":2},{"damage":0,"enemies":"Hexaghost","floor":16,"turns":4},{"damage":0,"enemies":"Chosen","floor":18,"turns":2},{"damage":0,"enemies":"2 Thieves","floor":19,"turns":3},{"damage":0,"enemies":"Cultist and Chosen","floor":20,"turns":2},{"damage":0,"enemies":"Snake Plant","floor":21,"turns":4},{"damage":0,"enemies":"Gremlin Leader","floor":24,"turns":4},{"damage":0,"enemies":"Slavers","floor":27,"turns":4},{"damage":0,"enemies":"Colosseum Slavers","floor":28,"turns":2},{"damage":0,"enemies":"Colosseum Nobs","floor":28,"turns":3},{"damage":0,"enemies":"Centurion and Healer","floor":29,"turns":2},{"damage":0,"enemies":"3 Cultists","floor":30,"turns":2},{"damage":13,"enemies":"Collector","floor":33,"turns":6},{"damage":0,"enemies":"Orb Walker","floor":35,"turns":2},{"damage":10,"enemies":"3 Shapes","floor":36,"turns":3},{"damage":0,"enemies":"Mind Bloom Boss Battle","floor":39,"turns":2},{"damage":0,"enemies":"Giant Head","floor":41,"turns":4},{"damage":0,"enemies":"Transient","floor":42,"turns":5},{"damage":0,"enemies":"2 Orb Walkers","floor":45,"turns":1},{"damage":0,"enemies":"Reptomancer","floor":46,"turns":2},{"damage":0,"enemies":"Writhing Mass","floor":47,"turns":7},{"damage":27,"enemies":"Donu and Deca","floor":50,"turns":8},{"damage":28,"enemies":"Shield and Spear","floor":54,"turns":4},{"damage":52,"enemies":"The Heart","floor":55,"turns":9}],"seed_played":"7781450911726250710","potions_obtained":[{"floor":3,"key":"StancePotion"},{"floor":11,"key":"Weak Potion"},{"floor":16,"key":"ColorlessPotion"}],"is_trial":false,"path_per_floor":["M","M","M","$","?","R","E","R","T","M","E","?","$","?","R","B",null,"M","M","M","M","?","R","E","R","T","E","?","M","M","$","R","B",null,"M","M","?","?","?","R","E","M","T","?","?","E","M","$","R","B",null,"R","$","E","B",null],"character_chosen":"WATCHER","items_purchased":["TeardropLocket","Fasting2","Anchor","Torii","Sling","Pen Nib","Bottled Tornado","Wallop","Medical Kit","DollysMirror","Incense Burner","DevaForm","WheelKick+1"],"campfire_rested":1,"item_purchase_floors":[0,0,0,0,0,0,0,4,13,31,48,48,53],"current_hp_per_floor":[65,65,65,65,65,65,65,65,65,65,65,30,30,24,24,24,60,60,60,60,60,48,48,48,48,48,48,48,48,48,48,48,35,67,67,57,57,53,53,76,76,76,76,76,76,76,76,76,76,49,70,70,70,42,36],"gold":39,"neow_bonus":"","is_daily":false,"chose_seed":false,"campfire_upgraded":3,"win_rate":0.0,"timestamp":1612461384,"path_taken":["M","M","M","$","?","R","E","R","T","M","E","?","?","?","R","BOSS","M","M","M","M","?","R","E","R","T","E","?","M","M","$","R","BOSS","M","M","?","?","?","R","E","M","T","?","?","E","M","?","R","BOSS","R","$","E","BOSS"],"items_purchased_type":["Relic","Card","Relic","Relic","Relic","Relic","Relic","Card","Relic","Relic","Relic","Card","Card"],"build_version":"2020-12-22","purchased_purges":2,"victory":true,"max_hp_per_floor":[72,72,72,72,72,72,72,72,72,72,72,72,72,72,72,72,72,72,72,72,72,77,77,77,77,77,77,77,77,77,77,77,77,77,77,77,77,77,77,77,77,77,77,77,77,77,77,77,77,77,77,77,77,77,77],"relic_stats":{"Torii":43,"Gremlin Horn":[5,5],"counters":[95,363],"Pen Nib":[20],"Whetstone":["Strike_P","Consecrate"],"Medical Kit":[2],"Sozu":10,"Peace Pipe":3,"Lizard Tail":38,"Centennial Puzzle":[3],"Mummified Hand":[57],"Prayer Wheel":1,"obtain_stats":[{"Ice Cream":0,"Gremlin Horn":41,"Vajra":54,"Whetstone":24,"Bottled Tornado":0,"Sling":0,"Sozu":17,"Lizard Tail":39,"Centennial Puzzle":54,"DollysMirror":53,"Prayer Wheel":45,"Fusion Hammer":17,"HandDrill":45,"Kunai":8,"Toxic Egg 2":9,"Girya":0,"Blue Candle":54,"Oddly Smooth Stone":7,"Pen Nib":0,"War Paint":26,"Question Card":12,"WarpedTongs":11,"Du-Vu Doll":28,"Bottled Flame":26,"Bronze Scales":53,"Molten Egg 2":42,"Regal Pillow":6,"Torii":0,"SacredBark":17,"Mango":53,"StoneCalendar":5,"Incense Burner":37,"CloakClasp":47,"TeardropLocket":0,"Smiling Mask":9,"Ancient Tea Set":0,"Cursed Key":34,"Dream Catcher":44,"Matryoshka":8,"Shovel":47,"Mummified Hand":26,"Pantograph":25,"Tiny Chest":0,"InkBottle":48,"Runic Pyramid":34,"Potion Belt":2,"Golden Idol":10,"Damaru":23,"Thread and Needle":53,"PreservedInsect":14,"Omamori":27,"GoldenEye":25,"MawBank":41,"Medical Kit":13,"Mercury Hourglass":52,"Peace Pipe":36,"Anchor":22,"Ornamental Fan":9,"Orrery":53,"Bag of Marbles":26,"Membership Card":22,"PureWater":0,"FossilizedHelix":41,"TungstenRod":30},{"Ice Cream":30,"Gremlin Horn":88,"Vajra":65,"Whetstone":78,"Bottled Tornado":66,"Sling":35,"Sozu":73,"Lizard Tail":87,"Centennial Puzzle":94,"DollysMirror":64,"Prayer Wheel":90,"Fusion Hammer":9,"HandDrill":61,"Kunai":39,"Toxic Egg 2":39,"Girya":30,"Blue Candle":29,"Oddly Smooth Stone":70,"Pen Nib":66,"War Paint":16,"Question Card":7,"WarpedTongs":6,"Du-Vu Doll":81,"Bottled Flame":16,"Bronze Scales":64,"Molten Egg 2":23,"Regal Pillow":5,"Torii":66,"SacredBark":44,"Mango":28,"StoneCalendar":33,"Incense Burner":21,"CloakClasp":62,"TeardropLocket":35,"Smiling Mask":6,"Ancient Tea Set":30,"Cursed Key":54,"Dream Catcher":61,"Matryoshka":6,"Shovel":26,"Mummified Hand":49,"Pantograph":49,"Tiny Chest":35,"InkBottle":27,"Runic Pyramid":20,"Potion Belt":36,"Golden Idol":6,"Damaru":47,"Thread and Needle":28,"PreservedInsect":8,"Omamori":17,"GoldenEye":16,"MawBank":59,"Medical Kit":72,"Mercury Hourglass":28,"Peace Pipe":56,"Anchor":46,"Ornamental Fan":6,"Orrery":28,"Bag of Marbles":78,"Membership Card":46,"PureWater":0,"FossilizedHelix":23,"TungstenRod":52},{"Ice Cream":142,"Gremlin Horn":327,"Vajra":259,"Whetstone":297,"Bottled Tornado":264,"Sling":163,"Sozu":282,"Lizard Tail":323,"Centennial Puzzle":354,"DollysMirror":257,"Prayer Wheel":333,"Fusion Hammer":32,"HandDrill":244,"Kunai":177,"Toxic Egg 2":177,"Girya":142,"Blue Candle":139,"Oddly Smooth Stone":274,"Pen Nib":264,"War Paint":68,"Question Card":22,"WarpedTongs":19,"Du-Vu Doll":306,"Bottled Flame":68,"Bronze Scales":257,"Molten Egg 2":106,"Regal Pillow":15,"Torii":264,"SacredBark":194,"Mango":135,"StoneCalendar":156,"Incense Burner":98,"CloakClasp":246,"TeardropLocket":163,"Smiling Mask":19,"Ancient Tea Set":142,"Cursed Key":224,"Dream Catcher":244,"Matryoshka":19,"Shovel":121,"Mummified Hand":208,"Pantograph":208,"Tiny Chest":163,"InkBottle":126,"Runic Pyramid":95,"Potion Belt":166,"Golden Idol":19,"Damaru":202,"Thread and Needle":135,"PreservedInsect":25,"Omamori":73,"GoldenEye":68,"MawBank":237,"Medical Kit":278,"Mercury Hourglass":135,"Peace Pipe":229,"Anchor":201,"Ornamental Fan":19,"Orrery":135,"Bag of Marbles":297,"Membership Card":201,"PureWater":0,"FossilizedHelix":106,"TungstenRod":217}],"TungstenRod":91},"card_choices":[{"not_picked":["Halt","Crescendo"],"picked":"Consecrate","floor":1},{"not_picked":["FlurryOfBlows","PathToVictory"],"picked":"Conclude","floor":2},{"not_picked":["Weave","Consecrate","FlurryOfBlows"],"picked":"SKIP","floor":3},{"not_picked":["FearNoEvil","ClearTheMind","Weave"],"picked":"SKIP","floor":7},{"not_picked":["EmptyBody","Tantrum"],"picked":"CrushJoints","floor":10},{"not_picked":["Adaptation","EmptyMind"],"picked":"FlurryOfBlows","floor":11},{"not_picked":["Establishment","Omniscience"],"picked":"LessonLearned","floor":16},{"not_picked":["EmptyFist","Weave","Consecrate"],"picked":"SKIP","floor":18},{"not_picked":["EmptyFist","CutThroughFate"],"picked":"JustLucky","floor":19},{"not_picked":["ThirdEye","FlurryOfBlows"],"picked":"Prostrate","floor":20},{"not_picked":["FlurryOfBlows+1","Protect"],"picked":"Prostrate","floor":21},{"not_picked":["EmptyBody","BowlingBash"],"picked":"Prostrate","floor":24},{"not_picked":["ClearTheMind","Collect"],"picked":"FlyingSleeves","floor":27},{"not_picked":["Collect","Brilliance"],"picked":"Sanctity","floor":28},{"not_picked":["Wireheading","LikeWater"],"picked":"CutThroughFate+1","floor":29},{"not_picked":["Indignation+1","FearNoEvil","Nirvana"],"picked":"SKIP","floor":30},{"not_picked":["Establishment","Ragnarok"],"picked":"Brilliance","floor":33},{"not_picked":["CutThroughFate","FlurryOfBlows"],"picked":"ThirdEye","floor":35},{"not_picked":["Nirvana","Meditate"],"picked":"FlyingSleeves","floor":36},{"not_picked":["Secret Technique","HandOfGreed"],"picked":"Jack Of All Trades","floor":38},{"not_picked":["ThirdEye","EmptyBody"],"picked":"Prostrate","floor":39},{"not_picked":["Prostrate","Fasting2"],"picked":"Pray+1","floor":41},{"not_picked":["Crescendo+1","CutThroughFate"],"picked":"Evaluate","floor":42},{"not_picked":["Halt","WaveOfTheHand+1"],"picked":"TalkToTheHand+1","floor":45},{"not_picked":["FollowUp+1","WreathOfFlame","Protect"],"picked":"SKIP","floor":46},{"not_picked":["EmptyMind+1","Protect"],"picked":"BattleHymn","floor":47},{"not_picked":["EmptyFist+1","PathToVictory","Wireheading"],"picked":"SKIP","floor":47},{"not_picked":["Halt","FearNoEvil+1","FollowUp+1"],"picked":"SKIP","floor":54}],"player_experience":1007077,"relics_obtained":[{"floor":7,"key":"Oddly Smooth Stone"},{"floor":11,"key":"Mummified Hand"},{"floor":24,"key":"Whetstone"},{"floor":26,"key":"Bag of Marbles"},{"floor":27,"key":"Omamori"},{"floor":28,"key":"Du-Vu Doll"},{"floor":28,"key":"Matryoshka"},{"floor":39,"key":"Lizard Tail"},{"floor":41,"key":"Gremlin Horn"},{"floor":43,"key":"Molten Egg 2"},{"floor":43,"key":"Potion Belt"},{"floor":45,"key":"Prayer Wheel"},{"floor":46,"key":"Peace Pipe"},{"floor":54,"key":"Centennial Puzzle"}],"event_choices":[{"damage_healed":0,"gold_gain":0,"player_choice":"Leave","damage_taken":0,"max_hp_gain":0,"max_hp_loss":0,"event_name":"The Cleric","floor":5,"gold_loss":0},{"damage_healed":0,"gold_gain":0,"player_choice":"Success","damage_taken":42,"relics_obtained":["Girya"],"max_hp_gain":0,"max_hp_loss":0,"event_name":"Scrap Ooze","floor":12,"gold_loss":0},{"cards_removed":["Strike_P"],"damage_healed":0,"gold_gain":0,"player_choice":"Card Removal","damage_taken":7,"max_hp_gain":0,"max_hp_loss":0,"event_name":"Golden Wing","floor":14,"gold_loss":0},{"damage_healed":0,"gold_gain":0,"player_choice":"Shed Blood","damage_taken":18,"max_hp_gain":5,"max_hp_loss":0,"event_name":"Forgotten Altar","floor":22,"gold_loss":0},{"damage_healed":0,"gold_gain":0,"player_choice":"Fight","damage_taken":0,"max_hp_gain":0,"max_hp_loss":0,"event_name":"Colosseum","floor":28,"gold_loss":0},{"damage_healed":0,"gold_gain":0,"player_choice":"Fought Nobs","damage_taken":0,"max_hp_gain":0,"max_hp_loss":0,"event_name":"Colosseum","floor":28,"gold_loss":0},{"damage_healed":0,"gold_gain":0,"player_choice":"Ignored","damage_taken":0,"max_hp_gain":0,"max_hp_loss":0,"event_name":"Tomb of Lord Red Mask","floor":37,"gold_loss":0},{"damage_healed":0,"gold_gain":0,"player_choice":"Memory 2","damage_taken":5,"max_hp_gain":0,"max_hp_loss":0,"event_name":"SensoryStone","floor":38,"gold_loss":0},{"damage_healed":0,"gold_gain":0,"player_choice":"Fight","damage_taken":0,"max_hp_gain":0,"max_hp_loss":0,"event_name":"MindBloom","floor":39,"gold_loss":0},{"cards_removed":["Defend_P"],"damage_healed":0,"gold_gain":0,"player_choice":"Removed Skill","damage_taken":0,"max_hp_gain":0,"max_hp_loss":0,"event_name":"Falling","floor":44,"gold_loss":0},{"damage_healed":0,"gold_gain":0,"player_choice":"Fight","damage_taken":0,"max_hp_gain":0,"max_hp_loss":0,"event_name":"Mysterious Sphere","floor":45,"gold_loss":0}],"is_beta":false,"boss_relics":[{"not_picked":["Velvet Choker","Astrolabe"],"picked":"Sozu"},{"not_picked":["SlaversCollar","Black Star"],"picked":"Fusion Hammer"}],"items_purged_floors":[4,31],"is_endless":false,"potions_floor_spawned":[3,11,16,20,21,24,28,29,30,41,42,45,54],"ascension_level":12}}