{"host":"fuszjwm6fqgjjp4d","time":1612468475,"event":{"mods":["BaseMod","Bestiary","Colored Map","Minty Spire (QoL Compilation)","Permanent Neow","Relic Sorter","Relic Stats","StSLib"],"gold_per_floor":[111,111,131,131,144,144,177,177,177,177,210,253,253,20,20,116,116,132,75,100,32,45,45,83,98,124,138,177,190,190,205,205,296,296,309,52,133,183,232,232,232,232,232,232,291,191,191,191,191,191],"floor_reached":49,"language":"ENG","playtime":2021,"items_purged":["Strike_P","Normality"],"score":1443,"play_id":"502707e5-ba55-49b4-9bce-3c6a844ca18e","local_time":"20210204135435","is_ascension_mode":true,"campfire_choices":[{"data":"Conclude","floor":6,"key":"SMITH"},{"data":"Eruption","floor":8,"key":"SMITH"},{"data":"SashWhip","floor":10,"key":"SMITH"},{"data":"SpiritShield","floor":15,"key":"SMITH"},{"data":"Fasting2","floor":23,"key":"SMITH"},{"data":"BattleHymn","floor":30,"key":"SMITH"},{"data":"EmptyFist","floor":32,"key":"SMITH"},{"floor":40,"key":"REST"},{"floor":44,"key":"REST"}],"circlet_count":0,"master_deck":["AscendersBane","Strike_P","Strike_P","Strike_P","Defend_P","Defend_P","Defend_P+1","Defend_P+1","Eruption+1","Vigilance","TalkToTheHand+1","Conclude+1","SashWhip+1","FollowUp","SpiritShield+1","DeusExMachina","Fasting2+1","EmptyFist+1","FlurryOfBlows","BattleHymn+1","FlurryOfBlows","EmptyBody","Wish","Brilliance","Omniscience","Flash of Steel","Doubt"],"relics":["PureWater","Strawberry","Golden Idol","Ornamental Fan","Sundial","Odd Mushroom","Unceasing Top","InkBottle","Cursed Key","Pantograph","HornCleat","War Paint","CloakClasp","Fusion Hammer","Lantern","WingedGreaves","Eternal Feather","CeramicFish"],"acts_visited":["Exordium","TheCity","TheBeyond"],"potions_floor_usage":[22,24,37,39],"damage_taken":[{"damage":0,"enemies":"Jaw Worm","floor":1,"turns":3},{"damage":3,"enemies":"Small Slimes","floor":3,"turns":4},{"damage":0,"enemies":"Cultist","floor":5,"turns":3},{"damage":12,"enemies":"Lagavulin","floor":7,"turns":7},{"damage":0,"enemies":"The Mushroom Lair","floor":11,"turns":1},{"damage":21,"enemies":"3 Sentries","floor":12,"turns":3},{"damage":11,"enemies":"Hexaghost","floor":16,"turns":9},{"damage":0,"enemies":"Chosen","floor":18,"turns":3},{"damage":5,"enemies":"Shell Parasite","floor":20,"turns":4},{"damage":2,"enemies":"Snecko","floor":22,"turns":5},{"damage":12,"enemies":"Slavers","floor":24,"turns":6},{"damage":17,"enemies":"Shelled Parasite and Fungi","floor":25,"turns":5},{"damage":0,"enemies":"Centurion and Healer","floor":27,"turns":4},{"damage":0,"enemies":"Book of Stabbing","floor":28,"turns":4},{"damage":4,"enemies":"Sentry and Sphere","floor":29,"turns":6},{"damage":0,"enemies":"Cultist and Chosen","floor":31,"turns":6},{"damage":16,"enemies":"Collector","floor":33,"turns":11},{"damage":0,"enemies":"3 Darklings","floor":35,"turns":5},{"damage":54,"enemies":"2 Orb Walkers","floor":37,"turns":6},{"damage":0,"enemies":"Orb Walker","floor":39,"turns":3},{"damage":0,"enemies":"Nemesis","floor":45,"turns":7},{"damage":59,"enemies":"Donu and Deca","floor":48,"turns":9},{"damage":44,"enemies":"Time Eater","floor":49,"turns":6}],"seed_played":"-3946483862313005972","potions_obtained":[{"floor":5,"key":"Ancient Potion"},{"floor":16,"key":"BottledMiracle"},{"floor":22,"key":"Energy Potion"},{"floor":25,"key":"BottledMiracle"},{"floor":28,"key":"DuplicationPotion"},{"floor":31,"key":"Ambrosia"},{"floor":45,"key":"Fire Potion"}],"is_trial":false,"path_per_floor":["M","?","M","?","M","R","E","R","T","R","?","E","T","$","R","B",null,"M","$","M","?","M","R","E","M","T","M","E","M","R","M","R","B",null,"M","$","?","?","M","R","?","?","T","R","E","$","?","B","B"],"character_chosen":"WATCHER","items_purchased":["SpiritShield","EmptyFist","Lantern","Brilliance"],"campfire_rested":2,"item_purchase_floors":[14,19,36,36],"current_hp_per_floor":[68,68,65,65,65,65,53,53,53,53,53,32,32,32,32,21,56,56,56,51,51,49,49,37,20,20,20,20,16,16,16,16,25,57,57,57,3,3,3,23,23,23,23,58,58,58,58,9,0,0],"gold":191,"neow_bonus":"RANDOM_COMMON_RELIC","is_daily":false,"chose_seed":false,"campfire_upgraded":7,"win_rate":0.0,"timestamp":1612468475,"path_taken":["M","?","M","?","?","R","E","R","T","R","?","E","?","$","R","BOSS","M","?","M","?","?","R","E","M","T","?","E","M","R","M","R","BOSS","M","$","?","?","?","R","?","?","T","R","E","$","?","BOSS","BOSS"],"items_purchased_type":["Card","Card","Relic","Card"],"build_version":"2020-12-22","purchased_purges":2,"victory":false,"max_hp_per_floor":[75,68,68,68,68,68,68,68,68,68,68,68,68,68,68,68,68,68,68,68,68,68,68,68,68,68,68,68,68,68,68,68,68,68,68,68,68,68,68,68,68,68,68,68,68,68,68,68,68,68],"relic_stats":{"counters":[23,120],"Golden Idol":151,"CeramicFish":0,"Eternal Feather":15,"CloakClasp":[207],"War Paint":["Defend_P","Defend_P"],"Cursed Key":2,"Ornamental Fan":[248],"Sundial":[12],"Pantograph":60,"obtain_stats":[{"Lantern":36,"Golden Idol":2,"CeramicFish":45,"Eternal Feather":43,"CloakClasp":28,"Odd Mushroom":11,"War Paint":26,"Cursed Key":17,"HornCleat":24,"Ornamental Fan":7,"Sundial":9,"Strawberry":0,"Pantograph":21,"Fusion Hammer":34,"WingedGreaves":37,"PureWater":0,"Unceasing Top":12,"InkBottle":13},{"Lantern":18,"Golden Idol":1,"CeramicFish":21,"Eternal Feather":20,"CloakClasp":14,"Odd Mushroom":5,"War Paint":12,"Cursed Key":7,"HornCleat":11,"Ornamental Fan":4,"Sundial":4,"Strawberry":0,"Pantograph":9,"Fusion Hammer":17,"WingedGreaves":19,"PureWater":0,"Unceasing Top":6,"InkBottle":6},{"Lantern":89,"Golden Idol":3,"CeramicFish":105,"Eternal Feather":98,"CloakClasp":61,"Odd Mushroom":18,"War Paint":53,"Cursed Key":30,"HornCleat":48,"Ornamental Fan":17,"Sundial":17,"Strawberry":0,"Pantograph":37,"Fusion Hammer":84,"WingedGreaves":95,"PureWater":0,"Unceasing Top":21,"InkBottle":21}],"Unceasing Top":[1],"InkBottle":[39]},"card_choices":[{"not_picked":["CutThroughFate","Crescendo"],"picked":"TalkToTheHand","floor":1},{"not_picked":["FlurryOfBlows","CutThroughFate"],"picked":"Conclude","floor":3},{"not_picked":["Protect","SashWhip","ClearTheMind"],"picked":"SKIP","floor":5},{"not_picked":["Protect","ClearTheMind"],"picked":"SashWhip","floor":5},{"not_picked":["Prostrate","Pray","Fasting2"],"picked":"SKIP","floor":7},{"not_picked":["Protect","JustLucky"],"picked":"FollowUp","floor":11},{"not_picked":["FlyingSleeves","Crescendo","Swivel"],"picked":"SKIP","floor":12},{"not_picked":["Devotion","DevaForm"],"picked":"DeusExMachina","floor":16},{"not_picked":["Crescendo","SashWhip"],"picked":"Fasting2","floor":18},{"not_picked":["Indignation","EmptyFist","Weave"],"picked":"SKIP","floor":20},{"not_picked":["MentalFortress","SandsOfTime","Protect"],"picked":"SKIP","floor":22},{"not_picked":["SashWhip","Study","FlyingSleeves"],"picked":"SKIP","floor":24},{"not_picked":["Protect","EmptyFist"],"picked":"FlurryOfBlows","floor":25},{"not_picked":["ThirdEye","MentalFortress"],"picked":"BattleHymn","floor":27},{"not_picked":["Vengeance","EmptyMind"],"picked":"FlurryOfBlows","floor":28},{"not_picked":["FlyingSleeves","BattleHymn"],"picked":"EmptyBody","floor":29},{"not_picked":["FollowUp","Evaluate","FlurryOfBlows"],"picked":"SKIP","floor":31},{"not_picked":["Judgement","Vault"],"picked":"Wish","floor":33},{"not_picked":["EmptyBody","Halt","FollowUp"],"picked":"SKIP","floor":35},{"not_picked":["Pray","FollowUp"],"picked":"Omniscience","floor":39},{"not_picked":["Blind","Secret Technique"],"picked":"Flash of Steel","floor":41},{"not_picked":["PathToVictory","Protect+1","Judgement"],"picked":"SKIP","floor":45}],"player_experience":1440455,"relics_obtained":[{"floor":7,"key":"Ornamental Fan"},{"floor":9,"key":"Sundial"},{"floor":11,"key":"Odd Mushroom"},{"floor":12,"key":"Unceasing Top"},{"floor":13,"key":"InkBottle"},{"floor":24,"key":"HornCleat"},{"floor":26,"key":"War Paint"},{"floor":28,"key":"CloakClasp"},{"floor":37,"key":"WingedGreaves"},{"floor":43,"key":"Eternal Feather"},{"floor":45,"key":"CeramicFish"}],"event_choices":[{"damage_healed":0,"gold_gain":0,"player_choice":"Lose Max HP","damage_taken":0,"relics_obtained":["Golden Idol"],"max_hp_gain":0,"max_hp_loss":7,"event_name":"Golden Idol","floor":2,"gold_loss":0},{"damage_healed":0,"gold_gain":0,"player_choice":"Grow","damage_taken":0,"max_hp_gain":0,"max_hp_loss":0,"event_name":"Living Wall","floor":4,"gold_loss":0,"cards_upgraded":["TalkToTheHand"]},{"damage_healed":0,"gold_gain":0,"player_choice":"Fought Mushrooms","damage_taken":0,"max_hp_gain":0,"max_hp_loss":0,"event_name":"Mushrooms","floor":11,"gold_loss":0},{"damage_healed":0,"gold_gain":0,"player_choice":"Paid Gold","damage_taken":0,"relics_obtained":["Pantograph"],"max_hp_gain":0,"max_hp_loss":0,"event_name":"WeMeetAgain","floor":21,"gold_loss":68},{"damage_healed":0,"gold_gain":0,"player_choice":"Fight","damage_taken":0,"max_hp_gain":0,"max_hp_loss":0,"event_name":"Mysterious Sphere","floor":37,"gold_loss":0},{"damage_healed":0,"gold_gain":50,"player_choice":"Pray","damage_taken":0,"max_hp_gain":0,"max_hp_loss":0,"event_name":"Golden Shrine","floor":38,"gold_loss":0},{"damage_healed":0,"gold_gain":0,"player_choice":"Memory 1","damage_taken":0,"max_hp_gain":0,"max_hp_loss":0,"event_name":"SensoryStone","floor":41,"gold_loss":0},{"damage_healed":0,"gold_gain":0,"player_choice":"Ignored","damage_taken":0,"max_hp_gain":0,"max_hp_loss":0,"event_name":"Tomb of Lord Red Mask","floor":42,"gold_loss":0},{"damage_healed":0,"gold_gain":0,"player_choice":"Took Portal","damage_taken":0,"max_hp_gain":0,"max_hp_loss":0,"event_name":"SecretPortal","floor":47,"gold_loss":0}],"is_beta":false,"boss_relics":[{"not_picked":["HolyWater","Velvet Choker"],"picked":"Cursed Key"},{"not_picked":["Philosopher\u0027s Stone","VioletLotus"],"picked":"Fusion Hammer"}],"items_purged_floors":[14,46],"is_endless":false,"potions_floor_spawned":[5,16,22,25,28,31,35,45],"killed_by":"Time Eater","ascension_level":20}}