{"host":"e0kes70z4atl8xdk","time":1612471468,"event":{"mods":["AchievementEnabler","BaseMod","Colored Map","Colored Powertips","Minty Spire (QoL Compilation)","Rare Cards Sparkle","Relic Stats"],"gold_per_floor":[13,13,25,38,57,82,19,19,43,43,60,73,73,91,91,91,91],"floor_reached":16,"language":"ENG","playtime":768,"items_purged":[],"score":104,"play_id":"af07ae14-7c38-4d31-9580-d33c96f3a170","local_time":"20210204214428","is_ascension_mode":false,"campfire_choices":[{"floor":8,"key":"REST"},{"data":"Turbo","floor":10,"key":"SMITH"},{"data":"Loop","floor":13,"key":"SMITH"},{"floor":15,"key":"REST"}],"circlet_count":0,"master_deck":["Strike_B","Strike_B","Strike_B","Strike_B","Defend_B","Defend_B","Defend_B","Defend_B","Zap","Dualcast","Turbo+1","Sweeping Beam","Ball Lightning","Loop+1","Amplify","Conserve Battery","Tempest","Sunder"],"relics":["Cracked Core","Centennial Puzzle","PreservedInsect","Dream Catcher"],"acts_visited":["Exordium"],"potions_floor_usage":[4,11,14,14],"damage_taken":[{"damage":5,"enemies":"Cultist","floor":1,"turns":4},{"damage":1,"enemies":"Jaw Worm","floor":3,"turns":3},{"damage":2,"enemies":"2 Louse","floor":4,"turns":2},{"damage":25,"enemies":"Exordium Wildlife","floor":5,"turns":4},{"damage":29,"enemies":"3 Sentries","floor":6,"turns":6},{"damage":9,"enemies":"Red Slaver","floor":11,"turns":2},{"damage":0,"enemies":"3 Louse","floor":12,"turns":3},{"damage":12,"enemies":"2 Fungi Beasts","floor":14,"turns":4},{"damage":60,"enemies":"Slime Boss","floor":16,"turns":7}],"seed_played":"-5006175178483504879","potions_obtained":[{"floor":3,"key":"Swift Potion"},{"floor":5,"key":"Weak Potion"},{"floor":6,"key":"LiquidMemories"},{"floor":12,"key":"Swift Potion"}],"is_trial":false,"path_per_floor":["M","$","M","M","M","E","?","R","T","R","M","M","R","M","R","B"],"character_chosen":"DEFECT","items_purchased":[],"campfire_rested":2,"item_purchase_floors":[],"current_hp_per_floor":[84,84,83,81,56,27,27,53,53,53,44,44,44,32,58,0,0],"gold":91,"neow_bonus":"TWENTY_PERCENT_HP_BONUS","is_daily":false,"chose_seed":false,"campfire_upgraded":2,"win_rate":0.0,"timestamp":1612471468,"path_taken":["M","?","M","M","M","E","?","R","T","R","M","M","R","M","R","BOSS"],"items_purchased_type":[],"build_version":"2020-12-22","purchased_purges":0,"victory":false,"max_hp_per_floor":[89,89,89,89,89,89,89,89,89,89,89,89,89,89,89,89,89],"relic_stats":{"Centennial Puzzle":[9],"Dream Catcher":1,"counters":[9,34],"PreservedInsect":0,"obtain_stats":[{"Centennial Puzzle":6,"Dream Catcher":9,"PreservedInsect":7,"Cracked Core":0},{"Centennial Puzzle":5,"Dream Catcher":5,"PreservedInsect":5,"Cracked Core":0},{"Centennial Puzzle":19,"Dream Catcher":19,"PreservedInsect":19,"Cracked Core":0}]},"card_choices":[{"not_picked":["Barrage","Compile Driver"],"picked":"Turbo","floor":1},{"not_picked":["Steam","Gash"],"picked":"Sweeping Beam","floor":3},{"not_picked":["Hologram","Coolheaded"],"picked":"Ball Lightning","floor":4},{"not_picked":["White Noise","Heatsinks"],"picked":"Loop","floor":5},{"not_picked":["Melter","Tempest"],"picked":"Amplify","floor":6},{"not_picked":["Sweeping Beam","Stack"],"picked":"Conserve Battery","floor":11},{"not_picked":["Gash","Rebound"],"picked":"Tempest","floor":12},{"not_picked":["Hologram","Beam Cell","Rip and Tear"],"picked":"SKIP","floor":14},{"not_picked":["Rebound","Turbo"],"picked":"Sunder","floor":15}],"player_experience":230921,"relics_obtained":[{"floor":6,"key":"Centennial Puzzle"},{"floor":9,"key":"Dream Catcher"}],"event_choices":[{"damage_healed":0,"gold_gain":0,"player_choice":"Paid Gold","damage_taken":0,"relics_obtained":["PreservedInsect"],"max_hp_gain":0,"max_hp_loss":0,"event_name":"WeMeetAgain","floor":7,"gold_loss":63}],"is_beta":false,"boss_relics":[],"items_purged_floors":[],"is_endless":false,"potions_floor_spawned":[3,5,6,12],"killed_by":"Slime Boss","ascension_level":0}}