{"host":"qc8p2flj7wsy3zpg","time":1612468241,"event":{"mods":["BaseMod","Highlight Path","Minty Spire (QoL Compilation)","Monster List Patch","Relic Stats","StSLib"],"gold_per_floor":[110,122,42,52,52,52,82,96,96,124,124,153,153,181,181,255,255,265,280,280,295,307,341,341,341,366,401,401,451,465,490,490,566,566,577,594,594,17,42,67,67,81,81,106,106,132,148,176,176,176,176,176,176,64,97,97,97],"floor_reached":56,"language":"ENG","playtime":3632,"items_purged":["Strike_R"],"score":2402,"play_id":"449114b6-b2bf-4145-827c-4909142aeed7","local_time":"20210204135041","daily_mods":["Purple Cards"],"is_ascension_mode":true,"campfire_choices":[{"data":"Immolate","floor":6.0,"key":"SMITH"},{"data":"TalkToTheHand","floor":11.0,"key":"SMITH"},{"data":"Tantrum","floor":15.0,"key":"SMITH"},{"floor":24.0,"key":"REST"},{"floor":28.0,"key":"REST"},{"floor":32.0,"key":"REST"},{"data":"Demon Form","floor":45.0,"key":"SMITH"},{"floor":49.0,"key":"RECALL"},{"data":"True Grit","floor":53.0,"key":"SMITH"}],"circlet_count":0,"master_deck":["AscendersBane","Strike_R","Strike_R","Strike_R","Defend_R","Defend_R+1","Defend_R","Defend_R","Bash","True Grit+1","Hemokinesis","TalkToTheHand+1","Wild Strike","Immolate+1","Pummel","FlurryOfBlows","Blasphemy+1","Tantrum+1","Feed+1","Flame Barrier+1","Battle Trance","FearNoEvil+1","Meditate","Headbutt","ThirdEye","Offering","Spot Weakness","CutThroughFate","Demon Form+1","JustLucky+1","TalkToTheHand","EmptyBody+1","Impervious","Reaper"],"relics":["Burning Blood","Happy Flower","Centennial Puzzle","Question Card","Ice Cream","Darkstone Periapt","Black Star","Toy Ornithopter","PreservedInsect","White Beast Statue","Meat on the Bone","Akabeko","Bag of Preparation","SlaversCollar","Sling","Lizard Tail","TungstenRod","Red Skull","War Paint","Bottled Lightning","Sundial","Whetstone","Anchor","Blood Vial","Bag of Marbles","Lantern","Orichalcum","Pantograph"],"acts_visited":["Exordium","TheCity","TheBeyond","TheEnding"],"potions_floor_usage":[56,56],"damage_taken":[{"damage":7.0,"enemies":"Jaw Worm","floor":1.0,"turns":3.0},{"damage":2.0,"enemies":"Cultist","floor":2.0,"turns":4.0},{"damage":2.0,"enemies":"Small Slimes","floor":4.0,"turns":4.0},{"damage":34.0,"enemies":"Lagavulin","floor":7.0,"turns":7.0},{"damage":12.0,"enemies":"Exordium Wildlife","floor":8.0,"turns":2.0},{"damage":6.0,"enemies":"Gremlin Nob","floor":10.0,"turns":3.0},{"damage":11.0,"enemies":"Lagavulin","floor":12.0,"turns":6.0},{"damage":5.0,"enemies":"3 Sentries","floor":14.0,"turns":2.0},{"damage":0.0,"enemies":"Slime Boss","floor":16.0,"turns":3.0},{"damage":29.0,"enemies":"Shell Parasite","floor":18.0,"turns":5.0},{"damage":25.0,"enemies":"3 Byrds","floor":19.0,"turns":4.0},{"damage":8.0,"enemies":"Snake Plant","floor":21.0,"turns":3.0},{"damage":4.0,"enemies":"Centurion and Healer","floor":22.0,"turns":4.0},{"damage":15.0,"enemies":"Gremlin Leader","floor":23.0,"turns":4.0},{"damage":35.0,"enemies":"Slavers","floor":27.0,"turns":3.0},{"damage":47.0,"enemies":"Shelled Parasite and Fungi","floor":30.0,"turns":4.0},{"damage":21.0,"enemies":"Book of Stabbing","floor":31.0,"turns":3.0},{"damage":44.0,"enemies":"Automaton","floor":33.0,"turns":6.0},{"damage":16.0,"enemies":"3 Darklings","floor":35.0,"turns":4.0},{"damage":38.0,"enemies":"3 Shapes","floor":36.0,"turns":9.0},{"damage":21.0,"enemies":"Mind Bloom Boss Battle","floor":39.0,"turns":4.0},{"damage":62.0,"enemies":"Giant Head","floor":40.0,"turns":6.0},{"damage":17.0,"enemies":"Transient","floor":42.0,"turns":6.0},{"damage":5.0,"enemies":"Nemesis","floor":44.0,"turns":5.0},{"damage":5.0,"enemies":"Reptomancer","floor":46.0,"turns":2.0},{"damage":12.0,"enemies":"Writhing Mass","floor":47.0,"turns":5.0},{"damage":11.0,"enemies":"Nemesis","floor":48.0,"turns":6.0},{"damage":88.0,"enemies":"Donu and Deca","floor":50.0,"turns":9.0},{"damage":100.0,"enemies":"Awakened One","floor":51.0,"turns":10.0},{"damage":55.0,"enemies":"Shield and Spear","floor":55.0,"turns":6.0},{"damage":171,"enemies":"The Heart","floor":56,"turns":9}],"seed_played":"4752683188110277202","potions_obtained":[{"floor":1.0,"key":"BloodPotion"},{"floor":4.0,"key":"ColorlessPotion"},{"floor":7.0,"key":"Fruit Juice"},{"floor":12.0,"key":"DistilledChaos"},{"floor":14.0,"key":"Swift Potion"},{"floor":18.0,"key":"LiquidMemories"},{"floor":19.0,"key":"Dexterity Potion"},{"floor":23.0,"key":"ColorlessPotion"},{"floor":30.0,"key":"BlessingOfTheForge"},{"floor":31.0,"key":"Energy Potion"},{"floor":33.0,"key":"Energy Potion"},{"floor":35.0,"key":"Regen Potion"},{"floor":36.0,"key":"SkillPotion"},{"floor":40.0,"key":"LiquidMemories"},{"floor":42.0,"key":"Weak Potion"},{"floor":44.0,"key":"PowerPotion"},{"floor":46.0,"key":"LiquidMemories"},{"floor":47.0,"key":"DistilledChaos"},{"floor":48.0,"key":"BloodPotion"},{"floor":55.0,"key":"ColorlessPotion"}],"is_trial":true,"path_per_floor":["M","M","$","M","?","R","E","M","T","E","R","E","?","E","R","B",null,"M","M","?","M","M","E","R","?","T","E","R","?","M","E","R","B",null,"M","M","?","$","?","E","?","M","T","E","R","E","M","E","R","B","B",null,"R","$","E","B"],"character_chosen":"IRONCLAD","items_purchased":["TalkToTheHand","Sling","Lizard Tail","Fruit Juice"],"campfire_rested":3,"item_purchase_floors":[3,38,38,54],"current_hp_per_floor":[67,71,71,75,75,75,47,41,41,41,41,41,41,42,42,48,72,49,33,27,28,33,27,54,54,54,33,61,61,32,37,66,45,85,83,70,70,70,67,28,28,34,34,52,52,65,70,93,93,74,109,109,109,109,114,0,0],"gold":97,"neow_bonus":"","is_daily":false,"chose_seed":false,"campfire_upgraded":5,"win_rate":0.0,"timestamp":1612468241,"path_taken":["M","M","$","M","?","R","E","M","T","E","R","E","?","E","R","BOSS","M","M","?","M","?","E","R","?","T","E","R","?","?","E","R","BOSS","M","M","?","$","?","E","?","?","T","E","R","E","M","E","R","BOSS","BOSS","R","$","E","BOSS"],"items_purchased_type":["Card","Relic","Relic","Potion"],"build_version":"2020-12-22","purchased_purges":1,"victory":false,"max_hp_per_floor":[75,75,75,75,75,75,75,75,75,75,75,80,80,80,80,80,80,80,83,83,86,89,92,92,92,92,95,95,95,95,98,98,98,98,101,101,101,101,101,101,101,101,101,101,101,101,105,105,105,105,109,109,109,109,114,114,114],"relic_stats":{"Darkstone Periapt":0,"Happy Flower":[44],"counters":[31,151],"PreservedInsect":452,"Bag of Preparation":[28],"Whetstone":["Feed","FearNoEvil"],"War Paint":["Flame Barrier","Defend_R"],"Orichalcum":[6],"Question Card":22,"Burning Blood":168,"Blood Vial":8,"Centennial Puzzle":[72],"Lizard Tail":54,"Sundial":[4],"Pantograph":0,"Black Star":8,"obtain_stats":[{"Ice Cream":12,"Darkstone Periapt":14,"Lantern":48,"Bag of Preparation":31,"Whetstone":44,"Sling":38,"Burning Blood":0,"Blood Vial":46,"Centennial Puzzle":9,"Lizard Tail":38,"Sundial":44,"Pantograph":55,"Red Skull":40,"Happy Flower":7,"PreservedInsect":23,"War Paint":40,"Orichalcum":55,"Question Card":10,"White Beast Statue":27,"Akabeko":31,"SlaversCollar":34,"Anchor":46,"Black Star":17,"Bag of Marbles":48,"Bottled Lightning":43,"Toy Ornithopter":23,"TungstenRod":39,"Meat on the Bone":27},{"Ice Cream":7,"Darkstone Periapt":8,"Lantern":27,"Bag of Preparation":17,"Whetstone":24,"Sling":20,"Burning Blood":0,"Blood Vial":25,"Centennial Puzzle":5,"Lizard Tail":20,"Sundial":24,"Pantograph":30,"Red Skull":22,"Happy Flower":4,"PreservedInsect":14,"War Paint":22,"Orichalcum":30,"Question Card":6,"White Beast Statue":15,"Akabeko":17,"SlaversCollar":18,"Anchor":25,"Black Star":9,"Bag of Marbles":27,"Bottled Lightning":23,"Toy Ornithopter":14,"TungstenRod":21,"Meat on the Bone":15},{"Ice Cream":29,"Darkstone Periapt":31,"Lantern":117,"Bag of Preparation":64,"Whetstone":104,"Sling":83,"Burning Blood":0,"Blood Vial":106,"Centennial Puzzle":20,"Lizard Tail":83,"Sundial":104,"Pantograph":142,"Red Skull":93,"Happy Flower":18,"PreservedInsect":54,"War Paint":93,"Orichalcum":142,"Question Card":23,"White Beast Statue":57,"Akabeko":64,"SlaversCollar":70,"Anchor":106,"Black Star":34,"Bag of Marbles":117,"Bottled Lightning":99,"Toy Ornithopter":54,"TungstenRod":87,"Meat on the Bone":57}],"Toy Ornithopter":65,"TungstenRod":65,"Meat on the Bone":96},"card_choices":[{"not_picked":["Burning Pact","PathToVictory"],"picked":"True Grit","floor":1.0},{"not_picked":["Sanctity","FlurryOfBlows"],"picked":"Hemokinesis","floor":2.0},{"not_picked":["ClearTheMind","Bloodletting"],"picked":"Wild Strike","floor":4.0},{"not_picked":["ClearTheMind","Evaluate"],"picked":"Pummel","floor":7.0},{"not_picked":["Dual Wield","Havoc"],"picked":"FlurryOfBlows","floor":8.0},{"not_picked":["Cleave","Devotion","FlyingSleeves"],"picked":"Blasphemy","floor":12.0},{"not_picked":["JustLucky","Burning Pact","Bloodletting"],"picked":"Tantrum","floor":14.0},{"not_picked":["Brutality","Wish","Reaper"],"picked":"Feed","floor":16.0},{"not_picked":["Intimidate","WreathOfFlame+1","Body Slam"],"picked":"Flame Barrier","floor":18.0},{"not_picked":["Dark Embrace","Conclude","FlurryOfBlows"],"picked":"Battle Trance","floor":19.0},{"not_picked":["Entrench","Havoc","ThirdEye"],"picked":"FearNoEvil","floor":21.0},{"not_picked":["Perfected Strike","Iron Wave","WaveOfTheHand"],"picked":"Meditate","floor":22.0},{"not_picked":["WaveOfTheHand","Clothesline","Evaluate"],"picked":"Headbutt","floor":23.0},{"not_picked":["Nirvana","Flame Barrier","EmptyFist"],"picked":"Offering","floor":27.0},{"not_picked":["Pummel","EmptyFist+1","Wild Strike"],"picked":"Spot Weakness","floor":30.0},{"not_picked":["FollowUp","Flex","Sword Boomerang"],"picked":"CutThroughFate","floor":31.0},{"not_picked":["Alpha","Offering","LessonLearned"],"picked":"Demon Form","floor":33.0},{"not_picked":["Warcry","Sword Boomerang","CutThroughFate"],"picked":"JustLucky+1","floor":35.0},{"not_picked":["Thunderclap","EmptyBody","Armaments"],"picked":"Whirlwind","floor":36.0},{"not_picked":["Feed","Battle Trance","Clash"],"picked":"TalkToTheHand","floor":40.0},{"not_picked":["Wild Strike+1","SashWhip","CutThroughFate+1"],"picked":"EmptyBody+1","floor":42.0},{"not_picked":["CrushJoints+1","LikeWater","Twin Strike","Flex"],"picked":"SKIP","floor":44.0},{"not_picked":["Feel No Pain","ClearTheMind+1","Body Slam"],"picked":"Impervious","floor":47.0},{"not_picked":["Flex","Shrug It Off","Fire Breathing"],"picked":"Reaper","floor":48.0},{"not_picked":["SandsOfTime","Prostrate","Dark Embrace","Havoc"],"picked":"SKIP","floor":55.0}],"player_experience":2312237,"relics_obtained":[{"floor":7.0,"key":"Happy Flower"},{"floor":9.0,"key":"Centennial Puzzle"},{"floor":10.0,"key":"Question Card"},{"floor":12.0,"key":"Ice Cream"},{"floor":14.0,"key":"Darkstone Periapt"},{"floor":23.0,"key":"Toy Ornithopter"},{"floor":23.0,"key":"PreservedInsect"},{"floor":27.0,"key":"White Beast Statue"},{"floor":27.0,"key":"Meat on the Bone"},{"floor":31.0,"key":"Akabeko"},{"floor":31.0,"key":"Bag of Preparation"},{"floor":39.0,"key":"TungstenRod"},{"floor":40.0,"key":"Red Skull"},{"floor":40.0,"key":"War Paint"},{"floor":43.0,"key":"Bottled Lightning"},{"floor":44.0,"key":"Sundial"},{"floor":44.0,"key":"Whetstone"},{"floor":46.0,"key":"Anchor"},{"floor":46.0,"key":"Blood Vial"},{"floor":48.0,"key":"Bag of Marbles"},{"floor":48.0,"key":"Lantern"},{"floor":55.0,"key":"Orichalcum"},{"floor":55.0,"key":"Pantograph"}],"event_choices":[{"damage_healed":0.0,"max_hp_gain":0.0,"max_hp_loss":0.0,"gold_gain":0.0,"cards_transformed":["Strike_R"],"event_name":"Living Wall","player_choice":"Change","floor":5.0,"gold_loss":0.0,"damage_taken":0.0,"cards_obtained":["Immolate"]},{"damage_healed":0.0,"max_hp_gain":0.0,"max_hp_loss":0.0,"gold_gain":0.0,"event_name":"Upgrade Shrine","player_choice":"Upgraded","floor":13.0,"gold_loss":0.0,"damage_taken":0.0,"cards_upgraded":["Blasphemy"]},{"damage_healed":0.0,"max_hp_gain":0.0,"max_hp_loss":0.0,"gold_gain":0.0,"event_name":"Knowing Skull","player_choice":"","floor":20.0,"potions_obtained":[],"gold_loss":0.0,"damage_taken":6.0,"cards_obtained":[]},{"damage_healed":0.0,"max_hp_gain":0.0,"max_hp_loss":0.0,"gold_gain":0.0,"event_name":"The Library","player_choice":"Read","floor":25.0,"gold_loss":0.0,"damage_taken":0.0,"cards_obtained":["ThirdEye"]},{"damage_healed":0.0,"max_hp_gain":0.0,"max_hp_loss":0.0,"gold_gain":50.0,"event_name":"Nest","player_choice":"Stole From Cult","floor":29.0,"gold_loss":0.0,"damage_taken":0.0},{"damage_healed":0.0,"max_hp_gain":0.0,"max_hp_loss":0.0,"gold_gain":0.0,"event_name":"Tomb of Lord Red Mask","player_choice":"Ignored","floor":37.0,"gold_loss":0.0,"damage_taken":0.0},{"damage_healed":0.0,"max_hp_gain":0.0,"max_hp_loss":0.0,"gold_gain":0.0,"event_name":"MindBloom","player_choice":"Fight","floor":39.0,"gold_loss":0.0,"damage_taken":0.0},{"cards_removed":["Whirlwind"],"damage_healed":0.0,"max_hp_gain":0.0,"max_hp_loss":0.0,"gold_gain":0.0,"event_name":"Falling","player_choice":"Removed Attack","floor":41.0,"gold_loss":0.0,"damage_taken":0.0}],"is_beta":false,"boss_relics":[{"not_picked":["Pandora\u0027s Box","Empty Cage"],"picked":"Black Star"},{"not_picked":["Black Blood","Runic Dome"],"picked":"SlaversCollar"}],"items_purged_floors":[38],"is_endless":false,"potions_floor_spawned":[1,4,7,12,14,18,19,23,30,31,33,35,36,39,40,42,44,46,47,48,55],"killed_by":"The Heart","ascension_level":20}}