{"host":"5p9hybygolzp0efr","time":1612415149,"event":{"mods":["AchievementEnabler","BaseMod","Bestiary","Colored Map","Minty Spire (QoL Compilation)","Permanent Neow","Relic Stats"],"gold_per_floor":[168,168,179,194,206,206,233,233,233,46,46,73,93,107,107,204,204,217,132,92,191,191,191,191,191],"floor_reached":24,"language":"ENG","playtime":1575,"items_purged":["Strike_P"],"score":321,"play_id":"969137e8-155c-4ea4-abc4-c12b5773192b","local_time":"20210204130549","is_ascension_mode":true,"campfire_choices":[{"data":"Protect","floor":6.0,"key":"SMITH"},{"data":"WheelKick","floor":8.0,"key":"SMITH"},{"floor":11.0,"key":"REST"},{"data":"Eruption","floor":15.0,"key":"SMITH"},{"data":"Indignation","floor":23,"key":"SMITH"}],"circlet_count":0,"master_deck":["Defend_P","Defend_P","Defend_P+1","Defend_P","Eruption+1","Vigilance","BowlingBash","Protect+1","WheelKick+1","EmptyMind","Indignation+1","FearNoEvil","EmptyBody","FlurryOfBlows","Ragnarok","Omniscience+1","Vault+1","WaveOfTheHand+1","EmptyFist","Pray","Bite","Bite","Bite","Bite","Bite"],"relics":["Tiny House","FaceOfCleric","Du-Vu Doll","Eternal Feather","Blue Candle","Astrolabe","Kunai"],"acts_visited":["Exordium","TheCity"],"potions_floor_usage":[16],"damage_taken":[{"damage":16.0,"enemies":"Small Slimes","floor":1.0,"turns":3.0},{"damage":2.0,"enemies":"Cultist","floor":3.0,"turns":4.0},{"damage":2.0,"enemies":"2 Louse","floor":4.0,"turns":2.0},{"damage":0.0,"enemies":"2 Fungi Beasts","floor":5.0,"turns":4.0},{"damage":32.0,"enemies":"3 Sentries","floor":7.0,"turns":12.0},{"damage":8.0,"enemies":"Gremlin Nob","floor":12.0,"turns":3.0},{"damage":3.0,"enemies":"Looter","floor":13.0,"turns":2.0},{"damage":14.0,"enemies":"3 Louse","floor":14.0,"turns":2.0},{"damage":37,"enemies":"Hexaghost","floor":16,"turns":11},{"damage":15,"enemies":"Shell Parasite","floor":18,"turns":5},{"damage":38,"enemies":"Slavers","floor":24,"turns":7}],"seed_played":"-4166229014970438592","potions_obtained":[{"floor":0.0,"key":"Energy Potion"},{"floor":3.0,"key":"Fire Potion"},{"floor":13.0,"key":"AttackPotion"}],"is_trial":false,"path_per_floor":["M","?","M","M","M","R","E","R","T","$","R","E","M","M","R","B",null,"M","?","$","?","?","R","E"],"character_chosen":"WATCHER","items_purchased":["LiquidMemories","FearNoEvil","Pray"],"campfire_rested":1,"item_purchase_floors":[10,10,20],"current_hp_per_floor":[54,54,53,52,53,53,22,22,22,22,55,48,46,33,42,6,65,51,51,51,51,51,60,30,30],"gold":191,"neow_bonus":"BOSS_RELIC","is_daily":false,"chose_seed":false,"campfire_upgraded":4,"win_rate":0.0,"timestamp":1612415149,"path_taken":["M","?","M","M","?","R","E","R","T","$","R","E","M","M","R","BOSS","M","?","$","?","?","R","E"],"items_purchased_type":["Potion","Card","Card"],"build_version":"2020-12-22","purchased_purges":1,"victory":false,"max_hp_per_floor":[77,77,78,79,80,80,81,81,81,81,81,82,83,84,84,85,85,86,86,86,86,60,60,60,60],"relic_stats":{"FaceOfCleric":9,"counters":[11,55],"Blue Candle":[0],"Astrolabe":["Omniscience","Vault","WaveOfTheHand"],"Eternal Feather":27,"Kunai":[2],"obtain_stats":[{"Du-Vu Doll":7,"Tiny House":0,"FaceOfCleric":2,"Blue Candle":12,"Astrolabe":17,"Eternal Feather":9,"Kunai":19,"PureWater":0},{"Du-Vu Doll":5,"Tiny House":0,"FaceOfCleric":1,"Blue Candle":6,"Astrolabe":9,"Eternal Feather":5,"Kunai":10,"PureWater":0},{"Du-Vu Doll":25,"Tiny House":0,"FaceOfCleric":3,"Blue Candle":28,"Astrolabe":43,"Eternal Feather":25,"Kunai":48,"PureWater":0}]},"card_choices":[{"not_picked":["PathToVictory","Halt"],"picked":"BowlingBash","floor":0.0},{"not_picked":["FollowUp","FlurryOfBlows"],"picked":"Protect","floor":1.0},{"not_picked":["WreathOfFlame","Protect","ForeignInfluence"],"picked":"SKIP","floor":3.0},{"not_picked":["PathToVictory","EmptyFist"],"picked":"WheelKick","floor":4.0},{"not_picked":["BowlingBash","SashWhip"],"picked":"EmptyMind","floor":5.0},{"not_picked":["Establishment","CrushJoints"],"picked":"Indignation","floor":7.0},{"not_picked":["Nirvana","SpiritShield","SashWhip"],"picked":"SKIP","floor":12.0},{"not_picked":["ClearTheMind","Collect"],"picked":"EmptyBody","floor":13.0},{"not_picked":["FlyingSleeves","WindmillStrike"],"picked":"FlurryOfBlows","floor":14.0},{"not_picked":["Brilliance","DevaForm"],"picked":"Ragnarok","floor":16},{"not_picked":["CrushJoints","WheelKick"],"picked":"EmptyFist","floor":18}],"player_experience":585537,"relics_obtained":[{"floor":7.0,"key":"Du-Vu Doll"},{"floor":9.0,"key":"Eternal Feather"},{"floor":12.0,"key":"Blue Candle"}],"event_choices":[{"damage_healed":0.0,"max_hp_gain":0.0,"max_hp_loss":0.0,"gold_gain":0.0,"event_name":"FaceTrader","player_choice":"Trade","floor":2.0,"gold_loss":0.0,"damage_taken":0.0,"relics_obtained":["FaceOfCleric"]},{"damage_healed":0,"gold_gain":0,"player_choice":"Obtained Relic","damage_taken":0,"relics_obtained":["Kunai"],"max_hp_gain":0,"max_hp_loss":0,"event_name":"Addict","floor":19,"gold_loss":85},{"damage_healed":0,"gold_gain":99,"player_choice":"Stole From Cult","damage_taken":0,"max_hp_gain":0,"max_hp_loss":0,"event_name":"Nest","floor":21,"gold_loss":0},{"damage_healed":0,"gold_gain":0,"player_choice":"Became a vampire","damage_taken":0,"max_hp_gain":0,"max_hp_loss":26,"event_name":"Vampires","floor":22,"gold_loss":0,"cards_obtained":["Bite","Bite","Bite","Bite","Bite"]}],"is_beta":false,"boss_relics":[{"not_picked":["Black Star","SlaversCollar"],"picked":"Astrolabe"}],"items_purged_floors":[10],"is_endless":false,"potions_floor_spawned":[3,13,14],"killed_by":"Slavers","ascension_level":9}}