{"host":"7jl348xfsxr8glry","time":1612451883,"event":{"mods":["AchievementEnabler","BaseMod","Colored Map","Minty Spire (QoL Compilation)","Random Character Button","Unceasing Turn Reminder"],"gold_per_floor":[110,166,53,53,3,30,30,59,85,85,260,260,279,297,297,398,398,411,441,452,464,464,464,498,498,498,515,535,535,63,73,73,168,168,183,148,148,160,174,174,206,206,206,206,223,238,252,252,252,252,252],"floor_reached":50,"language":"ENG","playtime":1806,"items_purged":[],"score":711,"play_id":"ee1bbd72-2b3d-444d-8b5d-cf10235db024","local_time":"20210205021803","is_ascension_mode":true,"campfire_choices":[{"floor":7,"key":"REST"},{"floor":10,"key":"REST"},{"data":"Perfected Strike","floor":15,"key":"SMITH"},{"data":"Perfected Strike","floor":23,"key":"SMITH"},{"floor":25,"key":"REST"},{"data":"Offering","floor":32,"key":"SMITH"},{"floor":40,"key":"REST"},{"floor":42,"key":"REST"},{"floor":44,"key":"REST"},{"floor":49,"key":"REST"}],"circlet_count":0,"master_deck":["Strike_R","Strike_R","Strike_R","Strike_R","Strike_R","Defend_R","Defend_R","Defend_R","Defend_R","Bash","Offering+1","Uppercut","Inflame","Dropkick","Flex","Flex","Feel No Pain","Perfected Strike+1","Pommel Strike","Flex+1","Twin Strike","Perfected Strike+1","Pommel Strike","Metallicize","Cleave+1","Warcry+1","Offering","Feel No Pain+1","Spot Weakness+1","Inflame","Seeing Red","Perfected Strike+1","Offering","Injury","Perfected Strike+1","Shrug It Off","Feel No Pain+1"],"relics":["Burning Blood","Pen Nib","Bottled Flame","Bag of Marbles","Juzu Bracelet","Sozu","Red Mask","Darkstone Periapt","Bottled Lightning","HornCleat","Cursed Key","Nunchaku","Akabeko"],"acts_visited":["Exordium","TheCity","TheBeyond"],"potions_floor_usage":[19,33,50],"damage_taken":[{"damage":13,"enemies":"Jaw Worm","floor":1,"turns":3},{"damage":21,"enemies":"3 Sentries","floor":6,"turns":8},{"damage":26,"enemies":"Gremlin Nob","floor":8,"turns":3},{"damage":1,"enemies":"2 Louse","floor":13,"turns":2},{"damage":6,"enemies":"Small Slimes","floor":14,"turns":2},{"damage":6,"enemies":"Slime Boss","floor":16,"turns":5},{"damage":14,"enemies":"Chosen","floor":18,"turns":2},{"damage":7,"enemies":"Masked Bandits","floor":19,"turns":3},{"damage":0,"enemies":"Spheric Guardian","floor":20,"turns":1},{"damage":6,"enemies":"Snake Plant","floor":21,"turns":1},{"damage":21,"enemies":"Book of Stabbing","floor":24,"turns":3},{"damage":6,"enemies":"Snecko","floor":27,"turns":2},{"damage":7,"enemies":"3 Cultists","floor":28,"turns":3},{"damage":12,"enemies":"Snake Plant","floor":31,"turns":1},{"damage":66,"enemies":"Automaton","floor":33,"turns":7},{"damage":22,"enemies":"3 Darklings","floor":35,"turns":2},{"damage":10,"enemies":"3 Shapes","floor":38,"turns":3},{"damage":21,"enemies":"3 Darklings","floor":39,"turns":2},{"damage":55,"enemies":"Reptomancer","floor":41,"turns":3},{"damage":60,"enemies":"Transient","floor":45,"turns":5},{"damage":18,"enemies":"Maw","floor":46,"turns":3},{"damage":6,"enemies":"3 Darklings","floor":47,"turns":1},{"damage":36,"enemies":"Awakened One","floor":50,"turns":3}],"seed_played":"516271677766995094","potions_obtained":[{"floor":1,"key":"ElixirPotion"},{"floor":6,"key":"BlessingOfTheForge"},{"floor":8,"key":"DistilledChaos"}],"is_trial":false,"path_per_floor":["M","?","$","?","$","E","R","E","T","R","?","?","M","M","R","B",null,"M","?","M","M","?","R","E","R","T","M","M","?","$","M","R","B",null,"M","$","$","M","M","R","E","R","T","R","M","M","M","?","R","B"],"character_chosen":"IRONCLAD","items_purchased":["Inflame","Dropkick","Flex","Offering","Feel No Pain","HornCleat","Inflame"],"campfire_rested":7,"item_purchase_floors":[3,3,5,30,30,30,36],"current_hp_per_floor":[73,73,73,61,61,46,70,50,50,74,74,74,79,79,79,79,80,72,71,77,77,77,77,62,80,80,80,79,79,79,73,73,13,80,64,64,64,60,45,69,20,44,50,75,21,9,9,9,34,0,0],"gold":252,"neow_bonus":"ONE_RANDOM_RARE_CARD","is_daily":false,"chose_seed":false,"campfire_upgraded":3,"win_rate":0.0,"timestamp":1612451883,"path_taken":["M","?","$","?","?","E","R","E","T","R","?","?","M","M","R","BOSS","M","?","M","M","?","R","E","R","T","M","M","?","$","M","R","BOSS","M","?","$","M","M","R","E","R","T","R","M","M","M","?","R","BOSS"],"items_purchased_type":["Card","Card","Card","Card","Card","Relic","Card"],"build_version":"2020-12-22","purchased_purges":0,"victory":false,"max_hp_per_floor":[80,80,80,80,80,80,80,80,80,80,80,80,80,80,80,80,80,80,80,80,80,80,80,80,80,80,80,80,80,80,80,80,80,80,80,80,80,80,80,80,80,80,86,86,86,86,86,86,86,86,86],"card_choices":[{"not_picked":["Power Through","Reckless Charge"],"picked":"Uppercut","floor":1},{"not_picked":["Clothesline","Pommel Strike"],"picked":"Flex","floor":6},{"not_picked":["Uppercut","Body Slam"],"picked":"Feel No Pain","floor":8},{"not_picked":["Entrench","Clash"],"picked":"Perfected Strike","floor":13},{"not_picked":["Carnage","Combust"],"picked":"Pommel Strike","floor":14},{"not_picked":["Power Through","Headbutt+1"],"picked":"Flex+1","floor":18},{"not_picked":["Uppercut","Clothesline"],"picked":"Twin Strike","floor":19},{"not_picked":["Sentinel","Double Tap"],"picked":"Perfected Strike","floor":20},{"not_picked":["Body Slam","Flex"],"picked":"Pommel Strike","floor":21},{"not_picked":["Searing Blow","Havoc"],"picked":"Metallicize","floor":24},{"not_picked":["Sword Boomerang","Perfected Strike"],"picked":"Cleave+1","floor":27},{"not_picked":["Sentinel","Shrug It Off"],"picked":"Warcry+1","floor":28},{"not_picked":["Blood for Blood","Flame Barrier+1","Wild Strike"],"picked":"SKIP","floor":31},{"not_picked":["Rupture","Sword Boomerang"],"picked":"Spot Weakness+1","floor":35},{"not_picked":["Infernal Blade","Flex"],"picked":"Seeing Red","floor":38},{"not_picked":["Rampage","Bloodletting"],"picked":"Perfected Strike+1","floor":39},{"not_picked":["Clash","Rampage+1"],"picked":"Offering","floor":41},{"not_picked":["Anger+1","Clash"],"picked":"Perfected Strike+1","floor":45},{"not_picked":["Iron Wave","Clothesline"],"picked":"Shrug It Off","floor":46},{"not_picked":["Combust+1","Shockwave"],"picked":"Feel No Pain+1","floor":47}],"player_experience":229655,"relics_obtained":[{"floor":6,"key":"Bottled Flame"},{"floor":8,"key":"Bag of Marbles"},{"floor":9,"key":"Juzu Bracelet"},{"floor":19,"key":"Red Mask"},{"floor":24,"key":"Darkstone Periapt"},{"floor":26,"key":"Bottled Lightning"},{"floor":41,"key":"Nunchaku"},{"floor":43,"key":"Akabeko"}],"event_choices":[{"damage_healed":0,"gold_gain":56,"player_choice":"Gained Gold","damage_taken":0,"max_hp_gain":0,"max_hp_loss":0,"event_name":"Golden Wing","floor":2,"gold_loss":0},{"damage_healed":0,"gold_gain":0,"player_choice":"Success","damage_taken":12,"relics_obtained":["Pen Nib"],"max_hp_gain":0,"max_hp_loss":0,"event_name":"Scrap Ooze","floor":4,"gold_loss":0},{"damage_healed":0,"gold_gain":175,"player_choice":"AGREE","damage_taken":0,"max_hp_gain":0,"max_hp_loss":0,"event_name":"Liars Game","floor":11,"gold_loss":0,"cards_obtained":["Doubt"]},{"cards_removed":["Doubt"],"damage_healed":0,"gold_gain":0,"player_choice":"Forget","damage_taken":0,"max_hp_gain":0,"max_hp_loss":0,"event_name":"Living Wall","floor":12,"gold_loss":0},{"damage_healed":0,"gold_gain":0,"player_choice":"Fought Bandits","damage_taken":0,"max_hp_gain":0,"max_hp_loss":0,"event_name":"Masked Bandits","floor":19,"gold_loss":0},{"damage_healed":0,"gold_gain":0,"player_choice":"Ignored","damage_taken":0,"max_hp_gain":0,"max_hp_loss":0,"event_name":"N\u0027loth","floor":22,"gold_loss":0},{"damage_healed":0,"gold_gain":0,"player_choice":"Got Potions","damage_taken":0,"max_hp_gain":0,"max_hp_loss":0,"event_name":"Lab","floor":29,"gold_loss":0},{"damage_healed":0,"gold_gain":0,"player_choice":"Upgraded","damage_taken":0,"max_hp_gain":0,"max_hp_loss":0,"event_name":"Upgrade Shrine","floor":48,"gold_loss":0,"cards_upgraded":["Feel No Pain"]}],"is_beta":false,"boss_relics":[{"not_picked":["Velvet Choker","Busted Crown"],"picked":"Sozu"},{"not_picked":["Fusion Hammer","Runic Dome"],"picked":"Cursed Key"}],"items_purged_floors":[],"is_endless":false,"potions_floor_spawned":[1,6,8,16,19,21,24,33,38,39,46],"killed_by":"Awakened One","ascension_level":3}}