{"host":"ogbiwxon24ufqu6w","time":1612400341,"event":{"mods":["AchievementEnabler","Aspiration","BaseMod","Beaked The Cultist","Colored Map","Colored Powertips","Conspire","Googly Eyes","Highlight Path","Infinite Spire","Mimic Mod","Minty Spire (QoL Compilation)","Quick Restart","Relic Sorter","Replay The Spire","Shop Mod","StSLib","The IronCluck"],"gold_per_floor":[116,35,51,51,66,66,91,91,91,138,150,162,203,565,577,589,589],"floor_reached":16,"language":"ENG","playtime":639,"items_purged":[],"score":226,"play_id":"bc5ec9ee-5aaa-4af9-99fb-0a6afe04753e","local_time":"20210203195901","is_ascension_mode":true,"campfire_choices":[{"data":"Perfected Strike","floor":6,"key":"SMITH"},{"floor":8,"key":"REST"},{"floor":15,"key":"REST"}],"circlet_count":0,"master_deck":["AscendersBane","Strike_R","Strike_R","Strike_R","Strike_R","Strike_R","Defend_R","Defend_R","Defend_R","Defend_R","Bash","Perfected Strike","Swift Strike","Overencumbered","Double Tap","Double Tap","Flex","Perfected Strike+1","Perfected Strike","Replay:Undeath\u0027s Touch","Shockwave","Doubt","Looming Evil"],"relics":["Burning Blood","NeowsBlessing","ReplayTheSpireMod:CursedCoin","Strawberry","Vajra","MawBank","Centennial Puzzle","Meat on the Bone","Ring of Greed","ReplayTheSpireMod:Ring of Challenge","Old Coin","MealTicket"],"acts_visited":["Exordium"],"potions_floor_usage":[16],"damage_taken":[{"damage":0,"enemies":"infinitespire:Voidling","floor":1,"turns":1},{"damage":0,"enemies":"Jaw Worm","floor":3,"turns":1},{"damage":3,"enemies":"conspire:RoseBush","floor":5,"turns":1},{"damage":49,"enemies":"Replay:BlueRogue","floor":7,"turns":4},{"damage":20,"enemies":"Lagavulin","floor":10,"turns":3},{"damage":6,"enemies":"Gremlin Nob","floor":13,"turns":3},{"damage":82,"enemies":"Fading Forest","floor":16,"turns":12}],"seed_played":"3620716373716670663","potions_obtained":[{"floor":3,"key":"Ancient Potion"},{"floor":5,"key":"Toxic Potion"}],"is_trial":false,"path_per_floor":["M","$","M","?","M","R","E","R","T","E","$","?","E","?","R","B"],"character_chosen":"IRONCLAD","items_purchased":["Swift Strike","ReplayTheSpireMod:CursedCoin","Double Tap"],"campfire_rested":2,"item_purchase_floors":[2,2,2],"current_hp_per_floor":[74,74,75,82,82,82,39,63,63,49,49,49,49,49,73,0,0],"gold":589,"neow_bonus":"THREE_ENEMY_KILL","is_daily":false,"chose_seed":false,"campfire_upgraded":1,"win_rate":0.0,"timestamp":1612400341,"path_taken":["M","$","?","?","M","R","E","R","T","E","?","?","E","?","R","BOSS"],"items_purchased_type":["Card","Relic","Card"],"build_version":"2020-12-22","purchased_purges":0,"victory":false,"max_hp_per_floor":[75,75,75,82,82,82,82,82,82,82,82,82,82,82,82,82,82],"card_choices":[{"not_picked":["Carnage","Armaments"],"picked":"Perfected Strike","floor":1},{"not_picked":["Headbutt","ReplayReversal"],"picked":"Flex","floor":3},{"not_picked":["Headbutt","Flex"],"picked":"Perfected Strike","floor":5},{"not_picked":["ReplayTheSpireMod:Corrosion Curse","Metallicize"],"picked":"Perfected Strike","floor":7},{"not_picked":["Body Slam","ReplayTheSpireMod:Strike From Hell"],"picked":"Replay:Undeath\u0027s Touch","floor":10},{"not_picked":["Massacre","ReplayTheSpireMod:Strike From Hell"],"picked":"Shockwave","floor":13}],"player_experience":1281404,"relics_obtained":[{"floor":7,"key":"Vajra"},{"floor":9,"key":"MawBank"},{"floor":10,"key":"Centennial Puzzle"},{"floor":13,"key":"Meat on the Bone"},{"floor":14,"key":"Ring of Greed"},{"floor":14,"key":"ReplayTheSpireMod:Ring of Challenge"},{"floor":14,"key":"Old Coin"},{"floor":14,"key":"MealTicket"}],"event_choices":[{"damage_healed":0,"gold_gain":0,"player_choice":"Gave Potion","damage_taken":0,"relics_obtained":["Strawberry"],"max_hp_gain":0,"max_hp_loss":0,"event_name":"WeMeetAgain","floor":4,"gold_loss":0}],"is_beta":false,"boss_relics":[],"items_purged_floors":[],"is_endless":false,"potions_floor_spawned":[3,5],"killed_by":"Fading Forest","ascension_level":19}}