{"host":"3asmp5aovk69ekg9","time":1612468833,"event":{"mods":["100% Spire Juice","BaseMod","BetterRewards","Colored Map","Colored Powertips","Dark Map","Hermit","Koishi","Magitek Elite","Minty Spire (QoL Compilation)","Permanent Neow","Remove Card Discount Mod","Shade Mod","StSLib","The Alterego","The Cursed","The Death Knight","The Fake Hero","The IronCluck","The Marked","The Senshi","The Wild Card"],"gold_per_floor":[112,187,198,198,46,75,86,111,193,193,193,158,158,190,190,294,294,310,324,324,359,359,389,389,414,414,448,448,460,122,137,137,232,232,249,249,49,271,289,318,318,344,344,363,390,408,124,137,137,137],"floor_reached":51,"language":"ENG","playtime":5478,"items_purged":["theSenshi:RoseThrow","theSenshi:SailorKick","theSenshi:SailorKick","theSenshi:SailorBlock","theSenshi:SailorKick","theSenshi:SailorKick","theSenshi:PlutosSolemnity","theSenshi:WarriorOfTheMoon","theSenshi:NeptunesGrace","theSenshi:SailorBlock","Madness","Madness","theSenshi:SailorBlock","theSenshi:SailorBlock","theSenshi:Sidestep","theSenshi:Sidestep"],"score":1278,"play_id":"dddba814-c56e-4cd8-a738-ac573cf8c67c","local_time":"20210204120033","is_ascension_mode":true,"campfire_choices":[{"data":"theSenshi:UranusStrength","floor":10.0,"key":"SMITH"},{"data":"theSenshi:SailorStarHealerAssists","floor":15.0,"key":"SMITH"},{"data":"theSenshi:MoonPrismPowerMakeUp","floor":24.0,"key":"SMITH"},{"data":"theSenshi:SailorMarsAssists","floor":28.0,"key":"SMITH"},{"data":"theSenshi:SailorNeptuneAssists","floor":32.0,"key":"SMITH"},{"data":"theSenshi:CrisisMakeUp","floor":49.0,"key":"SMITH"}],"circlet_count":0,"master_deck":["theSenshi:MoonPrismPowerMakeUp+1","theSenshi:MoonKick+1","theSenshi:MoonPunch","theSenshi:SailorMarsAssists+1","theSenshi:SailorChibiMoonAssists+1","theSenshi:SailorMercuryAssists+1","theSenshi:UranusStrength+1","theSenshi:UranusStrength+1","theSenshi:MoonTiaraMagic+1","theSenshi:IWillPunishYou+1","theSenshi:SailorStarHealerAssists+1","theSenshi:SailorSaturnAssists+1","theSenshi:MercurysCunning+1","theSenshi:MoonKick+1","theSenshi:SailorNeptuneAssists+1","theSenshi:MoonPrincessHalation+1","theSenshi:UranusStrength+1","theSenshi:MoonTwilightFlash+1","theSenshi:MoonPunch+1","theSenshi:VenusGlamour+1","theSenshi:NeptunesGrace+1","theSenshi:SailorStarHealerAssists+1","theSenshi:StudyParty","theSenshi:SailorJupiterAssists+1","theSenshi:SupersonicWaves+1","theSenshi:CrisisMakeUp+1","theSenshi:SailorJupiterAssists+1","theSenshi:MoonHealingEscalation+1","theSenshi:SailorMarsAssists+1","theSenshi:MoonlightKnight","theSenshi:SailorMercuryAssists+1"],"relics":["theSenshi:TransformationBroochRelic","Lee\u0027s Waffle","Orichalcum","Blood Vial","Happy Flower","Membership Card","Girya","Akabeko","Molten Egg 2","MealTicket","Gem_Box","Red Mask","Regal Pillow","Mercury Hourglass","Nunchaku","theSenshi:HolyMoonChaliceRelic","Mummified Hand","DollysMirror","Bag of Marbles","Busted Crown","Kunai","Bronze Scales","Mythril_Glove","Whetstone","Shuriken","DeathKnight:PutricidesVial","War Paint","Chemical X"],"acts_visited":["Exordium","TheCity","TheBeyond"],"potions_floor_usage":[50],"damage_taken":[{"damage":1.0,"enemies":"2 Louse","floor":1.0,"turns":2.0},{"damage":0.0,"enemies":"Small Slimes","floor":3.0,"turns":3.0},{"damage":12.0,"enemies":"3 Sentries","floor":6.0,"turns":5.0},{"damage":0.0,"enemies":"Jaw Worm","floor":7.0,"turns":2.0},{"damage":15.0,"enemies":"Lagavulin","floor":8.0,"turns":6.0},{"damage":8.0,"enemies":"3 Sentries","floor":14.0,"turns":7.0},{"damage":0.0,"enemies":"The Guardian","floor":16.0,"turns":7.0},{"damage":0.0,"enemies":"2 Thieves","floor":18.0,"turns":4.0},{"damage":4.0,"enemies":"Shell Parasite","floor":19.0,"turns":5.0},{"damage":0.0,"enemies":"Masked Bandits","floor":21.0,"turns":3.0},{"damage":2.0,"enemies":"Book of Stabbing","floor":23.0,"turns":5.0},{"damage":0.0,"enemies":"Gremlin Leader","floor":25.0,"turns":5.0},{"damage":8.0,"enemies":"Book of Stabbing","floor":27.0,"turns":4.0},{"damage":0.0,"enemies":"Cultist and Chosen","floor":29.0,"turns":3.0},{"damage":0.0,"enemies":"Centurion and Healer","floor":31.0,"turns":3.0},{"damage":42.0,"enemies":"Champ","floor":33.0,"turns":7.0},{"damage":0.0,"enemies":"Orb Walker","floor":35.0,"turns":1.0},{"damage":12.0,"enemies":"3 Shapes","floor":39.0,"turns":2.0},{"damage":0.0,"enemies":"Giant Head","floor":40.0,"turns":4.0},{"damage":17.0,"enemies":"Reptomancer","floor":42.0,"turns":4.0},{"damage":0.0,"enemies":"3 Darklings","floor":44.0,"turns":2.0},{"damage":31.0,"enemies":"Nemesis","floor":45.0,"turns":5.0},{"damage":0.0,"enemies":"Transient","floor":46.0,"turns":5.0},{"damage":0.0,"enemies":"4 Shapes","floor":48.0,"turns":3.0},{"damage":19,"enemies":"Awakened One","floor":50,"turns":9}],"seed_played":"-8963140954506754597","potions_obtained":[{"floor":6.0,"key":"FearPotion"},{"floor":14.0,"key":"FearPotion"},{"floor":16.0,"key":"AttackPotion"},{"floor":18.0,"key":"SteroidPotion"},{"floor":21.0,"key":"LiquidBronze"},{"floor":27.0,"key":"DeathKnight:RimePotion"},{"floor":29.0,"key":"AttackPotion"},{"floor":35.0,"key":"LiquidBronze"},{"floor":41.0,"key":"ColorlessPotion"},{"floor":41.0,"key":"DuplicationPotion"},{"floor":41.0,"key":"SteroidPotion"},{"floor":44.0,"key":"LiquidBronze"},{"floor":45.0,"key":"Fire Potion"},{"floor":46.0,"key":"LiquidMemories"}],"is_trial":false,"path_per_floor":["M","?","M","?","$","E","M","E","T","R","?","?","?","E","R","B",null,"M","M","?","?","?","E","R","E","T","E","R","M","$","M","R","B",null,"M","?","$","?","M","E","?","E","T","M","E","M","$","M","R","B",null],"character_chosen":"THE_SENSHI","items_purchased":["Lee\u0027s Waffle","Orichalcum","theSenshi:MoonKick","theSenshi:Sidestep","Blood Vial","theSenshi:Sidestep","theSenshi:MoonPunch","theSenshi:SailorMarsAssists","theSenshi:SailorChibiMoonAssists","theSenshi:SailorMercuryAssists","theSenshi:UranusStrength","theSenshi:UranusStrength","theSenshi:MoonTiaraMagic","theSenshi:NeptunesGrace","theSenshi:IWillPunishYou","Happy Flower","theSenshi:PlutosSolemnity","Membership Card","Mummified Hand","theSenshi:VenusGlamour+1","theSenshi:NeptunesGrace+1","DollysMirror","Bag of Marbles","theSenshi:SupersonicWaves+1","theSenshi:CrisisMakeUp","Kunai","theSenshi:MoonlightKnight","theSenshi:SailorMercuryAssists","DeathKnight:PutricidesVial","War Paint","Chemical X"],"campfire_rested":0,"item_purchase_floors":[0,0,0,0,0,0,0,0,0,0,0,0,0,0,0,0,0,5,30,30,30,30,30,37,37,37,47,47,47,47,47],"current_hp_per_floor":[81,70,72,56,56,46,48,35,35,35,40,61,61,55,55,62,81,87,87,87,87,87,85,85,87,87,87,87,87,87,87,87,45,77,79,68,83,83,75,87,87,85,85,87,66,87,87,87,87,68],"gold":137,"neow_bonus":"","is_daily":false,"chose_seed":false,"campfire_upgraded":6,"win_rate":0.0,"timestamp":1612468833,"path_taken":["M","?","M","?","$","E","M","E","T","R","?","?","?","E","R","BOSS","M","M","?","?","?","E","R","E","T","E","R","?","$","M","R","BOSS","M","?","$","?","M","E","?","E","T","M","E","M","$","M","R","BOSS"],"items_purchased_type":["Relic","Relic","Card","Card","Relic","Card","Card","Card","Card","Card","Card","Card","Card","Card","Card","Relic","Card","Relic","Relic","Card","Card","Relic","Relic","Card","Card","Relic","Card","Card","Relic","Relic","Relic"],"build_version":"2020-12-22","purchased_purges":16,"victory":true,"max_hp_per_floor":[82,82,82,82,82,82,82,82,82,82,87,87,87,87,87,87,87,87,87,87,87,87,87,87,87,87,87,87,87,87,87,87,87,87,87,87,87,87,87,87,87,87,87,87,87,87,87,87,87,87],"card_choices":[{"not_picked":["theSenshi:MoonPower","theSenshi:SailorChibiMoonAssists","theSenshi:MoonSpiralHeartAttack"],"picked":"SKIP","floor":1.0},{"not_picked":["theSenshi:SupersonicWaves","theSenshi:MoonsReflection","theSenshi:SteeledNerves"],"picked":"SKIP","floor":3.0},{"not_picked":["theSenshi:SailorUranusAssists","theSenshi:MoonPrincessHalation","theSenshi:SailorChibiMoonAssists"],"picked":"SKIP","floor":6.0},{"not_picked":["theSenshi:EncouragingSpeech","theSenshi:SailorChibiMoonAssists","theSenshi:MoonPower"],"picked":"SKIP","floor":7.0},{"not_picked":["theSenshi:StudyParty","theSenshi:SailorMercuryAssists"],"picked":"theSenshi:WarriorOfTheMoon","floor":8.0},{"not_picked":["theSenshi:MoonPunch+1","theSenshi:SupersonicWaves+1"],"picked":"theSenshi:SailorStarHealerAssists","floor":14.0},{"not_picked":["theSenshi:SailorCosmosAssists","theSenshi:SilverMoonCrystalPowerKiss+1"],"picked":"theSenshi:SailorSaturnAssists+1","floor":16.0},{"not_picked":["theSenshi:SupersonicWaves+1","theSenshi:MoonPower+1"],"picked":"theSenshi:MercurysCunning+1","floor":18.0},{"not_picked":["theSenshi:SailorChibiMoonAssists+1","theSenshi:MoonlightKnight"],"picked":"theSenshi:MoonKick+1","floor":19.0},{"not_picked":["theSenshi:MoonCrystalPowerMakeUp","theSenshi:HesSoDreamy"],"picked":"theSenshi:SailorNeptuneAssists","floor":21.0},{"not_picked":["theSenshi:MoonlightKnight","theSenshi:CrisisMakeUp"],"picked":"theSenshi:MoonPrincessHalation+1","floor":23.0},{"not_picked":["theSenshi:MoonsReflection","theSenshi:LateForSchool"],"picked":"theSenshi:UranusStrength+1","floor":25.0},{"not_picked":["theSenshi:MoonTiaraMagic+1","theSenshi:SilverCrystal"],"picked":"theSenshi:MoonTwilightFlash+1","floor":27.0},{"not_picked":["theSenshi:LunasBite+1","theSenshi:MoonCrystalPowerMakeUp+1"],"picked":"theSenshi:MoonPunch+1","floor":29.0},{"not_picked":["theSenshi:PlutosSolemnity","theSenshi:MoonSpiralHeartAttack+1","theSenshi:MoonPower+1"],"picked":"SKIP","floor":31.0},{"not_picked":["theSenshi:SilverMoonCrystalPowerKiss+1","theSenshi:SailorStarHealerAssists"],"picked":"theSenshi:StudyParty","floor":33.0},{"not_picked":[],"picked":"theSenshi:SailorJupiterAssists+1","floor":35.0},{"not_picked":[],"picked":"theSenshi:SailorJupiterAssists+1","floor":39.0},{"not_picked":["theSenshi:EncouragingSpeech"],"picked":"SKIP","floor":40.0},{"not_picked":["theSenshi:LunasBite+1"],"picked":"SKIP","floor":42.0},{"not_picked":[],"picked":"theSenshi:MoonHealingEscalation+1","floor":44.0},{"not_picked":[],"picked":"theSenshi:SailorMarsAssists+1","floor":45.0},{"not_picked":["theSenshi:CrisisMakeUp"],"picked":"SKIP","floor":46.0},{"not_picked":["theSenshi:GatheringStrength"],"picked":"SKIP","floor":48.0}],"player_experience":1281644,"relics_obtained":[{"floor":6.0,"key":"Girya"},{"floor":8.0,"key":"Akabeko"},{"floor":9.0,"key":"Molten Egg 2"},{"floor":14.0,"key":"MealTicket"},{"floor":21.0,"key":"Red Mask"},{"floor":23.0,"key":"Mercury Hourglass"},{"floor":25.0,"key":"Nunchaku"},{"floor":27.0,"key":"theSenshi:HolyMoonChaliceRelic"},{"floor":40.0,"key":"Bronze Scales"},{"floor":42.0,"key":"Mythril_Glove"},{"floor":43.0,"key":"Whetstone"},{"floor":45.0,"key":"Shuriken"}],"event_choices":[{"damage_healed":0.0,"max_hp_gain":0.0,"max_hp_loss":0.0,"gold_gain":75.0,"event_name":"World of Goop","player_choice":"Gather Gold","floor":2.0,"gold_loss":0.0,"damage_taken":11.0},{"damage_healed":0.0,"max_hp_gain":0.0,"max_hp_loss":0.0,"gold_gain":0.0,"event_name":"Shining Light","player_choice":"Entered Light","floor":4.0,"gold_loss":0.0,"damage_taken":16.0,"cards_upgraded":["theSenshi:MoonKick","theSenshi:UranusStrength"]},{"damage_healed":0.0,"max_hp_gain":5.0,"max_hp_loss":0.0,"gold_gain":0.0,"event_name":"Big Fish","player_choice":"Donut","floor":11.0,"gold_loss":0.0,"damage_taken":0.0},{"damage_healed":21.0,"max_hp_gain":0.0,"max_hp_loss":0.0,"gold_gain":0.0,"event_name":"The Cleric","player_choice":"Healed","floor":12.0,"gold_loss":35.0,"damage_taken":0.0},{"damage_healed":0.0,"max_hp_gain":0.0,"max_hp_loss":0.0,"gold_gain":0.0,"event_name":"Living Wall","player_choice":"Grow","floor":13.0,"gold_loss":0.0,"damage_taken":0.0,"cards_upgraded":["theSenshi:IWillPunishYou"]},{"damage_healed":0.0,"max_hp_gain":0.0,"max_hp_loss":0.0,"gold_gain":0.0,"event_name":"Ghosts","player_choice":"Ignored","floor":20.0,"gold_loss":0.0,"damage_taken":0.0},{"damage_healed":0.0,"max_hp_gain":0.0,"max_hp_loss":0.0,"gold_gain":0.0,"event_name":"Masked Bandits","player_choice":"Fought Bandits","floor":21.0,"gold_loss":0.0,"damage_taken":0.0},{"damage_healed":0.0,"max_hp_gain":0.0,"max_hp_loss":0.0,"gold_gain":0.0,"event_name":"WeMeetAgain","player_choice":"Gave Potion","floor":22.0,"gold_loss":0.0,"damage_taken":0.0,"relics_obtained":["Regal Pillow"]},{"damage_healed":0.0,"max_hp_gain":0.0,"max_hp_loss":0.0,"gold_gain":0.0,"event_name":"Winding Halls","player_choice":"Embrace Madness","floor":36.0,"gold_loss":0.0,"damage_taken":11.0,"cards_obtained":["Madness","Madness"]},{"damage_healed":0.0,"max_hp_gain":0.0,"max_hp_loss":0.0,"gold_gain":222.0,"event_name":"Tomb of Lord Red Mask","player_choice":"Wore Mask","floor":38.0,"gold_loss":0.0,"damage_taken":0.0},{"damage_healed":0.0,"max_hp_gain":0.0,"max_hp_loss":0.0,"gold_gain":0.0,"event_name":"Lab","player_choice":"Got Potions","floor":41.0,"gold_loss":0.0,"damage_taken":0.0}],"is_beta":false,"boss_relics":[{"not_picked":["Snecko Eye","Philosopher\u0027s Stone"],"picked":"Gem_Box"},{"not_picked":["Black Star","theSenshi:EternalSailorFukuRelic"],"picked":"Busted Crown"}],"items_purged_floors":[0,0,0,0,0,30,30,30,30,37,37,37,37,37,47,47],"is_endless":false,"potions_floor_spawned":[6,14,16,18,21,27,29,35,44,45,46],"ascension_level":8}}