{"host":"zsnmfqgcm92hlreo","time":1612422944,"event":{"mods":["AchievementEnabler","Act Like it!","BaseMod","Bestiary","Block Reminder","Colored Map","Colored Powertips","Hermit","Jorbs\u0027s Wanderer Trilogy","Minty Spire (QoL Compilation)","Permanent Neow","Quick Restart","Relic Stats","StSLib","Weighted Paths"],"gold_per_floor":[366,33,33,43,43,43,43],"floor_reached":6,"language":"ENG","playtime":191,"items_purged":[],"score":68,"play_id":"ffa6288e-cd87-4776-a22b-c76d76521539","local_time":"20210204011544","is_ascension_mode":true,"campfire_choices":[],"circlet_count":0,"master_deck":["AscendersBane","Strike_G","Strike_G","Strike_G","Strike_G","Strike_G","Defend_G","Defend_G","Defend_G","Defend_G","Defend_G","Survivor","Neutralize","Calculated Gamble","Burst","Decay","Neutralize","Decay"],"relics":["Ring of the Snake","Du-Vu Doll"],"acts_visited":["Exordium"],"potions_floor_usage":[6],"damage_taken":[{"damage":0.0,"enemies":"2 Louse","floor":1.0,"turns":3.0},{"damage":3.0,"enemies":"Small Slimes","floor":4.0,"turns":4.0},{"damage":59,"enemies":"Gremlin Nob","floor":6,"turns":5}],"seed_played":"-3986688230613524816","potions_obtained":[{"floor":1.0,"key":"Regen Potion"}],"is_trial":false,"path_per_floor":["M","$","?","M","?","E"],"character_chosen":"THE_SILENT","items_purchased":["Du-Vu Doll"],"campfire_rested":0,"item_purchase_floors":[2],"current_hp_per_floor":[44,44,44,41,41,0,0],"gold":43,"neow_bonus":"TWO_FIFTY_GOLD","is_daily":false,"chose_seed":false,"campfire_upgraded":0,"win_rate":0.0,"timestamp":1612422944,"path_taken":["M","$","?","M","?","E"],"items_purchased_type":["Relic"],"build_version":"2020-12-22","purchased_purges":0,"victory":false,"max_hp_per_floor":[66,66,66,66,66,66,66],"relic_stats":{"counters":[3,12],"obtain_stats":[{"Du-Vu Doll":2,"Ring of the Snake":0},{"Du-Vu Doll":1,"Ring of the Snake":0},{"Du-Vu Doll":3,"Ring of the Snake":0}],"Ring of the Snake":[6]},"card_choices":[{"not_picked":["Sucker Punch","Underhanded Strike"],"picked":"Calculated Gamble","floor":1.0},{"not_picked":["Underhanded Strike","Crippling Poison","Deadly Poison"],"picked":"SKIP","floor":4.0}],"player_experience":1022793,"relics_obtained":[],"event_choices":[{"damage_healed":0.0,"max_hp_gain":0.0,"max_hp_loss":0.0,"gold_gain":0.0,"event_name":"Shining Light","player_choice":"Ignored","floor":3.0,"gold_loss":0.0,"damage_taken":0.0},{"damage_healed":0,"gold_gain":0,"player_choice":"4 cards matched","damage_taken":0,"max_hp_gain":0,"max_hp_loss":0,"event_name":"Match and Keep!","floor":5,"gold_loss":0,"cards_obtained":["Burst","Decay","Neutralize","Decay"]}],"is_beta":false,"boss_relics":[],"items_purged_floors":[],"is_endless":false,"potions_floor_spawned":[1],"killed_by":"Gremlin Nob","ascension_level":20}}