{"host":"x5w9zppki4gdwvc7","time":1612408881,"event":{"mods":["AchievementEnabler","BaseMod","Colored Powertips","DeckTracker","Minty Spire (QoL Compilation)","Relic Sorter"],"gold_per_floor":[118,118,135,135,135,135,60,60,84,104,104,124,144,161,161,264,264,281,196,208,228,247,247,247,247,273,300,320,320,143,154,154,154,154],"floor_reached":33,"language":"ENG","playtime":1044,"items_purged":["Strike_P","Defend_P"],"score":259,"play_id":"430435a3-db88-43a8-a903-8c1e4bed9243","local_time":"20210204042121","is_ascension_mode":false,"campfire_choices":[{"data":"Defend_P","floor":6,"key":"SMITH"},{"data":"Eruption","floor":8,"key":"SMITH"},{"data":"Defend_P","floor":11,"key":"SMITH"},{"data":"EmptyBody","floor":15,"key":"SMITH"},{"data":"Judgement","floor":23,"key":"SMITH"},{"data":"PathToVictory","floor":25,"key":"SMITH"},{"floor":29,"key":"REST"},{"floor":32,"key":"REST"}],"circlet_count":0,"master_deck":["Strike_P+1","Strike_P+1","Defend_P+1","Defend_P+1","Defend_P+1","Eruption+1","Vigilance+1","Alpha+1","EmptyBody+1","Judgement+1","PathToVictory+1","PathToVictory+1","LikeWater"],"relics":["PureWater","Vajra","VioletLotus","Matryoshka","Oddly Smooth Stone","Omamori","Whetstone"],"acts_visited":["Exordium","TheCity"],"potions_floor_usage":[16,33],"damage_taken":[{"damage":5,"enemies":"2 Louse","floor":1,"turns":2},{"damage":3,"enemies":"Small Slimes","floor":3,"turns":5},{"damage":0,"enemies":"Cultist","floor":10,"turns":3},{"damage":0,"enemies":"Exordium Thugs","floor":12,"turns":3},{"damage":0,"enemies":"Large Slime","floor":13,"turns":4},{"damage":0,"enemies":"Blue Slaver","floor":14,"turns":3},{"damage":16,"enemies":"Hexaghost","floor":16,"turns":7},{"damage":12,"enemies":"2 Thieves","floor":18,"turns":3},{"damage":2,"enemies":"Chosen","floor":20,"turns":4},{"damage":0,"enemies":"Sentry and Sphere","floor":21,"turns":3},{"damage":7,"enemies":"Snecko","floor":22,"turns":5},{"damage":45,"enemies":"Book of Stabbing","floor":27,"turns":5},{"damage":10,"enemies":"Cultist and Chosen","floor":28,"turns":4},{"damage":23,"enemies":"Centurion and Healer","floor":31,"turns":4},{"damage":31,"enemies":"Champ","floor":33,"turns":8}],"seed_played":"-9218351211729875979","potions_obtained":[{"floor":12,"key":"SkillPotion"},{"floor":13,"key":"Strength Potion"},{"floor":18,"key":"FearPotion"},{"floor":20,"key":"ColorlessPotion"}],"is_trial":false,"path_per_floor":["M","?","M","?","?","R","$","R","T","M","R","M","M","M","R","B",null,"M","?","M","M","M","R","?","R","T","E","M","R","$","M","R","B"],"character_chosen":"WATCHER","items_purchased":["LikeWater"],"campfire_rested":2,"item_purchase_floors":[30],"current_hp_per_floor":[67,72,69,54,54,54,54,54,54,54,54,54,54,54,54,38,77,65,65,63,63,56,56,56,56,56,11,1,24,24,1,24,0,0],"gold":154,"neow_bonus":"TRANSFORM_CARD","is_daily":false,"chose_seed":false,"campfire_upgraded":6,"win_rate":0.0,"timestamp":1612408881,"path_taken":["M","?","M","?","?","R","$","R","T","M","R","M","M","?","R","BOSS","M","?","M","M","M","R","?","R","T","E","M","R","$","M","R","BOSS"],"items_purchased_type":["Card"],"build_version":"2020-12-22","purchased_purges":2,"victory":false,"max_hp_per_floor":[72,77,77,77,77,77,77,77,77,77,77,77,77,77,77,77,77,77,77,77,77,77,77,77,77,77,77,77,77,77,77,77,77,77],"card_choices":[{"not_picked":["Evaluate","Wireheading","FlyingSleeves"],"picked":"SKIP","floor":1},{"not_picked":["ThirdEye","Halt","EmptyFist"],"picked":"SKIP","floor":3},{"not_picked":["Crescendo","EmptyFist","ClearTheMind"],"picked":"SKIP","floor":10},{"not_picked":["Judgement","Prostrate"],"picked":"EmptyBody","floor":12},{"not_picked":["CrushJoints","EmptyBody","Crescendo"],"picked":"SKIP","floor":13},{"not_picked":["CrushJoints","EmptyFist","Meditate"],"picked":"SKIP","floor":14},{"not_picked":["Establishment","LessonLearned"],"picked":"Judgement","floor":16},{"not_picked":["FollowUp","BowlingBash","Collect"],"picked":"SKIP","floor":18},{"not_picked":["ForeignInfluence","WaveOfTheHand"],"picked":"PathToVictory","floor":20},{"not_picked":["Protect+1","FollowUp","ClearTheMind+1"],"picked":"SKIP","floor":21},{"not_picked":["Evaluate+1","Wireheading"],"picked":"PathToVictory+1","floor":22},{"not_picked":["ForeignInfluence+1","MentalFortress+1","Prostrate"],"picked":"SKIP","floor":27},{"not_picked":["Halt+1","Tantrum+1","FollowUp+1"],"picked":"SKIP","floor":28},{"not_picked":["EmptyFist","SashWhip","Protect"],"picked":"SKIP","floor":31}],"player_experience":435342,"relics_obtained":[{"floor":9,"key":"Vajra"},{"floor":26,"key":"Oddly Smooth Stone"},{"floor":26,"key":"Omamori"},{"floor":27,"key":"Whetstone"}],"event_choices":[{"damage_healed":0,"gold_gain":0,"player_choice":"Donut","damage_taken":0,"max_hp_gain":5,"max_hp_loss":0,"event_name":"Big Fish","floor":2,"gold_loss":0},{"damage_healed":0,"gold_gain":0,"player_choice":"Entered Light","damage_taken":15,"max_hp_gain":0,"max_hp_loss":0,"event_name":"Shining Light","floor":4,"gold_loss":0,"cards_upgraded":["Alpha","Defend_P"]},{"damage_healed":0,"gold_gain":0,"player_choice":"Forge","damage_taken":0,"max_hp_gain":0,"max_hp_loss":0,"event_name":"Accursed Blacksmith","floor":5,"gold_loss":0,"cards_upgraded":["Vigilance"]},{"damage_healed":0,"gold_gain":0,"player_choice":"Obtained Relic","damage_taken":0,"relics_obtained":["Matryoshka"],"max_hp_gain":0,"max_hp_loss":0,"event_name":"Addict","floor":19,"gold_loss":85},{"damage_healed":0,"gold_gain":0,"player_choice":"Ignored","damage_taken":0,"max_hp_gain":0,"max_hp_loss":0,"event_name":"Vampires","floor":24,"gold_loss":0}],"is_beta":false,"boss_relics":[{"not_picked":["Snecko Eye","SacredBark"],"picked":"VioletLotus"}],"items_purged_floors":[7,30],"is_endless":false,"potions_floor_spawned":[12,13,18,20,22],"killed_by":"Champ","ascension_level":0}}