{"host":"8f5cu9y0fpol72qs","time":1612437482,"event":{"mods":["AlwaysNeverKeys","BaseMod","Colored Map","Colored Powertips","Curses Come First","Highlight Path","Key Reminder","Minty Spire (QoL Compilation)","StSLib"],"gold_per_floor":[112,132,132,144,156,156,191,191,214,214,268,296,296,296,296,368,368,368,30,50,50,83,83,131,165,165,215,229,229,154,185,185,264,264,279,304,304,92,107,107,137,137,162,488,488,255,273,291,291,291,291,291,9,44,44],"floor_reached":56,"language":"ENG","playtime":4534,"items_purged":["Consume+1","Defend_B","Strike_B","Chill+1"],"score":2212,"play_id":"79770b6d-e83d-4dfd-88b0-5b42e9adaf49","local_time":"20210204031802","is_ascension_mode":true,"campfire_choices":[{"data":"Go for the Eyes","floor":6.0,"key":"SMITH"},{"data":"White Noise","floor":8.0,"key":"SMITH"},{"floor":10.0,"key":"REST"},{"data":"Zap","floor":13.0,"key":"SMITH"},{"data":"Hologram","floor":15.0,"key":"SMITH"},{"data":"Sweeping Beam","floor":23.0,"key":"SMITH"},{"data":"Lockon","floor":29.0,"key":"SMITH"},{"data":"Machine Learning","floor":32.0,"key":"SMITH"},{"data":"Undo","floor":40.0,"key":"SMITH"},{"floor":42.0,"key":"RECALL"},{"data":"Dualcast","floor":49.0,"key":"SMITH"},{"data":"Defend_B","floor":52.0,"key":"SMITH"}],"circlet_count":0,"master_deck":["AscendersBane","Defend_B+1","Zap+1","Dualcast+1","Hologram+1","Go for the Eyes+1","Undo+1","Lockon+1","White Noise+1","Machine Learning+1","Defragment+1","Consume+1","Sweeping Beam+1","Ghostly+1","Ghostly+1","Ghostly+1","Ball Lightning","Coolheaded+1","Fission+1","Ball Lightning+1","Master of Strategy+1","Dramatic Entrance+1","Dark Shackles+1","Chaos+1","Static Discharge+1","Machine Learning"],"relics":["Cracked Core","Bag of Preparation","Tiny Chest","Toy Ornithopter","Astrolabe","Membership Card","Toxic Egg 2","Red Mask","Happy Flower","Bronze Scales","Letter Opener","Molten Egg 2","Coffee Dripper","Nunchaku","ClockworkSouvenir","Akabeko","Lantern","Ancient Tea Set","Old Coin","Kunai","Centennial Puzzle","Medical Kit","Torii","Pantograph"],"acts_visited":["Exordium","TheCity","TheBeyond","TheEnding"],"potions_floor_usage":[55,55],"damage_taken":[{"damage":1.0,"enemies":"2 Louse","floor":1.0,"turns":4.0},{"damage":2.0,"enemies":"Jaw Worm","floor":2.0,"turns":5.0},{"damage":5.0,"enemies":"Small Slimes","floor":4.0,"turns":3.0},{"damage":9.0,"enemies":"Exordium Wildlife","floor":5.0,"turns":6.0},{"damage":14.0,"enemies":"3 Sentries","floor":7.0,"turns":11.0},{"damage":7.0,"enemies":"Lagavulin","floor":12.0,"turns":6.0},{"damage":11.0,"enemies":"The Guardian","floor":16.0,"turns":13.0},{"damage":0.0,"enemies":"2 Thieves","floor":18.0,"turns":1.0},{"damage":25.0,"enemies":"3 Byrds","floor":20.0,"turns":5.0},{"damage":30.0,"enemies":"Masked Bandits","floor":22.0,"turns":7.0},{"damage":0.0,"enemies":"Gremlin Leader","floor":25.0,"turns":7.0},{"damage":0.0,"enemies":"Snake Plant","floor":28.0,"turns":3.0},{"damage":5.0,"enemies":"Slavers","floor":31.0,"turns":5.0},{"damage":0.0,"enemies":"Champ","floor":33.0,"turns":12.0},{"damage":0.0,"enemies":"3 Shapes","floor":35.0,"turns":2.0},{"damage":0.0,"enemies":"Orb Walker","floor":39.0,"turns":2.0},{"damage":0.0,"enemies":"Nemesis","floor":41.0,"turns":3.0},{"damage":0.0,"enemies":"Reptomancer","floor":44.0,"turns":4.0},{"damage":0.0,"enemies":"Writhing Mass","floor":47.0,"turns":3.0},{"damage":0.0,"enemies":"Maw","floor":48.0,"turns":4.0},{"damage":10.0,"enemies":"Donu and Deca","floor":50.0,"turns":5.0},{"damage":13.0,"enemies":"Shield and Spear","floor":54.0,"turns":5.0},{"damage":16,"enemies":"The Heart","floor":55,"turns":6}],"seed_played":"2964141444930314313","potions_obtained":[{"floor":1.0,"key":"Weak Potion"},{"floor":2.0,"key":"Dexterity Potion"},{"floor":16.0,"key":"SmokeBomb"},{"floor":22.0,"key":"Weak Potion"},{"floor":25.0,"key":"FearPotion"},{"floor":31.0,"key":"SpeedPotion"},{"floor":33.0,"key":"Energy Potion"},{"floor":39.0,"key":"ColorlessPotion"},{"floor":41.0,"key":"PotionOfCapacity"},{"floor":44.0,"key":"SkillPotion"}],"is_trial":false,"path_per_floor":["M","M","?","M","M","R","E","R","T","R","T","E","R","?","R","B",null,"M","$","M","?","?","R","T","E","T","?","M","R","?","E","R","B",null,"M","T","?","$","M","R","E","R","T","E","T","$","M","M","R","B",null,"R","$","E","B",null],"character_chosen":"DEFECT","items_purchased":["Membership Card","Toxic Egg 2","ClockworkSouvenir","Akabeko","Centennial Puzzle","Medical Kit","Torii","Ancient Potion"],"campfire_rested":1,"item_purchase_floors":[19,19,38,38,46,46,53,53],"current_hp_per_floor":[63,61,61,56,47,47,33,33,33,54,54,47,47,52,52,41,67,72,72,52,38,8,8,8,8,8,8,8,8,8,13,13,13,32,32,32,22,22,27,27,27,27,27,32,32,32,32,32,32,27,35,35,35,22,24],"gold":44,"neow_bonus":"TRANSFORM_CARD","is_daily":false,"chose_seed":false,"campfire_upgraded":10,"win_rate":0.0,"timestamp":1612437482,"path_taken":["M","M","?","M","M","R","E","R","T","R","?","E","R","?","R","BOSS","M","$","M","?","?","R","?","E","T","?","?","R","?","E","R","BOSS","M","?","?","?","?","R","E","R","T","E","?","$","M","M","R","BOSS","R","$","E","BOSS"],"items_purchased_type":["Relic","Relic","Relic","Relic","Relic","Relic","Relic","Potion"],"build_version":"2020-12-22","purchased_purges":4,"victory":true,"max_hp_per_floor":[71,71,71,71,71,71,71,71,71,71,71,71,71,76,76,76,76,76,76,76,38,38,38,38,38,38,38,38,38,38,38,38,38,38,38,38,38,38,38,38,38,38,38,38,38,38,38,38,38,38,38,38,38,38,38],"card_choices":[{"not_picked":["FTL","Redo"],"picked":"Go for the Eyes","floor":1.0},{"not_picked":["Double Energy","Redo"],"picked":"Undo","floor":2.0},{"not_picked":["Conserve Battery","Leap","Steam"],"picked":"SKIP","floor":4.0},{"not_picked":["Steam","Turbo"],"picked":"Lockon","floor":5.0},{"not_picked":["Reboot","Darkness"],"picked":"White Noise","floor":7.0},{"not_picked":["Scrape","Steam Power","Chaos"],"picked":"SKIP","floor":12.0},{"not_picked":["Hyperbeam","Buffer"],"picked":"Machine Learning","floor":16.0},{"not_picked":["Go for the Eyes+1","Lockon"],"picked":"Sweeping Beam","floor":20.0},{"not_picked":["Storm","Barrage+1"],"picked":"Ball Lightning","floor":22.0},{"not_picked":["Beam Cell","Gash"],"picked":"Chill+1","floor":25.0},{"not_picked":["Undo+1","Sweeping Beam","Cold Snap"],"picked":"SKIP","floor":28.0},{"not_picked":["Blizzard+1","Buffer"],"picked":"Coolheaded+1","floor":31.0},{"not_picked":["Core Surge+1","Hyperbeam+1"],"picked":"Fission+1","floor":33.0},{"not_picked":["Defragment","Beam Cell+1"],"picked":"Ball Lightning+1","floor":35.0},{"not_picked":["Apotheosis+1","The Bomb+1"],"picked":"Master of Strategy+1","floor":37.0},{"not_picked":["Enlightenment+1","Apotheosis+1"],"picked":"Dramatic Entrance+1","floor":37.0},{"not_picked":["Enlightenment+1","Trip+1"],"picked":"Dark Shackles+1","floor":37.0},{"not_picked":["FTL+1","Rebound+1"],"picked":"Chaos+1","floor":39.0},{"not_picked":["Go for the Eyes+1","Redo+1","Reinforced Body+1"],"picked":"SKIP","floor":41.0},{"not_picked":["FTL+1","Barrage+1"],"picked":"Static Discharge+1","floor":44.0},{"not_picked":["Cold Snap+1","Steam+1","Redo+1"],"picked":"SKIP","floor":47.0},{"not_picked":["Leap+1","Stack+1","Cold Snap+1"],"picked":"SKIP","floor":48.0},{"not_picked":["Go for the Eyes+1","Genetic Algorithm+1"],"picked":"Machine Learning","floor":54.0}],"player_experience":1015513,"relics_obtained":[{"floor":7.0,"key":"Bag of Preparation"},{"floor":11.0,"key":"Tiny Chest"},{"floor":12.0,"key":"Toy Ornithopter"},{"floor":22.0,"key":"Red Mask"},{"floor":24.0,"key":"Happy Flower"},{"floor":25.0,"key":"Bronze Scales"},{"floor":26.0,"key":"Letter Opener"},{"floor":31.0,"key":"Molten Egg 2"},{"floor":36.0,"key":"Nunchaku"},{"floor":41.0,"key":"Lantern"},{"floor":43.0,"key":"Ancient Tea Set"},{"floor":44.0,"key":"Old Coin"},{"floor":45.0,"key":"Kunai"},{"floor":54.0,"key":"Pantograph"}],"event_choices":[{"damage_healed":0.0,"max_hp_gain":0.0,"max_hp_loss":0.0,"gold_gain":0.0,"event_name":"Liars Game","player_choice":"Ignored","floor":3.0,"gold_loss":0.0,"damage_taken":0.0},{"damage_healed":0.0,"max_hp_gain":5.0,"max_hp_loss":0.0,"gold_gain":0.0,"event_name":"Big Fish","player_choice":"Donut","floor":14.0,"gold_loss":0.0,"damage_taken":0.0},{"damage_healed":0.0,"max_hp_gain":0.0,"max_hp_loss":38.0,"gold_gain":0.0,"event_name":"Ghosts","player_choice":"Became a Ghost","floor":21.0,"gold_loss":0.0,"damage_taken":0.0,"cards_obtained":["Ghostly","Ghostly","Ghostly"]},{"damage_healed":0.0,"max_hp_gain":0.0,"max_hp_loss":0.0,"gold_gain":0.0,"event_name":"Masked Bandits","player_choice":"Fought Bandits","floor":22.0,"gold_loss":0.0,"damage_taken":0.0},{"damage_healed":0.0,"max_hp_gain":0.0,"max_hp_loss":0.0,"gold_gain":100.0,"event_name":"The Joust","player_choice":"Bet on Murderer","floor":27.0,"gold_loss":50.0,"damage_taken":0.0},{"cards_removed":["Defend_B"],"damage_healed":0.0,"max_hp_gain":0.0,"max_hp_loss":0.0,"gold_gain":0.0,"event_name":"Beggar","player_choice":"Gave Gold","floor":30.0,"gold_loss":75.0,"damage_taken":0.0},{"damage_healed":0.0,"max_hp_gain":0.0,"max_hp_loss":0.0,"gold_gain":0.0,"event_name":"SensoryStone","player_choice":"Memory 3","floor":37.0,"gold_loss":0.0,"damage_taken":10.0}],"is_beta":false,"boss_relics":[{"not_picked":["Nuclear Battery","Runic Pyramid"],"picked":"Astrolabe"},{"not_picked":["Runic Dome","Fusion Hammer"],"picked":"Coffee Dripper"}],"items_purged_floors":[19,38,46,53],"is_endless":false,"potions_floor_spawned":[1,2,5,16,22,25,28,31,33,39,41,44],"ascension_level":17}}