{"host":"p1xsuo25udtrkbq2","time":1612420689,"event":{"mods":["BaseMod","Colored Map","Googly Eyes","Highlight Path","Minty Spire (QoL Compilation)","Quick Restart","Rare Cards Sparkle","Relic Stats","Slay the Relics Exporter","StSLib","everything is the same but u backflip on backflip"],"gold_per_floor":[19,38,38,9,27,27,27],"floor_reached":6,"language":"ENG","playtime":256,"items_purged":[],"score":67,"play_id":"28377d09-92ed-4e5f-a1a5-04b3094005b0","local_time":"20210204013809","is_ascension_mode":true,"campfire_choices":[],"circlet_count":0,"master_deck":["AscendersBane","Strike_G","Strike_G","Strike_G","Defend_G","Defend_G","Defend_G","Defend_G","Defend_G","Survivor","Neutralize","Concentrate","Poisoned Stab","All Out Attack","Finisher","Slice","Noxious Fumes"],"relics":["Ring of the Snake","Boot"],"acts_visited":["Exordium"],"potions_floor_usage":[6],"damage_taken":[{"damage":2,"enemies":"Cultist","floor":1,"turns":4},{"damage":0,"enemies":"Small Slimes","floor":2,"turns":3},{"damage":2,"enemies":"Jaw Worm","floor":5,"turns":4},{"damage":10,"enemies":"Lagavulin","floor":6,"turns":3}],"seed_played":"-8555764982419937784","potions_obtained":[{"floor":1,"key":"Regen Potion"}],"is_trial":false,"path_per_floor":["M","M","?","$","M","E"],"character_chosen":"THE_SILENT","items_purchased":["Slice"],"campfire_rested":0,"item_purchase_floors":[4],"current_hp_per_floor":[57,57,12,12,10,5,5],"gold":27,"neow_bonus":"TRANSFORM_TWO_CARDS","is_daily":false,"chose_seed":false,"campfire_upgraded":0,"win_rate":0.0,"timestamp":1612420689,"path_taken":["M","?","?","$","M","E"],"items_purchased_type":["Card"],"build_version":"2020-12-22","purchased_purges":0,"victory":false,"max_hp_per_floor":[66,66,66,66,66,66,66],"relic_stats":{"counters":[4,14],"Boot":[7],"obtain_stats":[{"Boot":3,"Ring of the Snake":0},{"Boot":2,"Ring of the Snake":0},{"Boot":7,"Ring of the Snake":0}],"Ring of the Snake":[8]},"card_choices":[{"not_picked":["Escape Plan","Deflect"],"picked":"All Out Attack","floor":1},{"not_picked":["Outmaneuver","Bane"],"picked":"Finisher","floor":2},{"not_picked":["Distraction","Bane"],"picked":"Noxious Fumes","floor":5}],"player_experience":979414,"relics_obtained":[],"event_choices":[{"damage_healed":0,"gold_gain":0,"player_choice":"Success","damage_taken":45,"relics_obtained":["Boot"],"max_hp_gain":0,"max_hp_loss":0,"event_name":"Scrap Ooze","floor":3,"gold_loss":0}],"is_beta":false,"boss_relics":[],"items_purged_floors":[],"is_endless":false,"potions_floor_spawned":[1],"killed_by":"Lagavulin","ascension_level":17}}