{"host":"takgv9cv6xf64vhq","time":1612472823,"event":{"mods":["BaseMod","Colored Powertips","Conspire","Decade(王小明)","Downfall","Energized Spire","Hermit","Hubris","LagranYue(拉格朗・月)","Marisa（F雨　魔理沙）","Minty Spire (QoL Compilation)","Replay The Spire","StSLib","The Cursed","The Hierophant","The Jungle","The Servant 0.9.4","TheHeartMod"],"gold_per_floor":[113,113,263,94,113,113,34,34,34,54,73,92,92,107,107,186,186,201,201,201,57,107,107,123,123,123,136,152,166,7,7,7,81,81,95,106,106,106,117,143,205,244,244,26,49,49,49,71,71,71,71,71,10,43,43],"floor_reached":56,"language":"ZHS","playtime":5675,"items_purged":["Strike_G","Strike_G"],"score":2535,"play_id":"4540ef35-4b6d-4246-bcbb-d946e634c495","local_time":"20210205050703","is_ascension_mode":true,"campfire_choices":[{"data":"Neutralize","floor":6.0,"key":"SMITH"},{"data":"Survivor","floor":8.0,"key":"SMITH"},{"data":"Prepared","floor":13.0,"key":"SMITH"},{"data":"Doubt","floor":15.0,"key":"PURGE"},{"data":"Apotheosis","floor":23.0,"key":"SMITH"},{"data":"After Image","floor":25,"key":"SMITH"},{"data":"A Thousand Cuts","floor":32,"key":"SMITH"},{"floor":46,"key":"RECALL"},{"data":"Prepared","floor":49,"key":"SMITH"},{"data":"ReplayUltimateDefense","floor":52,"key":"SMITH"}],"circlet_count":0,"master_deck":["AscendersBane","Strike_G","Defend_G","Defend_G","Defend_G","Defend_G","Survivor+1","Neutralize+1","Deflect","Well Laid Plans","ReplayTheSpireMod:Speed Training","A Thousand Cuts+1","Prepared+1","Underhanded Strike","After Image+1","Acrobatics+1","Apotheosis+1","Malaise","Tactician+1","Acrobatics","Acrobatics","After Image+1","Storm of Steel","Footwork","Escape Plan+1","Secret Weapon","Finesse","Hidden Blade+1","hubris:Sniper","ReplayUltimateDefense+1","Prepared+1","Prepared+1","Blur"],"relics":["Ring of the Snake","ReplayTheSpireMod:TigerMarble","hubris:Towel","Membership Card","LagranYue:NewUniverseRelic","Mirror","expansioncontent:StudyCardRelic","Paper Crane","DollysMirror","Bronze Scales","Empty Cage","LagranYue:MagicReflectiveArmorRelic","CeramicFish","Pantograph","Anchor","sneckomod:BlankCard","Question Card","Letter Opener"],"acts_visited":["Exordium","TheCity","TheBeyond","TheEnding"],"potions_floor_usage":[27,28,33,48,55,55],"damage_taken":[{"damage":4.0,"enemies":"Small Slimes","floor":1.0,"turns":6.0},{"damage":8.0,"enemies":"Jaw Worm","floor":5.0,"turns":8.0},{"damage":2.0,"enemies":"2 Louse","floor":10.0,"turns":3.0},{"damage":1.0,"enemies":"Large Slime","floor":11.0,"turns":10.0},{"damage":1.0,"enemies":"Exordium Wildlife","floor":12.0,"turns":4.0},{"damage":0.0,"enemies":"2 Fungi Beasts","floor":14.0,"turns":3.0},{"damage":4.0,"enemies":"Hexaghost","floor":16.0,"turns":10.0},{"damage":7.0,"enemies":"Shell Parasite","floor":18.0,"turns":5.0},{"damage":0,"enemies":"2 Thieves","floor":24,"turns":3},{"damage":0,"enemies":"3 Cultists","floor":27,"turns":4},{"damage":0,"enemies":"Snake Plant","floor":28,"turns":2},{"damage":0,"enemies":"Centurion and Healer","floor":29,"turns":3},{"damage":0,"enemies":"Pondfish","floor":33,"turns":7},{"damage":0,"enemies":"3 Shapes","floor":35,"turns":1},{"damage":0,"enemies":"Orb Walker","floor":36,"turns":1},{"damage":0,"enemies":"Spire Growth","floor":39,"turns":2},{"damage":0,"enemies":"Giant Head","floor":40,"turns":1},{"damage":0,"enemies":"conspire:MimicChest","floor":41,"turns":3},{"damage":0,"enemies":"Nemesis","floor":42,"turns":2},{"damage":0,"enemies":"Jaw Worm Horde","floor":45,"turns":2},{"damage":0,"enemies":"Transient","floor":48,"turns":6},{"damage":0,"enemies":"Replay:Hell Engine","floor":50,"turns":2},{"damage":0,"enemies":"Shield and Spear","floor":54,"turns":2},{"damage":0,"enemies":"The Heart","floor":55,"turns":4}],"seed_played":"-3945293604643019192","potions_obtained":[{"floor":10.0,"key":"CultistPotion"},{"floor":12.0,"key":"Toxic Potion"},{"floor":14.0,"key":"Energy Potion"},{"floor":16.0,"key":"Dexterity Potion"},{"floor":24,"key":"LiquidBronze"},{"floor":27,"key":"SkillPotion"},{"floor":29,"key":"bronze:BurnAndBuffPotion"},{"floor":33,"key":"Elixir"}],"is_trial":false,"path_per_floor":["M","?","?","$","M","R","$","R","T","M","M","M","R","M","R","B",null,"M","?","T","$","?","R","M","R","T","M","M","M","$","?","R","B",null,"M","M","?","?","M","E","?","E","T","$","M","R","T","M","R","B",null,"R","$","E","B",null],"character_chosen":"THE_SILENT","items_purchased":["Membership Card","LagranYue:NewUniverseRelic","Apotheosis","DollysMirror","Bronze Scales","sneckomod:BlankCard","ReplayUltimateDefense","Blur","Block Potion"],"campfire_rested":0,"item_purchase_floors":[4,7,21,30,30,44,44,53,53],"current_hp_per_floor":[55,55,55,55,47,47,47,47,47,45,44,43,43,43,43,39,59,52,52,52,52,52,52,53,53,53,53,53,53,53,53,53,53,64,65,65,61,51,51,51,51,51,51,51,51,51,51,51,51,68,68,68,68,68,68],"gold":43,"neow_bonus":"RANDOM_COMMON_RELIC","is_daily":false,"chose_seed":true,"campfire_upgraded":8,"win_rate":0.0,"timestamp":1612472823,"path_taken":["M","?","?","?","M","R","$","R","T","M","M","M","R","M","R","BOSS","M","?","?","?","?","R","M","R","T","?","M","M","$","?","R","BOSS","M","M","?","?","M","E","?","E","T","$","M","R","?","M","R","BOSS","R","$","E","BOSS"],"items_purchased_type":["Relic","Relic","Card","Relic","Relic","Relic","Card","Card","Potion"],"build_version":"2020-12-22","purchased_purges":2,"victory":true,"max_hp_per_floor":[66,66,66,66,66,66,66,66,66,66,66,66,66,66,66,66,66,66,66,66,66,66,66,67,67,67,67,67,67,67,67,67,67,67,68,68,68,68,68,68,68,68,68,68,68,68,68,68,68,68,68,68,68,68,68],"card_choices":[{"not_picked":["Outmaneuver","Dagger Spray"],"picked":"Deflect","floor":1.0},{"not_picked":["Catalyst","Backstab"],"picked":"Well Laid Plans","floor":5.0},{"not_picked":["Draining Mist","Leg Sweep"],"picked":"ReplayTheSpireMod:Speed Training","floor":10.0},{"not_picked":["Reflex","Deflect"],"picked":"A Thousand Cuts","floor":11.0},{"not_picked":["Leg Sweep","Dagger Spray"],"picked":"Prepared","floor":12.0},{"not_picked":["Flying Knee","Crippling Poison"],"picked":"Underhanded Strike","floor":14.0},{"not_picked":["Adrenaline","Replay:Bag of Tricks"],"picked":"After Image","floor":16.0},{"not_picked":["Deadly Poison","Slice"],"picked":"Acrobatics+1","floor":18.0},{"not_picked":["Backflip","Heel Hook"],"picked":"Malaise","floor":24},{"not_picked":["Backflip","Phantasmal Killer"],"picked":"Tactician+1","floor":27},{"not_picked":["Cloak And Dagger","Dagger Throw"],"picked":"Acrobatics","floor":28},{"not_picked":["Outmaneuver+1","Toxin Wave"],"picked":"Acrobatics","floor":29},{"not_picked":["Unload","Malaise"],"picked":"Storm of Steel","floor":33},{"not_picked":["conspire:PoisonWeapons","Bane"],"picked":"Footwork","floor":35},{"not_picked":["Quick Slash","Bane"],"picked":"Escape Plan+1","floor":36},{"not_picked":["Enlightenment","Mind Blast"],"picked":"Secret Weapon","floor":38},{"not_picked":["Dramatic Entrance","Replay:Parry"],"picked":"Finesse","floor":38},{"not_picked":["Expertise+1","Slice+1"],"picked":"Hidden Blade+1","floor":39},{"not_picked":["Deflect+1","Slice","Poisoned Stab"],"picked":"SKIP","floor":40},{"not_picked":["Eviscerate","Reflex"],"picked":"hubris:Sniper","floor":42},{"not_picked":["Die Die Die","Masterful Stab"],"picked":"Prepared","floor":45},{"not_picked":["Crippling Poison","Cloak And Dagger+1","A Thousand Cuts"],"picked":"Prepared+1","floor":48},{"not_picked":["Well Laid Plans+1","ReplayTheSpireMod:Exploit Weakness+1","Blade Dance","hubris:Sniper"],"picked":"SKIP","floor":54}],"player_experience":421337,"relics_obtained":[{"floor":9.0,"key":"Mirror"},{"floor":20.0,"key":"Paper Crane"},{"floor":40,"key":"LagranYue:MagicReflectiveArmorRelic"},{"floor":41,"key":"CeramicFish"},{"floor":42,"key":"Pantograph"},{"floor":43,"key":"Anchor"},{"floor":47,"key":"Question Card"},{"floor":54,"key":"Letter Opener"}],"event_choices":[{"damage_healed":0.0,"max_hp_gain":0.0,"max_hp_loss":0.0,"gold_gain":150.0,"event_name":"Liars Game","player_choice":"AGREE","floor":3.0,"gold_loss":0.0,"damage_taken":0.0,"cards_obtained":["Doubt"]},{"damage_healed":0.0,"max_hp_gain":0.0,"max_hp_loss":0.0,"gold_gain":100.0,"event_name":"The Joust","player_choice":"Bet on Murderer","floor":22.0,"gold_loss":50.0,"damage_taken":0.0},{"cards_removed":["Strike_G"],"damage_healed":0,"gold_gain":0,"player_choice":"Elegance","damage_taken":0,"max_hp_gain":0,"max_hp_loss":0,"event_name":"Back to Basics","floor":31,"gold_loss":0},{"damage_healed":0,"gold_gain":0,"player_choice":"Leave","damage_taken":0,"max_hp_gain":0,"max_hp_loss":0,"event_name":"conspire:Investor","floor":37,"gold_loss":0},{"damage_healed":0,"gold_gain":0,"player_choice":"Memory 3","damage_taken":10,"max_hp_gain":0,"max_hp_loss":0,"event_name":"SensoryStone","floor":38,"gold_loss":0}],"is_beta":false,"boss_relics":[{"not_picked":["hubris:Stopwatch","ReplayTheSpireMod:DimensionalGlitch"],"picked":"expansioncontent:StudyCardRelic"},{"not_picked":["energizedSpire:HugeHouse","conspire:SlowCooker"],"picked":"Empty Cage"}],"items_purged_floors":[21,44],"is_endless":false,"potions_floor_spawned":[10,12,14,16,24,27,29,33,36,39,45,54],"ascension_level":19}}