{"host":"mcmflfjoldkjkv7m","time":1612435146,"event":{"mods":["AchievementEnabler","BaseMod","DeckTracker","Minty Spire (QoL Compilation)","SuperFastMode"],"gold_per_floor":[112,129,141,66,66,96,96,8,8,26,26,26,46,97,97,97,97],"floor_reached":16,"language":"KOR","playtime":348,"items_purged":["Strike_G"],"score":150,"play_id":"9260f8f1-c3b8-4732-a477-cf4075e671d4","local_time":"20210204193906","is_ascension_mode":true,"campfire_choices":[{"data":"Choke","floor":7,"key":"SMITH"},{"floor":12,"key":"REST"},{"data":"Neutralize","floor":15,"key":"SMITH"}],"circlet_count":0,"master_deck":["AscendersBane","Strike_G","Strike_G","Strike_G","Strike_G","Defend_G+1","Defend_G","Defend_G","Defend_G","Defend_G","Survivor","Neutralize+1","Choke+1","Reflex+1","PiercingWail","Panacea"],"relics":["Ring of the Snake","NeowsBlessing","White Beast Statue","Bag of Marbles","Omamori"],"acts_visited":["Exordium"],"potions_floor_usage":[6,6,16,16],"damage_taken":[{"damage":0,"enemies":"Cultist","floor":1,"turns":1},{"damage":0,"enemies":"Jaw Worm","floor":2,"turns":1},{"damage":0,"enemies":"Small Slimes","floor":3,"turns":1},{"damage":26,"enemies":"Gremlin Nob","floor":6,"turns":5},{"damage":9,"enemies":"Red Slaver","floor":10,"turns":6},{"damage":1,"enemies":"Blue Slaver","floor":13,"turns":3},{"damage":40,"enemies":"Hexaghost","floor":16,"turns":16}],"seed_played":"-4826699359405339876","potions_obtained":[{"floor":2,"key":"Energy Potion"},{"floor":3,"key":"Swift Potion"},{"floor":6,"key":"Ancient Potion"},{"floor":10,"key":"EssenceOfSteel"},{"floor":13,"key":"Weak Potion"}],"is_trial":false,"path_per_floor":["M","M","M","$","?","E","R","$","T","M","?","R","M","T","R","B"],"character_chosen":"THE_SILENT","items_purchased":["Panacea"],"campfire_rested":1,"item_purchase_floors":[8],"current_hp_per_floor":[63,63,63,63,49,23,23,23,23,14,19,41,40,40,40,0,0],"gold":97,"neow_bonus":"THREE_ENEMY_KILL","is_daily":false,"chose_seed":false,"campfire_upgraded":2,"win_rate":0.0,"timestamp":1612435146,"path_taken":["M","M","?","?","?","E","R","?","T","M","?","R","M","?","R","BOSS"],"items_purchased_type":["Card"],"build_version":"2020-12-22","purchased_purges":1,"victory":false,"max_hp_per_floor":[70,70,70,70,70,70,70,70,70,70,75,75,75,75,75,75,75],"card_choices":[{"not_picked":["Deflect","Masterful Stab"],"picked":"Choke","floor":1},{"not_picked":["Underhanded Strike","Slice"],"picked":"Reflex","floor":2},{"not_picked":["Underhanded Strike","Backflip","Sucker Punch"],"picked":"SKIP","floor":3},{"not_picked":["Quick Slash","Concentrate"],"picked":"PiercingWail","floor":6},{"not_picked":["Expertise","Outmaneuver","Flying Knee"],"picked":"SKIP","floor":10},{"not_picked":["Underhanded Strike","Accuracy","Masterful Stab"],"picked":"SKIP","floor":13}],"player_experience":357579,"relics_obtained":[{"floor":6,"key":"White Beast Statue"},{"floor":9,"key":"Bag of Marbles"},{"floor":14,"key":"Omamori"}],"event_choices":[{"damage_healed":0,"gold_gain":0,"player_choice":"Entered Light","damage_taken":14,"max_hp_gain":0,"max_hp_loss":0,"event_name":"Shining Light","floor":5,"gold_loss":0,"cards_upgraded":["Reflex","Defend_G"]},{"damage_healed":0,"gold_gain":0,"player_choice":"Donut","damage_taken":0,"max_hp_gain":5,"max_hp_loss":0,"event_name":"Big Fish","floor":11,"gold_loss":0}],"is_beta":false,"boss_relics":[],"items_purged_floors":[4],"is_endless":false,"potions_floor_spawned":[2,3,6,10,13],"killed_by":"Hexaghost","ascension_level":10}}