{"host":"rf8f5793azs0jd9i","time":1612470520,"event":{"mods":["AchievementEnabler","Aspiration","BaseMod","Colored Powertips","Hubris","Infinite Spire","Minty Spire (QoL Compilation)","Replay The Spire","StSLib"],"gold_per_floor":[117,192,211,225,235,235,246,274,274,274,306,317,343,361,361,466,466,477,489,516,516,530,530,559,6000,6074,6107,6125,6125,6157,6174,6174,6270,6270,6283,6283,6297,6311,6321,6353,6353,6364,6417,6417,5737,5771,5127,5127,5127,5225,5225,5225,4571,4577,3969,4018,4043,4043,4057,4125,4135,4138,4138,4138,4138,4138,4252,4252,4259,4259,4273,4293,4299,4299,4299,4299,4373,4398,3838,3857,3860,3871,3871,3998,3998,3992,3985,3242,3242,3225,3225,3230,3230,3255,2652,2656,2667,2672,2684,2684,2753,2753,2762,2773,2786,2786,2786,2786,2802,2802,2802,2833,2843,2843,2843,2861,2861,2974,2974,2973,2985,2999,2397,2397,2416,2416,2439,2439,2449,2454,2471,1856,1874,1874,1987,1987,1997,2042,2055,1399,1399,1421,1421,1449,1449,1449,1449,1455,1456,1008,1008,1128,1228,1228,1228],"floor_reached":154,"language":"ENG","playtime":7326,"items_purged":["Strike_B","Strike_B","Defend_B","Defend_B","Sweeping Beam","hubris:Prefetch","Injury","Barrage","Conserve Battery","Defend_B+1","Strike_B+1","Compile Driver","Gash+1"],"score":3576,"play_id":"dcd18c99-72f5-4f02-8964-667bec84df6b","local_time":"20210204142840","is_ascension_mode":true,"campfire_choices":[{"floor":6.0,"key":"RECALL"},{"data":"Coolheaded","floor":15.0,"key":"SMITH"},{"data":"Barrage","floor":23.0,"key":"SMITH"},{"data":"hubris:Fate","floor":29.0,"key":"SMITH"},{"data":"FIFO Queue","floor":32.0,"key":"SMITH"},{"data":"Madness","floor":41.0,"key":"SMITH"},{"data":"Zap","floor":44.0,"key":"SMITH"},{"floor":49.0,"key":"REST"},{"data":"infinitespire:DeathsTouch","floor":58.0,"key":"SMITH"},{"floor":64.0,"key":"DIG"},{"data":"Dualcast","floor":74.0,"key":"PURGE"},{"data":"1","floor":83.0,"key":"LIFT"},{"data":"2","floor":91,"key":"LIFT"},{"data":"3","floor":93,"key":"LIFT"},{"data":"Double Energy","floor":100,"key":"SMITH"},{"data":"hubris:DuctTapeCard","floor":108,"key":"SMITH"},{"data":"hubris:InfiniteBlow+37","floor":114,"key":"SMITH"},{"data":"hubris:InfiniteBlow+38","floor":117,"key":"SMITH"},{"data":"hubris:InfiniteBlow+39","floor":126,"key":"SMITH"},{"data":"hubris:InfiniteBlow+40","floor":134,"key":"SMITH"},{"data":"hubris:InfiniteBlow+42","floor":147,"key":"SMITH"}],"circlet_count":0,"master_deck":["Self Repair+1","Defend_B+1","Zap+1","Barrage+1","Sweeping Beam+1","Rebound+1","Glacier+1","Coolheaded+1","FIFO Queue+1","hubris:Fate+1","Double Energy+1","Streamline+1","Ball Lightning+1","ReplayRNGCard+1","Madness+1","infinitespire:DeathsTouch+1","FIFO Queue+1","Cold Snap+1","Coolheaded+1","aspiration:Polymerization+1","Creative AI+1","Self Repair+1","hubris:Rewind+1","AbeCurse","Rip and Tear+1","Double Energy+1","Loop+1","hubris:InfiniteBlow+43","hubris:DuctTapeCard+2","CurseOfTheBell","Heatsinks+1"],"relics":["Cracked Core","aspiration:Nostalgia","Ring of the Snake","StoneCalendar","Replay:Bottled Eggs","War Paint","Runic Dome","Blood Vial","Whetstone","Nuclear Battery","Ancient Tea Set","aspiration:FaultyCoupler","hubris:RGBLights","Replay:Multitool","ReplayTheSpireMod:SealedPack","aspiration:Lifesprig","Boot","Raider\u0027s Mask","Calipers","Potion Belt","Blue Doll","Medical Kit","infinitespire:Freezer","aspiration:HiddenCompartment","Philosopher\u0027s Stone","Replay:Lucky Slots","Strawberry","Replay:Baseball","Guide Book","Vajra","Centennial Puzzle","Orichalcum","Geode","Replay:WaspNest","Smiling Mask","Replay:Mystery Machine","Golden Idol","Abe\u0027s Treasure","Red Mask","MutagenicStrength","Garlic","Girya","Kunai","White Beast Statue","ReplayFunnel","Bottled Flame","Empty Cage","hubris:EmptyBottle","Replay:Bottled Snecko","Torii","hubris:Towel","InkBottle","Pen Nib","TheAbacus","aspiration:FetidBarrel","Oddly Smooth Stone","hubris:ToyBattleship","Replay:Rubber Ducky","Painkiller Herb","aspiration:Stellarator","hubris:DuctTape","aspiration:EnhancedActuators","hubris:SoftwareUpdate","Replay:Towering Pillar of Hats","Calling Bell","Bronze Scales","Chameleon Ring","Peace Pipe","Bird Faced Urn","ReplayTheSpireMod:Ninjato","aspiration:Stabinomicon","Bag of Preparation","Carrot","Gremlin Horn","Pondfish Scales","Lee\u0027s Waffle","hubris:BallOfYels","Onion Ring","ChewingGum","Durian","BargainBundle","aspiration:StickyExplosives_weak","Happy Flower","Nunchaku","Eternal Feather","aspiration:AnachronicSnailShell","Sundial","HandDrill","Replay:Wanted Poster"],"acts_visited":["Exordium","TheCity","TheBeyond","Exordium","TheCity","TheBeyond","Exordium","TheCity","TheBeyond","Exordium"],"potions_floor_usage":[152,152],"damage_taken":[{"damage":7.0,"enemies":"2 Louse","floor":1.0,"turns":3.0},{"damage":14.0,"enemies":"infinitespire:Voidling","floor":3.0,"turns":5.0},{"damage":0.0,"enemies":"Small Slimes","floor":4.0,"turns":3.0},{"damage":8.0,"enemies":"Red Slaver","floor":5.0,"turns":3.0},{"damage":4.0,"enemies":"3 Louse","floor":7.0,"turns":3.0},{"damage":13.0,"enemies":"3 Sentries","floor":8.0,"turns":3.0},{"damage":16.0,"enemies":"Gremlin Nob","floor":11.0,"turns":4.0},{"damage":0.0,"enemies":"Large Slime","floor":12.0,"turns":3.0},{"damage":32.0,"enemies":"Replay:BlueRogue","floor":13.0,"turns":5.0},{"damage":0.0,"enemies":"Lots of Slimes","floor":14.0,"turns":1.0},{"damage":4.0,"enemies":"Fading Forest","floor":16.0,"turns":11.0},{"damage":0.0,"enemies":"3 Byrds","floor":18.0,"turns":4.0},{"damage":12.0,"enemies":"Spheric Guardian","floor":19.0,"turns":4.0},{"damage":3.0,"enemies":"Centurion and Healer","floor":22.0,"turns":6.0},{"damage":38.0,"enemies":"Gremlin Leader","floor":24.0,"turns":6.0},{"damage":25.0,"enemies":"Slavers","floor":27.0,"turns":7.0},{"damage":13.0,"enemies":"Shelled Parasite and Fungi","floor":28.0,"turns":5.0},{"damage":0.0,"enemies":"Nightmare","floor":30.0,"turns":1.0},{"damage":0.0,"enemies":"Sentry and Sphere","floor":31.0,"turns":3.0},{"damage":11.0,"enemies":"Collector","floor":33.0,"turns":4.0},{"damage":20.0,"enemies":"3 Shapes","floor":35.0,"turns":4.0},{"damage":0.0,"enemies":"Orb Walker","floor":37.0,"turns":1.0},{"damage":20.0,"enemies":"4 Shapes","floor":38.0,"turns":3.0},{"damage":34.0,"enemies":"Spire Growth","floor":39.0,"turns":5.0},{"damage":2.0,"enemies":"Giant Head","floor":40.0,"turns":7.0},{"damage":0.0,"enemies":"Transient","floor":42.0,"turns":4.0},{"damage":40.0,"enemies":"Nemesis","floor":46.0,"turns":5.0},{"damage":30.0,"enemies":"infinitespire:MassOfShapes","floor":50.0,"turns":4.0},{"damage":7.0,"enemies":"Small Slimes","floor":52.0,"turns":2.0},{"damage":0.0,"enemies":"Cultist","floor":54.0,"turns":2.0},{"damage":27.0,"enemies":"Gremlin Nob","floor":56.0,"turns":4.0},{"damage":0.0,"enemies":"Gremlin Nob","floor":57.0,"turns":2.0},{"damage":13.0,"enemies":"Jaw Worm","floor":59.0,"turns":2.0},{"damage":5.0,"enemies":"2 Fungi Beasts","floor":61.0,"turns":2.0},{"damage":6.0,"enemies":"Blue Slaver","floor":62.0,"turns":2.0},{"damage":0.0,"enemies":"Slime Boss","floor":67.0,"turns":4.0},{"damage":22.0,"enemies":"3 Byrds","floor":69.0,"turns":3.0},{"damage":0.0,"enemies":"Spheric Guardian","floor":71.0,"turns":3.0},{"damage":49.0,"enemies":"Masked Bandits","floor":72.0,"turns":3.0},{"damage":9.0,"enemies":"Centurion and Healer","floor":73.0,"turns":4.0},{"damage":27.0,"enemies":"Book of Stabbing","floor":78.0,"turns":3.0},{"damage":25.0,"enemies":"Slavers","floor":80.0,"turns":3.0},{"damage":0.0,"enemies":"Sentry and Sphere","floor":81.0,"turns":3.0},{"damage":13.0,"enemies":"Gremlin Leader","floor":82.0,"turns":4.0},{"damage":0.0,"enemies":"hubris:MusketHawk","floor":84.0,"turns":1.0},{"damage":0,"enemies":"3 Darklings","floor":86,"turns":3},{"damage":2,"enemies":"3 Shapes","floor":87,"turns":2},{"damage":0,"enemies":"Maw","floor":90,"turns":5},{"damage":0,"enemies":"R_Hoarder","floor":92,"turns":5},{"damage":1,"enemies":"Spire Growth","floor":96,"turns":2},{"damage":0,"enemies":"Giant Head","floor":97,"turns":3},{"damage":2,"enemies":"4 Shapes","floor":98,"turns":2},{"damage":0,"enemies":"R_Hoarder","floor":99,"turns":3},{"damage":1,"enemies":"Awakened One","floor":101,"turns":6},{"damage":0,"enemies":"2 Louse","floor":103,"turns":1},{"damage":0,"enemies":"Jaw Worm","floor":104,"turns":1},{"damage":0,"enemies":"Small Slimes","floor":105,"turns":2},{"damage":0,"enemies":"Exordium Thugs","floor":106,"turns":2},{"damage":0,"enemies":"3 Sentries","floor":109,"turns":2},{"damage":0,"enemies":"Lagavulin","floor":112,"turns":1},{"damage":0,"enemies":"Large Slime","floor":113,"turns":2},{"damage":0,"enemies":"3 Louse","floor":116,"turns":1},{"damage":0,"enemies":"The Guardian","floor":118,"turns":2},{"damage":0,"enemies":"3 Byrds","floor":120,"turns":2},{"damage":0,"enemies":"Spheric Guardian","floor":121,"turns":1},{"damage":1,"enemies":"Snake Plant","floor":122,"turns":2},{"damage":0,"enemies":"Gremlin Leader","floor":125,"turns":2},{"damage":0,"enemies":"Book of Stabbing","floor":127,"turns":2},{"damage":0,"enemies":"Snecko","floor":129,"turns":1},{"damage":0,"enemies":"Centurion and Healer","floor":130,"turns":1},{"damage":0,"enemies":"Slavers","floor":131,"turns":2},{"damage":0,"enemies":"Snake Plant","floor":133,"turns":1},{"damage":9,"enemies":"hubris:MusketHawk","floor":135,"turns":2},{"damage":11,"enemies":"3 Shapes","floor":137,"turns":1},{"damage":0,"enemies":"Mind Bloom Boss Battle","floor":138,"turns":2},{"damage":0,"enemies":"Orb Walker","floor":139,"turns":1},{"damage":0,"enemies":"Nemesis","floor":142,"turns":2},{"damage":0,"enemies":"R_Hoarder","floor":144,"turns":2},{"damage":0,"enemies":"Jaw Worm Horde","floor":148,"turns":1},{"damage":0,"enemies":"3 Darklings","floor":149,"turns":2},{"damage":20,"enemies":"Replay:Hell Engine","floor":152,"turns":1},{"damage":0,"enemies":"2 Louse","floor":154,"turns":1}],"seed_played":"7984516505956780274","potions_obtained":[{"floor":4.0,"key":"PowerPotion"},{"floor":7.0,"key":"Explosive Potion"},{"floor":8.0,"key":"LifebloodPotion"},{"floor":11.0,"key":"EntropicBrew"},{"floor":12.0,"key":"Flashbang"},{"floor":14.0,"key":"Swift Potion"},{"floor":30.0,"key":"Weak Potion"},{"floor":35.0,"key":"Adrenaline Potion"},{"floor":42.0,"key":"Strength Potion"},{"floor":46.0,"key":"SpeedPotion"},{"floor":50.0,"key":"Energy Potion"},{"floor":52.0,"key":"Dexterity Potion"},{"floor":56.0,"key":"Dexterity Potion"},{"floor":59.0,"key":"Fire Potion"},{"floor":71.0,"key":"Weak Potion"},{"floor":80.0,"key":"FearPotion"},{"floor":82.0,"key":"Death Potion"},{"floor":84.0,"key":"GamblersBrew"},{"floor":90,"key":"Strength Potion"},{"floor":152,"key":"SteroidPotion"}],"is_trial":false,"path_per_floor":["M","?","M","M","M","R","M","E","T","?","E","M","E","M","R","B",null,"M","M","T","AVR","M","R","E","?","T","E","M","R","NM","M","R","B",null,"M","?","M","M","M","E","R","M","T","R","$","E","$","?","R","B",null,"M","$","M","$","?","E","R","M","T","M","M","T","R","?","R","B",null,"M","?","M","?","M","R","?","R","T","E","$","E","M","E","R","B",null,"M","M","$","?","M","R","E","R","T","$","M","E","M","E","R","B",null,"?","?","?","?","AVR","T","E","?","T","E","?","T","?","?","T","B",null,"?","?","?","T","?","E","T","E","T","?","?","E","T","?","T","B",null,"?","?","?","T","?","E","T","E","T","?","T","?","?","T","T","B",null,"?"],"character_chosen":"DEFECT","items_purchased":["Raider\u0027s Mask","Calipers","Potion Belt","Medical Kit","infinitespire:Freezer","aspiration:HiddenCompartment","AttackPotion","FocusPotion","Replay:Lucky Slots","Strawberry","Replay:Baseball","Self Repair+1","Guide Book","Vajra","Centennial Puzzle","Kunai","White Beast Statue","hubris:EmptyBottle","Replay:Bottled Snecko","Torii","TheAbacus","aspiration:FetidBarrel","Oddly Smooth Stone","Bird Faced Urn","ReplayTheSpireMod:Ninjato","Lee\u0027s Waffle","hubris:BallOfYels","Onion Ring","BargainBundle","aspiration:StickyExplosives_weak","Happy Flower","Heatsinks+1","Sundial","HandDrill"],"campfire_rested":1,"item_purchase_floors":[45,45,45,47,47,47,47,47,53,53,53,53,55,55,55,79,79,88,88,88,95,95,95,123,123,132,132,132,140,140,140,140,150,150],"current_hp_per_floor":[68,61,57,67,69,69,75,62,62,62,56,66,44,44,44,64,75,75,73,73,73,75,75,47,47,47,34,33,33,35,37,37,38,75,55,55,57,49,27,27,27,39,39,39,39,11,11,11,33,5,75,75,82,82,82,65,67,67,56,56,53,56,56,56,56,76,76,76,71,86,86,47,60,60,60,85,85,59,59,56,78,86,86,86,86,86,84,84,84,86,86,86,86,86,86,85,86,86,86,86,86,86,86,86,86,86,86,86,86,86,86,86,86,86,86,86,86,86,86,86,86,86,86,70,86,86,86,86,86,86,86,93,93,93,84,93,82,98,98,98,98,98,98,98,98,98,98,98,98,98,98,88,98,98,98],"gold":1228,"neow_bonus":"NOSTALGIA","is_daily":false,"chose_seed":false,"campfire_upgraded":14,"win_rate":0.0,"timestamp":1612470520,"path_taken":["M","?","?","M","M","R","M","E","T","?","E","M","E","M","R","BOSS","M","M","?","AVR","M","R","E","?","T","E","M","R","NM","M","R","BOSS","M","?","?","M","?","E","R","M","T","R","$","E","$","?","R","BOSS","M","$","M","$","?","E","R","M","T","M","M","?","R","?","R","BOSS","M","?","?","?","M","R","?","R","T","E","$","E","M","E","R","BOSS","M","M","$","?","M","R","E","R","T","$","M","E","M","E","R","BOSS","?","?","?","?","AVR","T","E","?","T","E","?","T","?","?","T","BOSS","?","?","?","T","?","E","T","E","T","?","?","E","T","?","T","BOSS","?","?","?","T","?","E","T","E","T","?","T","?","?","T","T","BOSS","?"],"items_purchased_type":["Relic","Relic","Relic","Relic","Relic","Relic","Potion","Potion","Relic","Relic","Relic","Card","Relic","Relic","Relic","Relic","Relic","Relic","Relic","Relic","Relic","Relic","Relic","Relic","Relic","Relic","Relic","Relic","Relic","Relic","Relic","Card","Relic","Relic"],"build_version":"2020-12-22","purchased_purges":13,"victory":false,"max_hp_per_floor":[75,75,75,75,75,75,75,75,75,75,75,75,75,75,75,75,75,75,75,75,75,75,75,75,75,75,75,75,75,75,75,75,75,75,75,75,75,75,75,75,75,75,75,75,75,75,75,75,75,75,75,75,82,82,82,82,82,82,82,82,82,82,82,82,76,76,76,76,76,86,86,86,86,86,86,86,86,86,86,86,86,86,86,86,86,86,86,86,86,86,86,86,86,86,86,86,86,86,86,86,86,86,86,86,86,86,86,86,86,86,86,86,86,86,86,86,86,86,86,86,86,86,86,86,86,86,86,86,86,86,86,93,93,93,93,93,93,98,98,98,98,98,98,98,98,98,98,98,98,98,98,98,98,98,98],"card_choices":[{"not_picked":["Steam","Time Bomb"],"picked":"Gash","floor":1.0},{"not_picked":["Beam Cell","Rebound","Auto Shields"],"picked":"SKIP","floor":3.0},{"not_picked":["Scrape","Heatsinks"],"picked":"Sweeping Beam","floor":4.0},{"not_picked":["Steam","White Noise"],"picked":"Barrage","floor":5.0},{"not_picked":["hubris:PowerSurge","Beam Cell"],"picked":"Sweeping Beam","floor":7.0},{"not_picked":["Stack","Hello World"],"picked":"Ball Lightning","floor":8.0},{"not_picked":["Streamline","Leap","ReplayTheSpireMod:Reroute Power"],"picked":"SKIP","floor":11.0},{"not_picked":["Buffer","Compile Driver"],"picked":"Rebound","floor":12.0},{"not_picked":["hubris:PowerSurge","Redo"],"picked":"Glacier","floor":13.0},{"not_picked":["aspiration:Polymerization","Stack"],"picked":"Coolheaded","floor":14.0},{"not_picked":["Reboot","Thunder Strike"],"picked":"Amplify","floor":16.0},{"not_picked":["ReplaySort","Heatsinks+1"],"picked":"FIFO Queue","floor":18.0},{"not_picked":["Aggregate","Crystallizer"],"picked":"Conserve Battery","floor":19.0},{"not_picked":["Steam","Stack","Compile Driver"],"picked":"SKIP","floor":22.0},{"not_picked":["ReplaySort+1","Leap+1"],"picked":"Conserve Battery","floor":24.0},{"not_picked":["ReplayTheSpireMod:Chaos Vortex","infinitespire:UltimateForm"],"picked":"hubris:Fate","floor":25.0},{"not_picked":["Auto Shields","Sweeping Beam"],"picked":"Double Energy+1","floor":27.0},{"not_picked":["Hologram","Steam+1","ReplayTheSpireMod:Repulse+1"],"picked":"SKIP","floor":28.0},{"not_picked":["Cold Snap","Redo+1"],"picked":"Streamline+1","floor":30.0},{"not_picked":["Streamline+1","Leap+1"],"picked":"Ball Lightning+1","floor":31.0},{"not_picked":["Buffer","Seek"],"picked":"Machine Learning","floor":33.0},{"not_picked":["hubris:Prefetch","Electrodynamics"],"picked":"ReplayRNGCard","floor":34.0},{"not_picked":["Mind Blast","ReplayTheSpireMod:Trickstab"],"picked":"Madness","floor":34.0},{"not_picked":["ReplayTheSpireMod:Haul","infinitespire:Punishment"],"picked":"infinitespire:DeathsTouch","floor":34.0},{"not_picked":["Buffer","Panic Button"],"picked":"FIFO Queue","floor":35.0},{"not_picked":["Panic Button","Undo+1","Stack"],"picked":"SKIP","floor":37.0},{"not_picked":["Streamline","Steam"],"picked":"Cold Snap+1","floor":38.0},{"not_picked":["Rip and Tear+1","Glacier"],"picked":"Coolheaded+1","floor":39.0},{"not_picked":["Barrage","Heatsinks+1","Rip and Tear"],"picked":"SKIP","floor":40.0},{"not_picked":["BasicCrystalCard","Leap+1","Amplify"],"picked":"SKIP","floor":42.0},{"not_picked":["Panic Button+1","Sweeping Beam+1"],"picked":"aspiration:Polymerization+1","floor":46.0},{"not_picked":["Multi-Cast","Fission"],"picked":"Creative AI","floor":50.0},{"not_picked":["aspiration:Polymerization","Hello World"],"picked":"Self Repair","floor":52.0},{"not_picked":["Conserve Battery","Coolheaded","Melter"],"picked":"SKIP","floor":54.0},{"not_picked":["Gash","Go for the Eyes"],"picked":"Barrage","floor":56.0},{"not_picked":["Panic Button","Go for the Eyes","hubris:DoWhile"],"picked":"SKIP","floor":57.0},{"not_picked":["Gash","Coolheaded","ReplayTheSpireMod:Calculation Training"],"picked":"SKIP","floor":59.0},{"not_picked":["Panic Button","Streamline"],"picked":"Compile Driver","floor":61.0},{"not_picked":["Mirror Shield","Compile Driver"],"picked":"Conserve Battery","floor":62.0},{"not_picked":["All For One","Machine Learning"],"picked":"hubris:Prefetch","floor":67.0},{"not_picked":["infinitespire:Fortify","infinitespire:Starlight"],"picked":"hubris:Rewind","floor":68.0},{"not_picked":["White Noise","Compile Driver","Hologram"],"picked":"SKIP","floor":69.0},{"not_picked":["FIFO Queue+1","Compile Driver"],"picked":"Rip and Tear+1","floor":71.0},{"not_picked":["ReplayTheSpireMod:GoodbyeWorld","BootSequence","Panic Button"],"picked":"SKIP","floor":73.0},{"not_picked":["Barrage","Scrape","Tempest"],"picked":"SKIP","floor":78.0},{"not_picked":["Reprogram","Leap","Thunder Strike"],"picked":"SKIP","floor":80.0},{"not_picked":["Beam Cell","Redo","Compile Driver"],"picked":"SKIP","floor":81.0},{"not_picked":["Stack","Beam Cell","ReplayGash"],"picked":"SKIP","floor":82.0},{"not_picked":["Melter","Self Repair"],"picked":"Double Energy","floor":86},{"not_picked":["Barrage","Gash","Tempest+1"],"picked":"SKIP","floor":87},{"not_picked":["Coolheaded+1","Steam+1","Stack"],"picked":"SKIP","floor":90},{"not_picked":["Aggregate","Reprogram","ReplaySort"],"picked":"SKIP","floor":92},{"not_picked":["Static Discharge+1","Blizzard","Beam Cell"],"picked":"SKIP","floor":96},{"not_picked":["Compile Driver+1","Cold Snap"],"picked":"Loop+1","floor":97},{"not_picked":["Gash+1","Time Bomb+1","Stack+1"],"picked":"SKIP","floor":98},{"not_picked":["Go for the Eyes","ReplaySort+1"],"picked":"Chill+1","floor":99},{"not_picked":["Auto Shields","Conserve Battery","Rebound"],"picked":"SKIP","floor":103},{"not_picked":["Self Repair","Crystallizer","Time Bomb"],"picked":"SKIP","floor":104},{"not_picked":["Streamline","Multi-Cast","Heatsinks"],"picked":"SKIP","floor":105},{"not_picked":["Ball Lightning","Streamline","Hologram"],"picked":"SKIP","floor":106},{"not_picked":["Coolheaded","Hologram","Sweeping Beam"],"picked":"SKIP","floor":109},{"not_picked":["ReplayTheSpireMod:Calculation Training","Scrape","Static Discharge"],"picked":"SKIP","floor":112},{"not_picked":["Go for the Eyes","Crystallizer","Rebound"],"picked":"SKIP","floor":113},{"not_picked":["hubris:PowerSurge","Stack","Cold Snap"],"picked":"SKIP","floor":116},{"not_picked":["Steam+1","FIFO Queue","Conserve Battery"],"picked":"SKIP","floor":120},{"not_picked":["Chaos+1","Rebound+1","Conserve Battery"],"picked":"SKIP","floor":121},{"not_picked":["Chaos+1","Rebound+1","Conserve Battery"],"picked":"SKIP","floor":121},{"not_picked":["BootSequence","Skim","Steam"],"picked":"SKIP","floor":122},{"not_picked":["BasicCrystalCard","Cold Snap","Force Field"],"picked":"SKIP","floor":125},{"not_picked":["Steam","Rip and Tear","Compile Driver"],"picked":"SKIP","floor":127},{"not_picked":["Darkness+1","Genetic Algorithm+1","Streamline"],"picked":"SKIP","floor":129},{"not_picked":["hubris:PowerSurge","Beam Cell","Tempest+1"],"picked":"SKIP","floor":130},{"not_picked":["Hologram","Tempest","Conserve Battery"],"picked":"SKIP","floor":131},{"not_picked":["Panic Button","Rebound","BasicCrystalCard"],"picked":"SKIP","floor":133},{"not_picked":["BootSequence+1","Reinforced Body+1","Barrage+1"],"picked":"SKIP","floor":137},{"not_picked":["Go for the Eyes+1","Coolheaded","Panic Button+1"],"picked":"SKIP","floor":139},{"not_picked":["hubris:SpecializedCircuitry","Gash","Cold Snap"],"picked":"SKIP","floor":142},{"not_picked":["Go for the Eyes","Coolheaded","Streamline"],"picked":"SKIP","floor":144},{"not_picked":["Static Discharge+1","Cold Snap+1","Steam+1"],"picked":"SKIP","floor":148},{"not_picked":["Defragment+1","Steam","Panic Button+1"],"picked":"SKIP","floor":149}],"player_experience":38974,"relics_obtained":[{"floor":8.0,"key":"StoneCalendar"},{"floor":11.0,"key":"Replay:Bottled Eggs"},{"floor":13.0,"key":"War Paint"},{"floor":20.0,"key":"Blood Vial"},{"floor":24.0,"key":"Ancient Tea Set"},{"floor":26.0,"key":"aspiration:FaultyCoupler"},{"floor":27.0,"key":"hubris:RGBLights"},{"floor":30.0,"key":"Replay:Multitool"},{"floor":40.0,"key":"aspiration:Lifesprig"},{"floor":43.0,"key":"Boot"},{"floor":46.0,"key":"Blue Doll"},{"floor":56.0,"key":"Orichalcum"},{"floor":57.0,"key":"Geode"},{"floor":60.0,"key":"Replay:WaspNest"},{"floor":63.0,"key":"Smiling Mask"},{"floor":64.0,"key":"Replay:Mystery Machine"},{"floor":72.0,"key":"Red Mask"},{"floor":77.0,"key":"Garlic"},{"floor":78.0,"key":"Girya"},{"floor":80.0,"key":"ReplayFunnel"},{"floor":82.0,"key":"Bottled Flame"},{"floor":92,"key":"InkBottle"},{"floor":94,"key":"Pen Nib"},{"floor":97,"key":"hubris:ToyBattleship"},{"floor":99,"key":"Replay:Rubber Ducky"},{"floor":109,"key":"aspiration:EnhancedActuators"},{"floor":111,"key":"hubris:SoftwareUpdate"},{"floor":112,"key":"Replay:Towering Pillar of Hats"},{"floor":119,"key":"Bronze Scales"},{"floor":119,"key":"Chameleon Ring"},{"floor":119,"key":"Peace Pipe"},{"floor":124,"key":"aspiration:Stabinomicon"},{"floor":125,"key":"Bag of Preparation"},{"floor":127,"key":"Carrot"},{"floor":128,"key":"Gremlin Horn"},{"floor":131,"key":"Pondfish Scales"},{"floor":138,"key":"Durian"},{"floor":142,"key":"Nunchaku"},{"floor":144,"key":"Eternal Feather"},{"floor":145,"key":"aspiration:AnachronicSnailShell"}],"event_choices":[{"damage_healed":0.0,"max_hp_gain":0.0,"max_hp_loss":0.0,"gold_gain":75.0,"event_name":"FaceTrader","player_choice":"Touch","floor":2.0,"gold_loss":0.0,"damage_taken":7.0},{"damage_healed":0.0,"max_hp_gain":0.0,"max_hp_loss":0.0,"gold_gain":0.0,"event_name":"Accursed Blacksmith","player_choice":"Forge","floor":10.0,"gold_loss":0.0,"damage_taken":0.0,"cards_upgraded":["Sweeping Beam"]},{"cards_removed":["Strike_B"],"damage_healed":0.0,"max_hp_gain":0.0,"max_hp_loss":0.0,"gold_gain":0.0,"event_name":"Purifier","player_choice":"Purged","floor":36.0,"gold_loss":0.0,"damage_taken":0.0},{"cards_removed":["Machine Learning"],"damage_healed":0.0,"max_hp_gain":0.0,"max_hp_loss":0.0,"gold_gain":0.0,"event_name":"Falling","player_choice":"Removed Power","floor":48.0,"gold_loss":0.0,"damage_taken":0.0},{"damage_healed":0.0,"max_hp_gain":0.0,"max_hp_loss":0.0,"gold_gain":30.0,"event_name":"Dead Adventurer","player_choice":"Searched \u00272\u0027 times","floor":56.0,"gold_loss":0.0,"damage_taken":0.0},{"damage_healed":0.0,"max_hp_gain":0.0,"max_hp_loss":6.0,"gold_gain":0.0,"event_name":"Golden Idol","player_choice":"Lose Max HP","floor":65.0,"gold_loss":0.0,"damage_taken":0.0,"relics_obtained":["Golden Idol"]},{"cards_removed":["Amplify"],"damage_healed":5.0,"max_hp_gain":10.0,"max_hp_loss":0.0,"gold_gain":0.0,"event_name":"Bonfire Elementals","player_choice":"Offered Rare","floor":70.0,"gold_loss":0.0,"damage_taken":0.0},{"damage_healed":0.0,"max_hp_gain":0.0,"max_hp_loss":0.0,"gold_gain":0.0,"event_name":"Masked Bandits","player_choice":"Fought Bandits","floor":72.0,"gold_loss":0.0,"damage_taken":0.0},{"damage_healed":0.0,"max_hp_gain":0.0,"max_hp_loss":0.0,"gold_gain":0.0,"event_name":"Drug Dealer","player_choice":"Inject Mutagens","floor":75.0,"gold_loss":0.0,"damage_taken":0.0,"relics_obtained":["MutagenicStrength"]},{"cards_removed":["Ball Lightning"],"damage_healed":0,"gold_gain":0,"player_choice":"Purged","damage_taken":0,"max_hp_gain":0,"max_hp_loss":0,"event_name":"Purifier","floor":115,"gold_loss":0},{"damage_healed":0,"gold_gain":0,"player_choice":"Obtained Book","damage_taken":16,"max_hp_gain":0,"max_hp_loss":0,"event_name":"Cursed Tome","floor":124,"gold_loss":0},{"damage_healed":0,"gold_gain":0,"player_choice":"Fight","damage_taken":0,"max_hp_gain":0,"max_hp_loss":0,"event_name":"MindBloom","floor":138,"gold_loss":0},{"cards_removed":["Conserve Battery"],"damage_healed":0,"gold_gain":0,"player_choice":"Purged","damage_taken":0,"max_hp_gain":0,"max_hp_loss":0,"event_name":"Purifier","floor":146,"gold_loss":0}],"is_beta":false,"boss_relics":[{"not_picked":["aspiration:SecretTechniqueScroll","aspiration:SilentSkillbook"],"picked":"Runic Dome"},{"not_picked":["Replay:Drink Me","Pandora\u0027s Box"],"picked":"ReplayTheSpireMod:SealedPack"},{"not_picked":["Snecko Heart","Ring of Chaos"],"picked":"Philosopher\u0027s Stone"},{"not_picked":["Ring of Chaos","Pandora\u0027s Box"],"picked":"Abe\u0027s Treasure"},{"not_picked":["Honey Jar","Snecko Heart"],"picked":"Empty Cage"},{"not_picked":["aspiration:SecretTechniqueScroll","SlaversCollar"],"picked":"Painkiller Herb"},{"not_picked":["ReplayTheSpireMod:Onyx Gauntlets","hubris:Stopwatch"],"picked":"Calling Bell"},{"not_picked":["FrozenCore","hubris:RunicObelisk"],"picked":"ChewingGum"},{"not_picked":["Snecko Eye","Sozu"],"picked":"Replay:Wanted Poster"}],"items_purged_floors":[21,45,47,53,55,79,88,95,107,123,132,140,150],"is_endless":true,"potions_floor_spawned":[4,7,8,11,12,14,16,18,22,24,30,31,35,42,46,50,52,56,59,71,73,80,81,82,84,86,87,90,92,96,97,98,99,101,103,104,105,106,109,112,113,116,118,120,121,122,125,127,129,130,131,133,135,137,138,139,142,144,148,149,152],"killed_by":"2 Louse","ascension_level":1}}