{"host":"li7nr9q4d53iu1rb","time":1612400290,"event":{"mods":["AchievementEnabler","BaseMod","Colored Map","Colored Powertips","Downfall","Highlight Path","Minty Spire (QoL Compilation)","Permanent Neow","Quick Restart","Random Character Button","StSLib"],"gold_per_floor":[112,112,123,44,61,94,94,105,105,132,142,175,190,208,208,312,312,330,346,346,346,346,378,72,89,89,99,99,127,127,147,147,247,247,262,274,274,290,302,302,132,155,193,205,244,268,280,312,324,336,336],"floor_reached":50,"language":"ENG","playtime":3071,"items_purged":["Strike_B"],"score":762,"play_id":"5bdd1860-9e31-4246-bde8-96aaa46a934e","local_time":"20210203205810","is_ascension_mode":true,"campfire_choices":[{"floor":7.0,"key":"REST"},{"floor":15.0,"key":"REST"},{"floor":30.0,"key":"REST"},{"floor":32.0,"key":"REST"},{"data":"Amplify","floor":44.0,"key":"SMITH"},{"floor":47,"key":"RECALL"},{"floor":49,"key":"REST"}],"circlet_count":0,"master_deck":["Strike_B","Defend_B","Defend_B","Defend_B","Zap","Dualcast","Stack","Conserve Battery","Amplify","Aggregate","Hello World","Beam Cell","Rebound","Stack","Electrodynamics","Aggregate","Static Discharge","White Noise","Undo","Electrodynamics","Glacier","Storm+1","Shame","Coolheaded","Steam","RitualDagger","Aggregate","Storm","Static Discharge","Genetic Algorithm","Defragment","Seek","Storm","Stack","Amplify+1","Glacier+1","Force Field","Mayhem","Echo Form"],"relics":["Cracked Core","MealTicket","Kunai","Oddly Smooth Stone","Nuclear Battery","Turnip","Gambling Chip","Art of War","Bag of Marbles","Mercury Hourglass","HornCleat","SacredBark","MawBank","Bronze Scales","Vajra"],"acts_visited":["Exordium","TheCity","TheBeyond"],"potions_floor_usage":[50,50],"damage_taken":[{"damage":2.0,"enemies":"Small Slimes","floor":1.0,"turns":3.0},{"damage":1.0,"enemies":"Cultist","floor":3.0,"turns":4.0},{"damage":4.0,"enemies":"Jaw Worm","floor":5.0,"turns":4.0},{"damage":9.0,"enemies":"Lagavulin","floor":6.0,"turns":7.0},{"damage":3.0,"enemies":"3 Louse","floor":8.0,"turns":3.0},{"damage":15.0,"enemies":"3 Sentries","floor":10.0,"turns":7.0},{"damage":12.0,"enemies":"2 Fungi Beasts","floor":11.0,"turns":3.0},{"damage":23.0,"enemies":"Lagavulin","floor":12.0,"turns":6.0},{"damage":4.0,"enemies":"Blue Slaver","floor":13.0,"turns":5.0},{"damage":15.0,"enemies":"Gremlin Gang","floor":14.0,"turns":3.0},{"damage":0.0,"enemies":"Slime Boss","floor":16.0,"turns":5.0},{"damage":2.0,"enemies":"Spheric Guardian","floor":18.0,"turns":4.0},{"damage":7.0,"enemies":"Shell Parasite","floor":19.0,"turns":5.0},{"damage":22.0,"enemies":"Slavers","floor":23.0,"turns":3.0},{"damage":0.0,"enemies":"3 Cultists","floor":25.0,"turns":3.0},{"damage":22.0,"enemies":"Snake Plant","floor":27.0,"turns":4.0},{"damage":14.0,"enemies":"Book of Stabbing","floor":29.0,"turns":5.0},{"damage":0.0,"enemies":"Sentry and Sphere","floor":31.0,"turns":3.0},{"damage":36.0,"enemies":"Automaton","floor":33.0,"turns":8.0},{"damage":9.0,"enemies":"3 Shapes","floor":35.0,"turns":2.0},{"damage":4.0,"enemies":"Orb Walker","floor":36.0,"turns":3.0},{"damage":3.0,"enemies":"Jaw Worm Horde","floor":38.0,"turns":3.0},{"damage":0.0,"enemies":"Maw","floor":39.0,"turns":6.0},{"damage":0.0,"enemies":"Giant Head","floor":40.0,"turns":1.0},{"damage":0,"enemies":"Reptomancer","floor":45,"turns":3},{"damage":32,"enemies":"Writhing Mass","floor":46,"turns":3},{"damage":0,"enemies":"3 Darklings","floor":48,"turns":2},{"damage":97,"enemies":"Awakened One","floor":50,"turns":7}],"seed_played":"-7342020296015404167","potions_obtained":[{"floor":6.0,"key":"SpeedPotion"},{"floor":8.0,"key":"SteroidPotion"},{"floor":12.0,"key":"Dexterity Potion"},{"floor":13.0,"key":"EntropicBrew"},{"floor":14.0,"key":"SkillPotion"},{"floor":29.0,"key":"BlessingOfTheForge"},{"floor":33.0,"key":"Block Potion"},{"floor":36.0,"key":"Weak Potion"},{"floor":45,"key":"EssenceOfSteel"},{"floor":46,"key":"DistilledChaos"}],"is_trial":false,"path_per_floor":["M","?","M","$","M","E","R","M","T","E","M","E","M","M","R","B",null,"M","M","?","?","?","E","$","M","T","M","?","E","R","M","R","B",null,"M","M","?","M","M","E","$","T","T","R","E","M","R","M","R","B"],"character_chosen":"DEFECT","items_purchased":["Hello World","Storm","Art of War","Mayhem"],"campfire_rested":5,"item_purchase_floors":[4,24,24,41],"current_hp_per_floor":[73,73,72,72,68,59,75,72,72,57,45,22,18,3,25,25,75,73,66,66,66,60,38,53,53,53,31,31,17,39,39,61,25,75,66,62,62,59,59,59,74,74,74,74,74,42,42,42,64,0,0],"gold":336,"neow_bonus":"TRANSFORM_CARD","is_daily":false,"chose_seed":false,"campfire_upgraded":1,"win_rate":0.0,"timestamp":1612400290,"path_taken":["M","?","M","$","M","E","R","?","T","E","M","E","M","M","R","BOSS","M","?","?","?","?","E","?","M","T","?","?","E","R","M","R","BOSS","M","?","?","?","M","E","$","?","T","R","E","M","R","M","R","BOSS"],"items_purchased_type":["Card","Card","Relic","Card"],"build_version":"2020-12-22","purchased_purges":1,"victory":false,"max_hp_per_floor":[75,75,75,75,75,75,75,75,75,75,75,75,75,75,75,75,75,75,75,75,75,75,75,75,75,75,75,75,75,75,75,75,75,75,75,75,75,75,75,75,75,75,75,75,75,75,75,75,75,75,75],"card_choices":[{"not_picked":["Melter","Cold Snap"],"picked":"Conserve Battery","floor":1.0},{"not_picked":["Conserve Battery","Redo"],"picked":"Aggregate","floor":3.0},{"not_picked":["Sweeping Beam","Leap"],"picked":"Beam Cell","floor":5.0},{"not_picked":["Fusion","Barrage"],"picked":"Rebound","floor":6.0},{"not_picked":["Hologram","Gash"],"picked":"Stack","floor":8.0},{"not_picked":["Go for the Eyes","Compile Driver"],"picked":"Electrodynamics","floor":10.0},{"not_picked":["Chaos","Tempest"],"picked":"Aggregate","floor":11.0},{"not_picked":["Darkness","Coolheaded"],"picked":"Static Discharge","floor":12.0},{"not_picked":["Conserve Battery","Compile Driver"],"picked":"White Noise","floor":13.0},{"not_picked":["Turbo","Leap"],"picked":"Undo","floor":14.0},{"not_picked":["Fission","Reboot"],"picked":"Electrodynamics","floor":16.0},{"not_picked":["Beam Cell","Barrage+1"],"picked":"Glacier","floor":18.0},{"not_picked":["Hologram","Scrape"],"picked":"Storm+1","floor":19.0},{"not_picked":["Sweeping Beam+1","Rebound"],"picked":"Aggregate","floor":23.0},{"not_picked":["Melter","Beam Cell+1"],"picked":"Static Discharge","floor":25.0},{"not_picked":["Gash","Rebound+1","Sweeping Beam"],"picked":"SKIP","floor":27.0},{"not_picked":["Sweeping Beam","Ball Lightning"],"picked":"Genetic Algorithm","floor":29.0},{"not_picked":["Loop","Self Repair"],"picked":"Defragment","floor":31.0},{"not_picked":["Rainbow","Hyperbeam"],"picked":"Seek","floor":33.0},{"not_picked":["Conserve Battery","Steam Power+1"],"picked":"Storm","floor":35.0},{"not_picked":["Rebound+1","Auto Shields"],"picked":"Stack","floor":36.0},{"not_picked":["Storm","Cold Snap+1"],"picked":"Glacier+1","floor":38.0},{"not_picked":["Cold Snap+1","Stack+1"],"picked":"Force Field","floor":39.0},{"not_picked":["Scrape","Streamline+1","Leap"],"picked":"SKIP","floor":45},{"not_picked":["Stack+1","Go for the Eyes+1"],"picked":"Echo Form","floor":46},{"not_picked":["Cold Snap+1","Gash","Hologram+1"],"picked":"SKIP","floor":48}],"player_experience":266928,"relics_obtained":[{"floor":6.0,"key":"MealTicket"},{"floor":10.0,"key":"Kunai"},{"floor":12.0,"key":"Oddly Smooth Stone"},{"floor":23.0,"key":"Gambling Chip"},{"floor":26.0,"key":"Bag of Marbles"},{"floor":29.0,"key":"HornCleat"},{"floor":42.0,"key":"MawBank"},{"floor":43.0,"key":"Bronze Scales"},{"floor":45,"key":"Vajra"}],"event_choices":[{"damage_healed":0.0,"max_hp_gain":0.0,"max_hp_loss":0.0,"gold_gain":0.0,"event_name":"Match and Keep!","player_choice":"1 cards matched","floor":2.0,"gold_loss":0.0,"damage_taken":0.0,"cards_obtained":["Amplify"]},{"damage_healed":0.0,"max_hp_gain":0.0,"max_hp_loss":0.0,"gold_gain":0.0,"event_name":"Addict","player_choice":"Stole Relic","floor":20.0,"gold_loss":0.0,"damage_taken":0.0,"relics_obtained":["Turnip"],"cards_obtained":["Shame"]},{"damage_healed":0.0,"max_hp_gain":0.0,"max_hp_loss":0.0,"gold_gain":0.0,"cards_transformed":["Strike_B","Defend_B"],"event_name":"Drug Dealer","player_choice":"Became Test Subject","floor":21.0,"gold_loss":0.0,"damage_taken":0.0,"cards_obtained":["Coolheaded","Steam"]},{"damage_healed":0.0,"max_hp_gain":0.0,"max_hp_loss":0.0,"gold_gain":0.0,"event_name":"Nest","player_choice":"Joined the Cult","floor":22.0,"gold_loss":0.0,"damage_taken":6.0,"cards_obtained":["RitualDagger"]},{"damage_healed":0.0,"max_hp_gain":0.0,"max_hp_loss":0.0,"gold_gain":0.0,"event_name":"WeMeetAgain","player_choice":"Gave Potion","floor":28.0,"gold_loss":0.0,"damage_taken":0.0,"relics_obtained":["Mercury Hourglass"]},{"damage_healed":0.0,"max_hp_gain":0.0,"max_hp_loss":0.0,"gold_gain":0.0,"event_name":"Duplicator","player_choice":"Copied","floor":37.0,"gold_loss":0.0,"damage_taken":0.0,"cards_obtained":["Amplify"]}],"is_beta":false,"boss_relics":[{"not_picked":["Fusion Hammer","Snecko Eye"],"picked":"Nuclear Battery"},{"not_picked":["Pandora\u0027s Box","Tiny House"],"picked":"SacredBark"}],"items_purged_floors":[24],"is_endless":false,"potions_floor_spawned":[6,8,12,13,14,23,25,29,33,36,40,45,46],"killed_by":"Awakened One","ascension_level":3}}