{"host":"xo0glkmxta74xh34","time":1612479654,"event":{"mods":["BaseMod","Downfall","Minty Spire (QoL Compilation)","Replay The Spire","StSLib"],"gold_per_floor":[16,16,31,31,4,4,35,35,103,129,129,164,178,103,103,204,204,217,237,137,137,149,160,188,188,213,223,223,223,239,251,251,351,351,365,379,588,23,23,23,23],"floor_reached":40,"language":"ENG","playtime":1428,"items_purged":["Strike_B","Strike_B","Strike_B"],"score":614,"play_id":"34748eea-590f-4e63-a291-4cd974d58aed","local_time":"20210204170054","is_ascension_mode":false,"campfire_choices":[{"data":"Crow Ritual","floor":6.0,"key":"SMITH"},{"floor":8.0,"key":"REST"},{"floor":11.0,"key":"REST"},{"floor":15.0,"key":"REST"},{"floor":29.0,"key":"REST"},{"floor":32.0,"key":"REST"}],"circlet_count":0,"master_deck":["Defend_B","Defend_B","Defend_B","Zap","Dualcast","Crow Ritual+1","White Noise","All For One","Seek","ReplayTheSpireMod:Brewmster"],"relics":["Cracked Core","Darkstone Periapt","Lantern","Matryoshka","ReplayTheSpireMod:Lightbulb","Anchor","Bottled Tornado","Empty Cage","FaceOfCleric","Omamori","Chameleon Ring","Pantograph","Replay:Wax Seal","Black Star","Singing Bowl"],"acts_visited":["Exordium","TheCity","TheBeyond"],"potions_floor_usage":[40],"damage_taken":[{"damage":1.0,"enemies":"Jaw Worm","floor":1.0,"turns":4.0},{"damage":5.0,"enemies":"Cultist","floor":3.0,"turns":4.0},{"damage":46.0,"enemies":"Lagavulin","floor":7.0,"turns":8.0},{"damage":35.0,"enemies":"Gremlin Nob","floor":12.0,"turns":4.0},{"damage":0.0,"enemies":"Small Slimes","floor":13.0,"turns":3.0},{"damage":0.0,"enemies":"Fading Forest","floor":16.0,"turns":11.0},{"damage":5.0,"enemies":"Spheric Guardian","floor":18.0,"turns":3.0},{"damage":0.0,"enemies":"Shell Parasite","floor":19.0,"turns":1.0},{"damage":6.0,"enemies":"3 Cultists","floor":22.0,"turns":3.0},{"damage":0.0,"enemies":"Shelled Parasite and Fungi","floor":23.0,"turns":1.0},{"damage":22.0,"enemies":"Slavers","floor":24.0,"turns":3.0},{"damage":0.0,"enemies":"Chosen and Byrds","floor":27.0,"turns":3.0},{"damage":9.0,"enemies":"Centurion and Healer","floor":30.0,"turns":3.0},{"damage":0.0,"enemies":"Snake Plant","floor":31.0,"turns":2.0},{"damage":21.0,"enemies":"Pondfish","floor":33.0,"turns":5.0},{"damage":12.0,"enemies":"3 Shapes","floor":35.0,"turns":3.0},{"damage":28.0,"enemies":"Orb Walker","floor":36.0,"turns":4.0},{"damage":67,"enemies":"Reptomancer","floor":40,"turns":2}],"seed_played":"-3018027702928294111","potions_obtained":[{"floor":1.0,"key":"Weak Potion"},{"floor":3.0,"key":"Elixir"},{"floor":12.0,"key":"Fire Potion"},{"floor":18.0,"key":"PotionOfCapacity"},{"floor":19.0,"key":"Swift Potion"},{"floor":24.0,"key":"FearPotion"},{"floor":27.0,"key":"DuplicationPotion"}],"is_trial":false,"path_per_floor":["M","?","M","$","?","R","E","R","T","T","R","E","M","$","R","B",null,"M","M","$","?","M","M","E","?","T","M","?","R","M","M","R","B",null,"M","M","?","$","?","E"],"character_chosen":"DEFECT","items_purchased":["Singing Bowl","ReplayTheSpireMod:Brewmster"],"campfire_rested":5,"item_purchase_floors":[38,38],"current_hp_per_floor":[74,74,69,69,69,69,23,45,45,45,67,32,32,32,54,54,75,70,70,70,70,65,66,45,45,45,46,40,63,55,56,80,61,82,71,44,44,44,65,0,0],"gold":23,"neow_bonus":"RANDOM_COLORLESS_2","is_daily":false,"chose_seed":false,"campfire_upgraded":1,"win_rate":0.0,"timestamp":1612479654,"path_taken":["M","?","?","$","?","R","E","R","T","?","R","E","M","$","R","BOSS","M","M","$","?","?","M","E","?","T","?","?","R","M","M","R","BOSS","M","?","?","$","?","E"],"items_purchased_type":["Relic","Card"],"build_version":"2020-12-22","purchased_purges":3,"victory":false,"max_hp_per_floor":[75,75,75,75,75,75,75,75,75,75,75,75,75,75,75,75,75,75,75,75,75,76,77,78,78,78,79,79,79,80,81,81,82,82,83,84,84,84,84,84,84],"card_choices":[{"not_picked":["Sadistic Nature","Violence"],"picked":"Crow Ritual","floor":0.0},{"not_picked":["Rebound","Turbo"],"picked":"White Noise","floor":1.0},{"not_picked":["Capacitor","Turbo","Reprogram"],"picked":"SKIP","floor":3.0},{"not_picked":["Sweeping Beam","Auto Shields","Gash"],"picked":"SKIP","floor":7.0},{"not_picked":["Loop","Doom and Gloom"],"picked":"All For One","floor":12.0},{"not_picked":["Storm","Conserve Battery","Streamline"],"picked":"SKIP","floor":13.0},{"not_picked":["Meteor Strike","ReplayRNGCard"],"picked":"Seek","floor":16.0},{"not_picked":["Beam Cell+1","Sweeping Beam","Hologram"],"picked":"SKIP","floor":18.0},{"not_picked":["Defragment+1","Leap","BasicCrystalCard+1"],"picked":"SKIP","floor":19.0},{"not_picked":["Cold Snap","ReplayTheSpireMod:Calculation Training+1","Steam Power+1"],"picked":"SKIP","floor":22.0},{"not_picked":["Steam+1","Blizzard","Sunder"],"picked":"SKIP","floor":23.0},{"not_picked":["White Noise","Hologram+1","BootSequence"],"picked":"SKIP","floor":24.0},{"not_picked":["Gash","FIFO Queue","Blizzard"],"picked":"SKIP","floor":27.0},{"not_picked":["BasicCrystalCard+1","Coolheaded","Sweeping Beam"],"picked":"SKIP","floor":30.0},{"not_picked":["Chill","Redo","BootSequence+1"],"picked":"SKIP","floor":31.0},{"not_picked":["ReplayTheSpireMod:GoodbyeWorld+1","Rebound","Barrage+1"],"picked":"SKIP","floor":35.0},{"not_picked":["BasicCrystalCard+1","Panic Button","FIFO Queue"],"picked":"SKIP","floor":36.0}],"player_experience":366814,"relics_obtained":[{"floor":7.0,"key":"Lantern"},{"floor":9.0,"key":"Matryoshka"},{"floor":10.0,"key":"ReplayTheSpireMod:Lightbulb"},{"floor":10.0,"key":"Anchor"},{"floor":12.0,"key":"Bottled Tornado"},{"floor":24.0,"key":"Omamori"},{"floor":25.0,"key":"Chameleon Ring"},{"floor":26.0,"key":"Pantograph"},{"floor":26.0,"key":"Replay:Wax Seal"}],"event_choices":[{"damage_healed":0.0,"max_hp_gain":0.0,"max_hp_loss":0.0,"gold_gain":0.0,"event_name":"WeMeetAgain","player_choice":"Gave Potion","floor":2.0,"gold_loss":0.0,"damage_taken":0.0,"relics_obtained":["Darkstone Periapt"]},{"damage_healed":0.0,"max_hp_gain":0.0,"max_hp_loss":0.0,"gold_gain":0.0,"event_name":"World of Goop","player_choice":"Left Gold","floor":5.0,"gold_loss":27.0,"damage_taken":0.0},{"damage_healed":0.0,"max_hp_gain":0.0,"max_hp_loss":0.0,"gold_gain":0.0,"event_name":"FaceTrader","player_choice":"Trade","floor":21.0,"gold_loss":0.0,"damage_taken":0.0,"relics_obtained":["FaceOfCleric"]},{"damage_healed":0.0,"max_hp_gain":0.0,"max_hp_loss":0.0,"gold_gain":0.0,"event_name":"Wheel of Change","player_choice":"Relic","floor":25.0,"gold_loss":0.0,"damage_taken":0.0},{"damage_healed":0.0,"max_hp_gain":0.0,"max_hp_loss":0.0,"gold_gain":0.0,"event_name":"Knowing Skull","player_choice":"","floor":28.0,"potions_obtained":[],"gold_loss":0.0,"damage_taken":6.0,"cards_obtained":[]},{"damage_healed":21.0,"max_hp_gain":0.0,"max_hp_loss":0.0,"gold_gain":0.0,"event_name":"Winding Halls","player_choice":"Writhe","floor":39.0,"gold_loss":0.0,"damage_taken":0.0,"cards_obtained":["Writhe"]}],"is_beta":false,"boss_relics":[{"not_picked":["Replay:Ancient Bell","Cursed Key"],"picked":"Empty Cage"},{"not_picked":["Nuclear Battery","Coffee Dripper"],"picked":"Black Star"}],"items_purged_floors":[14,20,38],"is_endless":false,"potions_floor_spawned":[1,3,12,18,19,24,27],"killed_by":"Reptomancer","ascension_level":0}}