{"host":"rb2p2z6v6vieend5","time":1612480650,"event":{"mods":["BaseMod","Block Reminder","Colored Map","DeckTracker","Highlight Path","Minty Spire (QoL Compilation)","Random Character Button","Relic Stats"],"gold_per_floor":[119,119,69,69,69,69,84,84,84,104,104,142,142,160,160,281,281,295,295,320,103,103,103,103,27,27,27,27,27,40,40,40,160,160,175,175,25,25,46,46,66,66,66,66,66,105,105,105],"floor_reached":47,"language":"ENG","playtime":1845,"items_purged":["Strike_B"],"score":626,"play_id":"428d86dd-aa98-4804-bb57-99eb26535393","local_time":"20210205001730","is_ascension_mode":true,"campfire_choices":[{"data":"Zap","floor":6,"key":"SMITH"},{"data":"Dualcast","floor":8,"key":"SMITH"},{"floor":13,"key":"REST"},{"data":"Chaos","floor":15,"key":"SMITH"},{"floor":23,"key":"REST"},{"data":"Loop","floor":29,"key":"SMITH"},{"data":"Loop","floor":32,"key":"SMITH"},{"data":"Creative AI","floor":40,"key":"SMITH"},{"floor":42,"key":"REST"},{"floor":44,"key":"REST"}],"circlet_count":0,"master_deck":["Defend_B+1","Defend_B+1","Defend_B+1","Defend_B+1","Zap+1","Dualcast+1","Thunder Strike+1","FTL","Steam","Chaos+1","Leap+1","Gash","Creative AI+1","Ball Lightning","Self Repair","Loop+1","Hologram+1","Loop+1","Tempest+1","Creative AI+1","Redo+1"],"relics":["Cracked Core","Question Card","Juzu Bracelet","Golden Idol","Toxic Egg 2","Busted Crown","Cables","Tiny Chest","Calipers","Empty Cage","Chemical X","Molten Egg 2","Shuriken","The Courier"],"acts_visited":["Exordium","TheCity","TheBeyond"],"potions_floor_usage":[35,41,41,41,47,47],"damage_taken":[{"damage":0,"enemies":"2 Louse","floor":1,"turns":3},{"damage":7,"enemies":"Jaw Worm","floor":7,"turns":3},{"damage":0,"enemies":"Cultist","floor":10,"turns":2},{"damage":9,"enemies":"Lagavulin","floor":12,"turns":7},{"damage":0,"enemies":"Blue Slaver","floor":14,"turns":4},{"damage":41,"enemies":"Slime Boss","floor":16,"turns":10},{"damage":33,"enemies":"Shell Parasite","floor":18,"turns":6},{"damage":17,"enemies":"Spheric Guardian","floor":20,"turns":4},{"damage":14,"enemies":"Cultist and Chosen","floor":30,"turns":6},{"damage":18,"enemies":"Champ","floor":33,"turns":7},{"damage":21,"enemies":"Orb Walker","floor":35,"turns":4},{"damage":19,"enemies":"3 Darklings","floor":39,"turns":5},{"damage":30,"enemies":"Writhing Mass","floor":41,"turns":4},{"damage":33,"enemies":"Giant Head","floor":46,"turns":6},{"damage":40,"enemies":"Jaw Worm Horde","floor":47,"turns":3}],"seed_played":"7539121062660587952","potions_obtained":[{"floor":10,"key":"PotionOfCapacity"},{"floor":14,"key":"EntropicBrew"},{"floor":20,"key":"Fruit Juice"},{"floor":35,"key":"AttackPotion"}],"is_trial":false,"path_per_floor":["M","?","?","?","T","R","M","R","T","M","?","E","R","M","R","B",null,"M","?","M","$","?","R","?","$","T","?","?","R","M","?","R","B",null,"M","?","$","?","M","R","M","R","T","R","T","E","M"],"character_chosen":"DEFECT","items_purchased":["Loop","Cold Snap","Hologram+1","Loop","Chemical X"],"campfire_rested":4,"item_purchase_floors":[21,21,21,25,37],"current_hp_per_floor":[68,61,61,46,46,46,39,39,39,39,39,30,50,50,50,9,54,21,21,11,11,11,31,31,31,31,54,54,54,40,40,40,29,59,50,50,50,50,38,38,8,30,30,52,52,26,0,0],"gold":105,"neow_bonus":"ONE_RANDOM_RARE_CARD","is_daily":false,"chose_seed":false,"campfire_upgraded":6,"win_rate":0.0,"timestamp":1612480650,"path_taken":["M","?","?","?","?","R","M","R","T","M","?","E","R","M","R","BOSS","M","?","M","$","?","R","?","?","T","?","?","R","M","?","R","BOSS","M","?","$","?","M","R","M","R","T","R","?","E","M"],"items_purchased_type":["Card","Card","Card","Card","Relic"],"build_version":"2020-12-22","purchased_purges":1,"victory":false,"max_hp_per_floor":[75,75,75,75,75,75,75,75,75,75,69,69,69,69,69,69,69,69,69,69,69,69,69,69,69,69,69,69,69,69,69,69,69,69,74,74,74,74,74,74,74,74,74,74,74,74,74,74],"relic_stats":{"Busted Crown":16,"counters":[15,74],"Golden Idol":90,"Shuriken":[0],"Tiny Chest":1,"Juzu Bracelet":5,"Chemical X":[4],"Question Card":13,"obtain_stats":[{"Calipers":31,"Golden Idol":11,"The Courier":46,"Juzu Bracelet":9,"Question Card":5,"Empty Cage":34,"Cables":26,"Busted Crown":17,"Shuriken":45,"Tiny Chest":28,"Molten Egg 2":43,"Chemical X":37,"Toxic Egg 2":12,"Cracked Core":0},{"Calipers":9,"Golden Idol":3,"The Courier":14,"Juzu Bracelet":2,"Question Card":1,"Empty Cage":10,"Cables":8,"Busted Crown":6,"Shuriken":13,"Tiny Chest":8,"Molten Egg 2":13,"Chemical X":11,"Toxic Egg 2":4,"Cracked Core":0},{"Calipers":45,"Golden Idol":8,"The Courier":71,"Juzu Bracelet":6,"Question Card":3,"Empty Cage":52,"Cables":39,"Busted Crown":29,"Shuriken":65,"Tiny Chest":39,"Molten Egg 2":65,"Chemical X":56,"Toxic Egg 2":15,"Cracked Core":0}],"Cables":[33,27,1,0,5]},"card_choices":[{"not_picked":["Redo","Barrage"],"picked":"FTL","floor":1},{"not_picked":["Streamline","Go for the Eyes","Consume"],"picked":"Steam","floor":7},{"not_picked":["Streamline","Doom and Gloom","Steam"],"picked":"Chaos","floor":10},{"not_picked":["Recycle+1","Meteor Strike","Reprogram+1"],"picked":"Leap+1","floor":12},{"not_picked":["Compile Driver","Sweeping Beam","Beam Cell"],"picked":"Gash","floor":14},{"not_picked":["Seek+1","All For One","Fission+1"],"picked":"Creative AI","floor":16},{"not_picked":["Consume+1"],"picked":"Ball Lightning","floor":18},{"not_picked":["Sunder","Beam Cell"],"picked":"SKIP","floor":20},{"not_picked":["Steam+1"],"picked":"Tempest+1","floor":30},{"not_picked":["Hyperbeam"],"picked":"Creative AI","floor":33},{"not_picked":["Gash","Skim+1"],"picked":"SKIP","floor":35},{"not_picked":["Darkness+1"],"picked":"Redo+1","floor":39},{"not_picked":["Rebound+1","Lockon+1"],"picked":"SKIP","floor":41},{"not_picked":["Steam+1","Barrage+1"],"picked":"SKIP","floor":46}],"player_experience":692257,"relics_obtained":[{"floor":5,"key":"Question Card"},{"floor":9,"key":"Juzu Bracelet"},{"floor":12,"key":"Toxic Egg 2"},{"floor":26,"key":"Cables"},{"floor":43,"key":"Molten Egg 2"},{"floor":45,"key":"Shuriken"},{"floor":46,"key":"The Courier"}],"event_choices":[{"cards_removed":["Strike_B"],"damage_healed":0,"gold_gain":0,"player_choice":"Card Removal","damage_taken":7,"max_hp_gain":0,"max_hp_loss":0,"event_name":"Golden Wing","floor":2,"gold_loss":0},{"cards_removed":["Strike_B"],"damage_healed":0,"gold_gain":0,"player_choice":"Card Removal","damage_taken":0,"max_hp_gain":0,"max_hp_loss":0,"event_name":"The Cleric","floor":3,"gold_loss":50},{"damage_healed":0,"gold_gain":0,"player_choice":"Entered Light","damage_taken":15,"max_hp_gain":0,"max_hp_loss":0,"event_name":"Shining Light","floor":4,"gold_loss":0,"cards_upgraded":["Thunder Strike","Defend_B"]},{"damage_healed":0,"gold_gain":0,"player_choice":"Lose Max HP","damage_taken":0,"relics_obtained":["Golden Idol"],"max_hp_gain":0,"max_hp_loss":6,"event_name":"Golden Idol","floor":11,"gold_loss":0},{"damage_healed":0,"gold_gain":0,"player_choice":"1 cards matched","damage_taken":0,"max_hp_gain":0,"max_hp_loss":0,"event_name":"Match and Keep!","floor":19,"gold_loss":0,"cards_obtained":["Self Repair"]},{"damage_healed":0,"gold_gain":0,"player_choice":"Ignored","damage_taken":0,"max_hp_gain":0,"max_hp_loss":0,"event_name":"Vampires","floor":22,"gold_loss":0},{"damage_healed":0,"gold_gain":0,"player_choice":"Simplicity","damage_taken":0,"max_hp_gain":0,"max_hp_loss":0,"event_name":"Back to Basics","floor":24,"gold_loss":0,"cards_upgraded":["Strike_B","Defend_B","Defend_B","Defend_B"]},{"damage_healed":23,"gold_gain":0,"player_choice":"Heal","damage_taken":0,"max_hp_gain":0,"max_hp_loss":0,"event_name":"The Library","floor":27,"gold_loss":0},{"damage_healed":0,"gold_gain":0,"player_choice":"Stole Relic","damage_taken":0,"relics_obtained":["Tiny Chest"],"max_hp_gain":0,"max_hp_loss":0,"event_name":"Addict","floor":28,"gold_loss":0,"cards_obtained":["Shame"]},{"cards_removed":["Cold Snap"],"damage_healed":0,"gold_gain":0,"player_choice":"Gave Card","damage_taken":0,"relics_obtained":["Calipers"],"max_hp_gain":0,"max_hp_loss":0,"event_name":"WeMeetAgain","floor":31,"gold_loss":0},{"damage_healed":0,"gold_gain":0,"player_choice":"Ignored","damage_taken":0,"max_hp_gain":0,"max_hp_loss":0,"event_name":"Transmorgrifier","floor":36,"gold_loss":0},{"damage_healed":0,"gold_gain":0,"player_choice":"Forge","damage_taken":0,"max_hp_gain":0,"max_hp_loss":0,"event_name":"Accursed Blacksmith","floor":38,"gold_loss":0,"cards_upgraded":["Creative AI"]}],"is_beta":false,"boss_relics":[{"not_picked":["Fusion Hammer","Philosopher\u0027s Stone"],"picked":"Busted Crown"},{"not_picked":["Coffee Dripper","Tiny House"],"picked":"Empty Cage"}],"items_purged_floors":[21],"is_endless":false,"potions_floor_spawned":[10,14,20,35],"killed_by":"Jaw Worm Horde","ascension_level":7}}