{"host":"t3am9egsh7oyry6t","time":1612400556,"event":{"mods":["AchievementEnabler","BaseMod","Colored Powertips","Googly Eyes","Minty Spire (QoL Compilation)","Relic Stats","StSLib","Synergy Search"],"gold_per_floor":[119,119,134,145,165,165,191,191,218,218,218],"floor_reached":10,"language":"ENG","playtime":528,"items_purged":[],"score":116,"play_id":"c90b8475-a0e8-4ed3-8646-9c2dfbaa925b","local_time":"20210203170236","is_ascension_mode":true,"campfire_choices":[{"data":"Bash","floor":6,"key":"SMITH"},{"data":"Berserk","floor":8,"key":"SMITH"}],"circlet_count":0,"master_deck":["AscendersBane","Strike_R","Strike_R","Strike_R","Strike_R","Strike_R","Defend_R","Defend_R","Defend_R","Defend_R","Bash+1","Twin Strike","Cleave","Clothesline","Whirlwind","Berserk+1"],"relics":["Burning Blood","Art of War","Regal Pillow"],"acts_visited":["Exordium"],"potions_floor_usage":[],"damage_taken":[{"damage":11,"enemies":"Jaw Worm","floor":1,"turns":7},{"damage":7,"enemies":"Small Slimes","floor":3,"turns":3},{"damage":0,"enemies":"Cultist","floor":4,"turns":3},{"damage":12,"enemies":"Blue Slaver","floor":5,"turns":3},{"damage":50,"enemies":"3 Sentries","floor":7,"turns":9},{"damage":30,"enemies":"Gremlin Nob","floor":10,"turns":4}],"seed_played":"-8138171340499229142","potions_obtained":[],"is_trial":false,"path_per_floor":["M","?","M","M","M","R","E","R","T","E"],"character_chosen":"IRONCLAD","items_purchased":[],"campfire_rested":0,"item_purchase_floors":[],"current_hp_per_floor":[70,70,69,75,69,69,25,25,25,0,0],"gold":218,"neow_bonus":"TEN_PERCENT_HP_BONUS","is_daily":false,"chose_seed":false,"campfire_upgraded":2,"win_rate":0.0,"timestamp":1612400556,"path_taken":["M","?","M","M","M","R","E","R","T","E"],"items_purchased_type":[],"build_version":"2020-12-22","purchased_purges":0,"victory":false,"max_hp_per_floor":[82,82,82,82,82,82,82,82,82,82,82],"relic_stats":{"Regal Pillow":0,"counters":[6,29],"Art of War":[0],"obtain_stats":[{"Regal Pillow":9,"Art of War":7,"Burning Blood":0},{"Regal Pillow":5,"Art of War":5,"Burning Blood":0},{"Regal Pillow":25,"Art of War":25,"Burning Blood":0}],"Burning Blood":30},"card_choices":[{"not_picked":["Iron Wave","Heavy Blade"],"picked":"Twin Strike","floor":1},{"not_picked":["Flame Barrier","Heavy Blade"],"picked":"Cleave","floor":3},{"not_picked":["Intimidate","Sword Boomerang"],"picked":"Clothesline","floor":4},{"not_picked":["Reckless Charge","Warcry"],"picked":"Whirlwind","floor":5},{"not_picked":["Rampage","Iron Wave"],"picked":"Berserk","floor":7}],"player_experience":499204,"relics_obtained":[{"floor":7,"key":"Art of War"},{"floor":9,"key":"Regal Pillow"}],"event_choices":[{"damage_healed":0,"gold_gain":0,"player_choice":"Ignored","damage_taken":0,"max_hp_gain":0,"max_hp_loss":0,"event_name":"Liars Game","floor":2,"gold_loss":0}],"is_beta":false,"boss_relics":[],"items_purged_floors":[],"is_endless":false,"potions_floor_spawned":[],"killed_by":"Gremlin Nob","ascension_level":14}}