{"host":"eeeqmyc7a1933jos","time":1612482950,"event":{"mods":["2.2 Compatiblity","Act Like it!","BaseMod","CapriCore","Colored Powertips","Conspire","Downfall","Elementarium","Friendly Minions","Gensokyo","GifTheSpireLib","Gremlin Mod","Hallownest","Hermit","Hubris","Infinite Spire","Jorbs\u0027s Wanderer Trilogy","Marisa????????","Mimic Mod","Minty Spire (QoL Compilation)","Pale of the Ancients","Random Character Button","Random Character Mod","Rare Cards Sparkle","Reimu??????","Relic Sorter","Relic Stats","SIMod","StSLib","The Administrix","The Bug Knight","The Disciple","The Dragon Tamer","The Hierophant","The Immortal","The Marked","The Mystic","The Runesmith","The Senshi","The Servant 0.9.4","The Vixen","TheFirefly","Wandering Minibosses"],"gold_per_floor":[99,118,118,13,13,33,33,33,51,271,289,322,252,0,14,19,19],"floor_reached":16,"language":"ENG","playtime":1606,"items_purged":["hubris:Sloth"],"score":107,"play_id":"89b033a5-a8b1-4dd0-86b0-feb19786c853","local_time":"20210205005550","is_ascension_mode":true,"campfire_choices":[{"data":"hermit:Snapshot","floor":1,"key":"SMITH"},{"data":"infinitespire:NeuralNetwork","floor":8,"key":"SMITH"}],"circlet_count":0,"master_deck":["hermit:Strike_Hermit","hermit:Strike_Hermit","hermit:Strike_Hermit","hermit:Strike_Hermit","hermit:Defend_Hermit","hermit:Defend_Hermit+1","hermit:Defend_Hermit","hermit:Defend_Hermit","hermit:Covet+1","hermit:LowProfile","Doubt","infinitespire:NeuralNetwork+1","hermit:CursedWeapon+1","hermit:Scavenge","hermit:GhostlyPresence","hermit:Midnight","hermit:HoleUp","hermit:FlashPowder","hermit:ShadowCloak"],"relics":["hermit:Momento","Calipers","Gensokyo:Mercy","Anchor","Dream Catcher","The Courier"],"acts_visited":["Exordium"],"potions_floor_usage":[12],"damage_taken":[{"damage":0,"enemies":"Gensokyo:3_Fairies","floor":2,"turns":4},{"damage":4,"enemies":"Gensokyo:2_Kodama","floor":6,"turns":8},{"damage":10,"enemies":"Gensokyo:Gryphon","floor":9,"turns":6},{"damage":20,"enemies":"Gensokyo:2_Rabbits","floor":10,"turns":9},{"damage":5,"enemies":"Gensokyo:Kitsune","floor":11,"turns":6},{"damage":10,"enemies":"Gensokyo:Cirno","floor":12,"turns":9},{"damage":2,"enemies":"downfall:FleeingMerchant","floor":14,"turns":7},{"damage":2,"enemies":"Gensokyo:LivingMonolith","floor":15,"turns":6},{"damage":32,"enemies":"IC_STATUS_ARCHETYPE","floor":16,"turns":20}],"seed_played":"1180184383166648641","potions_obtained":[{"floor":9,"key":"Regen Potion"},{"floor":12,"key":"GrandPatriotsElixir:ReiMu"}],"is_trial":false,"path_per_floor":["R","M","?","COS","?","M","T","R","M","M","M","E","?","$","M","B"],"character_chosen":"HERMIT","items_purchased":["hermit:Midnight","hermit:HoleUp","hermit:FlashPowder","hermit:ShadowCloak"],"campfire_rested":0,"item_purchase_floors":[14,14,14,14],"current_hp_per_floor":[68,68,68,68,68,64,64,64,54,34,29,34,34,32,30,0,0],"gold":19,"neow_bonus":"ONE_RARE_RELIC","is_daily":false,"chose_seed":false,"campfire_upgraded":2,"win_rate":0.0,"timestamp":1612482950,"path_taken":["R","M","?","COS","?","?","T","R","M","M","M","E","?","$","M","BOSS"],"items_purchased_type":["Card","Card","Card","Card"],"build_version":"2020-12-22","purchased_purges":1,"victory":false,"max_hp_per_floor":[68,68,68,68,68,68,68,68,68,68,68,68,68,68,68,68,68],"relic_stats":{"Dream Catcher":0,"counters":[9,75],"obtain_stats":[{"Anchor":7,"Dream Catcher":9,"Calipers":0,"Gensokyo:Mercy":3,"The Courier":12,"hermit:Momento":0},{"Anchor":2,"Dream Catcher":3,"Calipers":0,"Gensokyo:Mercy":1,"The Courier":6,"hermit:Momento":0},{"Anchor":12,"Dream Catcher":16,"Calipers":0,"Gensokyo:Mercy":4,"The Courier":42,"hermit:Momento":0}]},"card_choices":[{"not_picked":["hermit:LuckOfTheDraw","hermit:Quickdraw"],"picked":"hermit:LowProfile","floor":2},{"not_picked":["infinitespire:FutureSight","infinitespire:Gouge"],"picked":"infinitespire:NeuralNetwork","floor":5},{"not_picked":["hermit:Quickdraw+1","hermit:CalledShot+1"],"picked":"hermit:CursedWeapon+1","floor":6},{"not_picked":["hermit:Vantage","hermit:Virtue"],"picked":"hermit:Scavenge","floor":6},{"not_picked":["hermit:Manifest","hermit:DeadMansHand","hermit:CursedWeapon"],"picked":"SKIP","floor":9},{"not_picked":["hermit:BlackWind","hermit:CalledShot","hermit:SprayPray"],"picked":"SKIP","floor":10},{"not_picked":["hermit:CalledShot","hermit:Combo","hermit:FullyLoaded"],"picked":"SKIP","floor":11},{"not_picked":["hermit:EyeOfTheStorm","hermit:Showdown"],"picked":"hermit:GhostlyPresence","floor":12},{"not_picked":["hermit:Roulette","hermit:TakeAim","hermit:Brawl"],"picked":"SKIP","floor":14},{"not_picked":["hermit:Malice","hermit:Roulette","hermit:Enervate"],"picked":"SKIP","floor":15}],"player_experience":1647495,"relics_obtained":[{"floor":7,"key":"Anchor"},{"floor":12,"key":"The Courier"}],"event_choices":[],"is_beta":false,"boss_relics":[],"items_purged_floors":[14],"is_endless":false,"potions_floor_spawned":[9,12],"killed_by":"IC_STATUS_ARCHETYPE","ascension_level":1}}