{"host":"d0y5v5lostuas3k8","time":1612426772,"event":{"mods":["AchievementEnabler","BaseMod","Colored Map","Colored Powertips","Lobotomy","Minty Spire (QoL Compilation)","Permanent Neow","Quick Restart","StSLib","SuperFastMode"],"gold_per_floor":[112,126,141,141,141,141,153,165,165,165,165,165,178,353,353,353,353],"floor_reached":16,"language":"KOR","playtime":1077,"items_purged":[],"score":92,"play_id":"65809151-aa47-4f80-a39b-5e4c1987b665","local_time":"20210204171932","is_ascension_mode":false,"campfire_choices":[],"circlet_count":0,"master_deck":["SpecialBullet","SpecialBullet","SpecialBullet","SpecialBullet","SpecialBullet","SpecialBullet","SpecialBullet","InformationCode","RecordCode","ExtractionCode","InTheNameOfLoveAndHate","SomewhereSpear","Penitence","MHz","Gaze","DreamingCurrent","Doubt"],"relics":["CogitoBucket","RabbitCall","Bag of Preparation","Ginger","Golden Idol","SkinProphecy"],"acts_visited":["Exordium"],"potions_floor_usage":[16],"damage_taken":[{"damage":6.0,"enemies":"Cultist","floor":1.0,"turns":3.0},{"damage":6.0,"enemies":"2 Louse","floor":2.0,"turns":3.0},{"damage":11.0,"enemies":"Jaw Worm","floor":3.0,"turns":3.0},{"damage":0.0,"enemies":"Looter","floor":7.0,"turns":4.0},{"damage":6.0,"enemies":"3 Louse","floor":8.0,"turns":4.0},{"damage":24,"enemies":"Lots of Slimes","floor":13,"turns":5},{"damage":150,"enemies":"Hexaghost","floor":16,"turns":21}],"seed_played":"-5721998280038808014","potions_obtained":[{"floor":3.0,"key":"LiquidMemories"},{"floor":7.0,"key":"FearPotion"},{"floor":13,"key":"Ancient Potion"}],"is_trial":false,"path_per_floor":["M","M","M","?","$","R","M","M","T","R","?","R","M","?","R","B"],"character_chosen":"Angela","items_purchased":[],"campfire_rested":0,"item_purchase_floors":[],"current_hp_per_floor":[64,58,47,40,40,40,40,34,34,34,34,34,14,14,14,0,0],"gold":353,"neow_bonus":"RANDOM_COMMON_RELIC","is_daily":false,"chose_seed":false,"campfire_upgraded":0,"win_rate":0.0,"timestamp":1612426772,"path_taken":["M","M","M","?","$","R","M","M","T","R","?","R","M","?","R","BOSS"],"items_purchased_type":[],"build_version":"2020-12-22","purchased_purges":0,"victory":false,"max_hp_per_floor":[70,70,70,70,70,70,70,70,70,70,65,65,69,69,69,71,71],"card_choices":[{"not_picked":["Noise"],"picked":"InTheNameOfLoveAndHate","floor":1.0},{"not_picked":["Diffraction"],"picked":"SomewhereSpear","floor":1.0},{"not_picked":["Beak"],"picked":"Penitence","floor":2.0},{"not_picked":["Diffraction","CherryBlossom"],"picked":"SKIP","floor":2.0},{"not_picked":["QueenBee","PunishingBird"],"picked":"MHz","floor":3.0},{"not_picked":["TodaysExpression","ParadiseLost"],"picked":"SKIP","floor":3.0},{"not_picked":["MagicBullet","Lantern"],"picked":"SKIP","floor":3.0},{"not_picked":["Soda","CUTE"],"picked":"SKIP","floor":7.0},{"not_picked":["SoundOfStar","CherryBlossom"],"picked":"SKIP","floor":7.0},{"not_picked":["Harmony"],"picked":"Gaze","floor":8.0},{"not_picked":["Tough"],"picked":"Hornet","floor":8.0},{"not_picked":["Horn","Hypocrisy"],"picked":"SKIP","floor":8.0},{"not_picked":["Variant","PunishingBird","BeautyBeast"],"picked":"Singing Bowl","floor":13},{"not_picked":["OSAHOGD","Murderer"],"picked":"DreamingCurrent","floor":13},{"not_picked":["RapturousDream","Adoration","WristCuter"],"picked":"SKIP","floor":13}],"player_experience":254325,"relics_obtained":[{"floor":9.0,"key":"Ginger"}],"event_choices":[{"cards_removed":["SpecialBullet"],"damage_healed":0.0,"max_hp_gain":0.0,"max_hp_loss":0.0,"gold_gain":0.0,"event_name":"Golden Wing","player_choice":"Card Removal","floor":4.0,"gold_loss":0.0,"damage_taken":7.0},{"damage_healed":0.0,"max_hp_gain":0.0,"max_hp_loss":5.0,"gold_gain":0.0,"event_name":"Golden Idol","player_choice":"Lose Max HP","floor":11.0,"gold_loss":0.0,"damage_taken":0.0,"relics_obtained":["Golden Idol"]},{"damage_healed":0,"gold_gain":175,"player_choice":"AGREE","damage_taken":0,"max_hp_gain":0,"max_hp_loss":0,"event_name":"Liars Game","floor":14,"gold_loss":0,"cards_obtained":["Doubt"]}],"is_beta":false,"boss_relics":[],"items_purged_floors":[],"is_endless":false,"potions_floor_spawned":[3,7,13],"killed_by":"Hexaghost","ascension_level":0}}