{"host":"9glxjasd35ghdaim","time":1612478183,"event":{"mods":["Act Like it!","AlwaysNeverKeys","Aspiration","Bard","BaseMod","Better Third Choice","CCEM2","CapriCore","Colored Map","Colored Powertips","Conspire","Dark Map","Displayed Cursed Tome","Energized Spire","GifTheSpireLib","Halation","Hermit","Hubris","Infinite Spire","Jorbs\u0027s Wanderer Trilogy","Luminous","Marisa????????","Minty Spire (QoL Compilation)","Permanent Neow","Quick Restart","Random Character Button","Rare Cards Sparkle","Reliquary","Replay The Spire","Shade Mod","Spicy Shops","StS++","StSLib","Stuff the Spire","The Administrix","The Animator","The Blue Laboratory","The Bug Knight","The Construct","The Cursed","The Disciple","The Florist","The Hierophant","The Problem Sleuth","The Senshi","The Servant 0.9.4","The Wild Card","TheSwordswoman","Unceasing Turn Reminder","Wandering Minibosses"],"gold_per_floor":[116,116,116,129,129,140,140,167,167,192,212,4,4,4],"floor_reached":13,"language":"ENG","playtime":1138,"items_purged":["Strike_G"],"score":98,"play_id":"a917ca78-6d80-4144-85e9-1aa58adb8c13","local_time":"20210204173623","is_ascension_mode":true,"campfire_choices":[{"data":"Cloak And Dagger","floor":7,"key":"SMITH"}],"circlet_count":0,"master_deck":["Strike_G","Strike_G","Strike_G","Strike_G","Defend_G","Defend_G","Defend_G","Defend_G","Defend_G","Survivor","Neutralize","Backflip","Cloak And Dagger+1","StuffTheSpire:CuriosityCurse","StuffTheSpire:Incursion","StuffTheSpire:FinalStruggle","StSpp:ChainedTrap","Quick Slash","StuffTheSpire:Injection","Infinite Blades","Infinite Blades"],"relics":["Ring of the Snake","StuffTheSpire:HeavyRock","CCEMRelics:Barrel","Ring of Panic","ReplayFunnel","Chameleon Ring","CCEMRelics:D6","reliquary:RosewoodLute"],"acts_visited":["Exordium"],"potions_floor_usage":[10,11],"damage_taken":[{"damage":0,"enemies":"conspire:RoseBush","floor":1,"turns":3},{"damage":1,"enemies":"Jaw Worm","floor":4,"turns":4},{"damage":0,"enemies":"2 Louse","floor":6,"turns":4},{"damage":45,"enemies":"Gremlin Nob","floor":8,"turns":5},{"damage":10,"enemies":"Lagavulin","floor":10,"turns":4},{"damage":0,"enemies":"Looter","floor":11,"turns":3},{"damage":19,"enemies":"HollowMod:MossKnight","floor":13,"turns":9}],"seed_played":"4590185937675132805","potions_obtained":[{"floor":4,"key":"blueLaboratory:EnvenomedCoating"},{"floor":10,"key":"FearPotion"}],"is_trial":false,"path_per_floor":["M","?","T","M","?","M","R","E","T","E","M","$","E"],"character_chosen":"THE_SILENT","items_purchased":["Infinite Blades","reliquary:RosewoodLute"],"campfire_rested":0,"item_purchase_floors":[12,12],"current_hp_per_floor":[70,70,70,69,69,69,69,24,24,14,14,14,0,0],"gold":4,"neow_bonus":"THREE_CARDS","is_daily":false,"chose_seed":false,"campfire_upgraded":1,"win_rate":0.0,"timestamp":1612478183,"path_taken":["M","?","?","M","?","M","R","E","T","E","M","$","E"],"items_purchased_type":["Card","Relic"],"build_version":"2020-12-22","purchased_purges":1,"victory":false,"max_hp_per_floor":[70,70,70,70,70,70,70,70,70,70,70,70,70,70],"card_choices":[{"not_picked":["StuffTheSpire:Python","Crippling Poison"],"picked":"Backflip","floor":0},{"not_picked":["StuffTheSpire:Incursion","StSpp:TimeParadox"],"picked":"Cloak And Dagger","floor":1},{"not_picked":["PiercingWail","All Out Attack"],"picked":"StuffTheSpire:Incursion","floor":4},{"not_picked":["StuffTheSpire:BumpUp","StSpp:CorrosivePoison"],"picked":"StuffTheSpire:FinalStruggle","floor":6},{"not_picked":["Sneak Up","StSpp:Dive"],"picked":"StSpp:ChainedTrap","floor":8},{"not_picked":["StSpp:Throw","StSpp:Anticipation"],"picked":"Quick Slash","floor":10},{"not_picked":["Venomology","StuffTheSpire:Python"],"picked":"StuffTheSpire:Injection","floor":11}],"player_experience":254094,"relics_obtained":[{"floor":3,"key":"CCEMRelics:Barrel"},{"floor":5,"key":"Ring of Panic"},{"floor":8,"key":"ReplayFunnel"},{"floor":9,"key":"Chameleon Ring"},{"floor":10,"key":"CCEMRelics:D6"}],"event_choices":[],"is_beta":false,"boss_relics":[],"items_purged_floors":[12],"is_endless":false,"potions_floor_spawned":[4,10],"killed_by":"HollowMod:MossKnight","ascension_level":1}}