{"host":"yans4pr1zf0lm9bx","time":1612463274,"event":{"mods":["AchievementEnabler","BaseMod","Downfall","Minty Spire (QoL Compilation)","StSLib","SuperFastMode","slay the spire mod where everything is the same but ironclad has a cowboy hat"],"gold_per_floor":[99,116,216,141,241,124,124,139,89,108,168,10,10,30,49,144,144,94,107,107,120,134,134,134,24,55,5,33,46,46,60,60,60,60],"floor_reached":32,"language":"ENG","playtime":6302,"items_purged":["Slimebound:Strike_Slimebound","Slimebound:Defend_Slimebound"],"score":330,"play_id":"342feb6f-adfa-4eb1-a14a-924a6eafd9de","local_time":"20210204132754","is_ascension_mode":true,"campfire_choices":[{"data":"Slimebound:CorrosiveSpit","floor":1,"key":"SMITH"},{"data":"Slimebound:SlimeSlap","floor":9,"key":"SMITH"},{"floor":13,"key":"REST"},{"data":"Slimebound:Schlurp","floor":18,"key":"SMITH"},{"data":"Slimebound:SlimeTap","floor":27,"key":"SMITH"},{"data":"Slimebound:Recycling","floor":30,"key":"SMITH"}],"circlet_count":0,"master_deck":["Slimebound:Tackle","Slimebound:Defend_Slimebound","Slimebound:Defend_Slimebound","Slimebound:Defend_Slimebound","Slimebound:Split+1","Slimebound:CorrosiveSpit+1","Slimebound:SplitLeeching","Slimebound:ItLooksTasty","Slimebound:SlimeSlap+1","Slimebound:Dissolve","Slimebound:LeechingTouch","Slimebound:AcidTongue","Slimebound:TongueLash","Slimebound:Schlurp+1","Slimebound:RainOfGoop","Slimebound:SpikyOuterGoop","Slimebound:ItLooksTasty","Slimebound:MassFeed","Slimebound:LeadByExample","Slimebound:LeechEnergy","Slimebound:SlimeTap+1","Slimebound:SlimeSlap","Flash of Steel","Slimebound:LeechEnergy","Slimebound:Recycling+1","Slimebound:SlimeBrawl+1","Slimebound:LivingWall+1"],"relics":["Slimebound:AbsorbEndCombat","Slimebound:GreedOozeRelic","Matryoshka","Omamori","Membership Card","Coffee Dripper","Pen Nib","The Courier","Ginger"],"acts_visited":["Exordium","TheCity"],"potions_floor_usage":[22,23,28,29],"damage_taken":[{"damage":3,"enemies":"Small Slimes","floor":2,"turns":4},{"damage":54,"enemies":"downfall:Heads","floor":5,"turns":8},{"damage":0,"enemies":"downfall:FleeingMerchant","floor":6,"turns":4},{"damage":0,"enemies":"2 Louse","floor":8,"turns":2},{"damage":0,"enemies":"Cultist","floor":10,"turns":2},{"damage":27,"enemies":"Gremlin Nob","floor":11,"turns":4},{"damage":3,"enemies":"downfall:FleeingMerchant","floor":12,"turns":4},{"damage":0,"enemies":"Red Slaver","floor":14,"turns":3},{"damage":0,"enemies":"Blue Slaver","floor":15,"turns":3},{"damage":27,"enemies":"WA_ARCHETYPE_RETAIN","floor":16,"turns":7},{"damage":5,"enemies":"Spheric Guardian","floor":19,"turns":3},{"damage":12,"enemies":"3 Byrds","floor":21,"turns":5},{"damage":2,"enemies":"Centurion and Healer","floor":22,"turns":6},{"damage":0,"enemies":"Slavers","floor":23,"turns":1},{"damage":1,"enemies":"downfall:FleeingMerchant","floor":25,"turns":4},{"damage":27,"enemies":"Book of Stabbing","floor":26,"turns":5},{"damage":49,"enemies":"Slavers","floor":28,"turns":5},{"damage":6,"enemies":"3 Cultists","floor":29,"turns":3},{"damage":16,"enemies":"Shelled Parasite and Fungi","floor":31,"turns":4},{"damage":16,"enemies":"Snake Plant","floor":32,"turns":1}],"seed_played":"1558263306328779006","potions_obtained":[{"floor":11,"key":"Guardian:BlockOnCardUsePotion"},{"floor":14,"key":"SmokeBomb"},{"floor":21,"key":"Dexterity Potion"},{"floor":26,"key":"SpeedPotion"},{"floor":28,"key":"EssenceOfSteel"},{"floor":29,"key":"LiquidBronze"}],"is_trial":false,"path_per_floor":["R","M","?","?","?","$","T","M","R","M","?","$","R","M","M","B",null,"R","M","?","M","M","E","T","$","E","R","E","M","R","M","M"],"character_chosen":"SLIMEBOUND","items_purchased":["Slimebound:LeechingTouch","Membership Card","Flash of Steel"],"campfire_rested":1,"item_purchase_floors":[6,12,25],"current_hp_per_floor":[71,71,71,71,23,31,31,35,35,41,20,25,46,50,54,35,71,71,68,68,62,71,71,71,74,53,53,13,18,18,13,0,0,0],"gold":60,"neow_bonus":"TEN_PERCENT_HP_BONUS","is_daily":false,"chose_seed":false,"campfire_upgraded":5,"win_rate":0.0,"timestamp":1612463274,"path_taken":["R","M","?","?","?","$","T","M","R","M","?","?","R","M","M","BOSS","R","M","?","M","?","E","T","$","E","R","E","M","R","M","M"],"items_purchased_type":["Card","Relic","Card"],"build_version":"2020-12-22","purchased_purges":2,"victory":false,"max_hp_per_floor":[71,71,71,71,71,71,71,71,71,71,71,71,71,71,71,71,71,71,71,71,71,74,74,74,74,74,74,77,80,80,83,83,83,83],"card_choices":[{"not_picked":["Slimebound:SlimeSpikes","Slimebound:SplitAcid"],"picked":"Slimebound:SplitLeeching","floor":2},{"not_picked":["Slimebound:ComboTackle","Slimebound:Teamwork"],"picked":"Slimebound:ItLooksTasty","floor":5},{"not_picked":["Slimebound:RollThrough","Slimebound:LeechingTouch"],"picked":"Slimebound:Dissolve","floor":6},{"not_picked":["Slimebound:SplitLeeching","Slimebound:Prepare"],"picked":"Slimebound:AcidTongue","floor":8},{"not_picked":["Slimebound:FinishingTackle","Slimebound:RollThrough"],"picked":"Slimebound:TongueLash","floor":10},{"not_picked":["Slimebound:FlameTackle","Slimebound:ItLooksTasty"],"picked":"Slimebound:Schlurp","floor":11},{"not_picked":["Slimebound:ServeAndProtect","Slimebound:SlimeSpikes"],"picked":"Slimebound:RainOfGoop","floor":12},{"not_picked":["Slimebound:ForwardTackle","Slimebound:GoopTackle"],"picked":"Slimebound:SpikyOuterGoop","floor":14},{"not_picked":["Slimebound:SplitAcid","Slimebound:FinishingTackle"],"picked":"Slimebound:ItLooksTasty","floor":15},{"not_picked":["Slimebound:RallyTheTroops","Slimebound:CheckThePlaybook"],"picked":"Slimebound:MassFeed","floor":16},{"not_picked":["Slimebound:LeechEnergy","Slimebound:ProtectTheBoss"],"picked":"Slimebound:LeadByExample","floor":19},{"not_picked":["Slimebound:HauntingLick","Slimebound:SplitBruiser"],"picked":"Slimebound:LeechEnergy","floor":21},{"not_picked":["Slimebound:SlimeSpikes+1","Slimebound:GoopSpray"],"picked":"Slimebound:SlimeTap","floor":22},{"not_picked":["Slimebound:Prepare","Slimebound:ComboTackle"],"picked":"Slimebound:SlimeSlap","floor":25},{"not_picked":["Slimebound:BestDefense","Slimebound:PressTheAttack"],"picked":"Slimebound:LeechEnergy","floor":26},{"not_picked":["Slimebound:FlameTackle","Slimebound:LeechingTouch"],"picked":"Slimebound:Recycling","floor":28},{"not_picked":["Slimebound:AcidTongue","Slimebound:SlimeSpikes"],"picked":"Slimebound:SlimeBrawl+1","floor":29},{"not_picked":["Slimebound:LevelUp","Slimebound:SplitBruiser"],"picked":"Slimebound:LivingWall+1","floor":31}],"player_experience":325196,"relics_obtained":[{"floor":7,"key":"Matryoshka"},{"floor":11,"key":"Omamori"},{"floor":24,"key":"Pen Nib"},{"floor":26,"key":"The Courier"},{"floor":28,"key":"Ginger"}],"event_choices":[],"is_beta":false,"boss_relics":[{"not_picked":["bronze:MakeshiftBattery","Slimebound:AbsorbEndCombatUpgraded"],"picked":"Coffee Dripper"}],"items_purged_floors":[6,25],"is_endless":false,"potions_floor_spawned":[11,14,21,26,28,29],"killed_by":"Snake Plant","ascension_level":1}}