{"host":"if46sxignvy4ka0k","time":1612410576,"event":{"mods":["BaseMod","Minty Spire (QoL Compilation)","StSLib","The Cursed"],"gold_per_floor":[113,131,131,144,157,157,184,184,184,197,197,224,224,236,236,332,332,346,359,359,377,17,17,43,58,105,105,137,155,189,207,207,207,207],"floor_reached":33,"language":"ENG","playtime":1925,"items_purged":[],"score":369,"play_id":"53123755-f6fe-442f-9343-c7ccb82d2904","local_time":"20210203214936","is_ascension_mode":false,"campfire_choices":[{"data":"TheCursedMod:CircleOfFlame","floor":6,"key":"SMITH"},{"data":"TheCursedMod:CursedWand","floor":8,"key":"SMITH"},{"data":"TheCursedMod:VitalStrike","floor":11,"key":"SMITH"},{"data":"TheCursedMod:CursedBlade","floor":13,"key":"SMITH"},{"data":"TheCursedMod:LuckyCharm","floor":15,"key":"SMITH"},{"floor":23,"key":"REST"},{"floor":27,"key":"REST"},{"data":"TheCursedMod:CursedAmulet","floor":32,"key":"SMITH"}],"circlet_count":0,"master_deck":["TheCursedMod:Strike_TheCursed+1","TheCursedMod:Strike_TheCursed+1","TheCursedMod:Strike_TheCursed+1","TheCursedMod:Strike_TheCursed+1","TheCursedMod:Defend_TheCursed+1","TheCursedMod:Defend_TheCursed+1","TheCursedMod:Defend_TheCursed+1","TheCursedMod:Defend_TheCursed+1","TheCursedMod:CursedWand+1","TheCursedMod:CleanUpWorkshop","TheCursedMod:Dregs","Normality","TheCursedMod:SoulCrush","TheCursedMod:CircleOfFlame+1","TheCursedMod:CursedWand","Finesse","TheCursedMod:Hemoplague","TheCursedMod:Stigma","TheCursedMod:VitalStrike+1","TheCursedMod:Stretching","TheCursedMod:CursedBlade+1","TheCursedMod:LuckyCharm+1","TheCursedMod:AntiAging","TheCursedMod:CircleOfCorruption","TheCursedMod:Torture","TheCursedMod:FuryStrike","TheCursedMod:Hemoplague","TheCursedMod:SpitefulStrike+1","TheCursedMod:ReleasedKnowledge","TheCursedMod:CircleOfCorruption","TheCursedMod:Hemoplague","TheCursedMod:SpitefulPlan","TheCursedMod:CursedAmulet+1"],"relics":["TheCursedMod:BlackMagic101","Bird Faced Urn","Bag of Preparation","Torii","TheCursedMod:FourLeafCloverCharm","Lizard Tail","Bronze Scales","MealTicket","Prayer Wheel","Calipers"],"acts_visited":["Exordium","TheCity"],"potions_floor_usage":[7,7,24,25,29,30],"damage_taken":[{"damage":1,"enemies":"Cultist","floor":1,"turns":5},{"damage":1,"enemies":"2 Louse","floor":2,"turns":3},{"damage":1,"enemies":"Jaw Worm","floor":4,"turns":3},{"damage":5,"enemies":"2 Fungi Beasts","floor":5,"turns":4},{"damage":0,"enemies":"3 Sentries","floor":7,"turns":5},{"damage":3,"enemies":"Large Slime","floor":10,"turns":4},{"damage":3,"enemies":"Lagavulin","floor":12,"turns":8},{"damage":0,"enemies":"Gremlin Gang","floor":14,"turns":3},{"damage":37,"enemies":"The Guardian","floor":16,"turns":9},{"damage":12,"enemies":"Spheric Guardian","floor":18,"turns":4},{"damage":25,"enemies":"2 Thieves","floor":19,"turns":5},{"damage":24,"enemies":"Sentry and Sphere","floor":21,"turns":8},{"damage":31,"enemies":"Gremlin Leader","floor":24,"turns":9},{"damage":7,"enemies":"Snecko","floor":25,"turns":4},{"damage":24,"enemies":"Book of Stabbing","floor":28,"turns":5},{"damage":3,"enemies":"Chosen and Byrds","floor":29,"turns":6},{"damage":46,"enemies":"Slavers","floor":30,"turns":5},{"damage":25,"enemies":"Cultist and Chosen","floor":31,"turns":6},{"damage":43,"enemies":"Collector","floor":33,"turns":3}],"seed_played":"4223810616259202230","potions_obtained":[{"floor":2,"key":"AttackPotion"},{"floor":4,"key":"EssenceOfSteel"},{"floor":10,"key":"EssenceOfSteel"},{"floor":12,"key":"GamblersBrew"},{"floor":18,"key":"Fire Potion"},{"floor":25,"key":"Fruit Juice"},{"floor":30,"key":"SmokeBomb"}],"is_trial":false,"path_per_floor":["M","M","?","M","M","R","E","R","T","M","R","E","R","M","R","B",null,"M","M","?","M","$","R","E","M","T","R","E","M","E","M","R","B"],"character_chosen":"THE_CURSED","items_purchased":["Lizard Tail","TheCursedMod:Hemoplague"],"campfire_rested":2,"item_purchase_floors":[22,22],"current_hp_per_floor":[74,73,73,72,69,69,71,71,71,70,70,69,69,69,69,36,75,63,42,42,24,24,47,22,26,26,51,35,38,44,31,31,0,0],"gold":207,"neow_bonus":"ONE_RARE_RELIC","is_daily":false,"chose_seed":false,"campfire_upgraded":6,"win_rate":0.0,"timestamp":1612410576,"path_taken":["M","M","?","M","M","R","E","R","T","M","R","E","R","M","R","BOSS","M","M","?","M","$","R","E","M","T","R","E","M","E","M","R","BOSS"],"items_purchased_type":["Relic","Card"],"build_version":"2020-12-22","purchased_purges":0,"victory":false,"max_hp_per_floor":[75,75,75,75,75,75,75,75,75,75,75,75,75,75,75,75,75,75,77,77,79,79,79,79,84,84,84,86,86,88,90,90,90,90],"card_choices":[{"not_picked":["TheCursedMod:AshesToAshes","TheCursedMod:VitalStrike"],"picked":"TheCursedMod:SoulCrush","floor":1},{"not_picked":["TheCursedMod:AbyssShockwave","TheCursedMod:SpitefulStrike"],"picked":"TheCursedMod:CircleOfFlame","floor":2},{"not_picked":["TheCursedMod:RavingStaff","TheCursedMod:ReleasedKnowledge"],"picked":"TheCursedMod:Hemoplague","floor":4},{"not_picked":["TheCursedMod:SurpriseAttack","TheCursedMod:HellsGateOpen"],"picked":"TheCursedMod:Stigma","floor":5},{"not_picked":["TheCursedMod:SaltUponWound","TheCursedMod:SmokeScreen"],"picked":"TheCursedMod:VitalStrike","floor":7},{"not_picked":["TheCursedMod:FuryStrike","TheCursedMod:StingEye"],"picked":"TheCursedMod:Stretching","floor":10},{"not_picked":["TheCursedMod:CircleOfWindfury","TheCursedMod:CursedRelics"],"picked":"TheCursedMod:CursedBlade","floor":12},{"not_picked":["TheCursedMod:HellsGateOpen","TheCursedMod:CursedShiv"],"picked":"TheCursedMod:LuckyCharm","floor":14},{"not_picked":["TheCursedMod:CursedRelics","TheCursedMod:ForbiddenAlchemy"],"picked":"TheCursedMod:AntiAging","floor":16},{"not_picked":["TheCursedMod:LuckyCharm","TheCursedMod:SmokeScreen"],"picked":"TheCursedMod:CircleOfCorruption","floor":18},{"not_picked":["TheCursedMod:FleshFromBone","TheCursedMod:WearCloak"],"picked":"TheCursedMod:Torture","floor":19},{"not_picked":["TheCursedMod:Obscuration","TheCursedMod:CircleOfFlame"],"picked":"TheCursedMod:FuryStrike","floor":21},{"not_picked":["TheCursedMod:Neurasthenia","TheCursedMod:CursedMace","TheCursedMod:CircleOfAmplification+1"],"picked":"SKIP","floor":24},{"not_picked":["TheCursedMod:SurpriseAttack","TheCursedMod:SoulCrush"],"picked":"TheCursedMod:SpitefulStrike+1","floor":25},{"not_picked":["TheCursedMod:CircleOfBlood","TheCursedMod:Obscuration"],"picked":"TheCursedMod:ReleasedKnowledge","floor":28},{"not_picked":["TheCursedMod:ParallelWorld","TheCursedMod:TacticalStrike"],"picked":"TheCursedMod:CircleOfCorruption","floor":29},{"not_picked":["TheCursedMod:CircleOfFocus","TheCursedMod:CursedAmulet"],"picked":"TheCursedMod:Hemoplague","floor":29},{"not_picked":["TheCursedMod:AshesToAshes","TheCursedMod:Wield+1"],"picked":"TheCursedMod:SpitefulPlan","floor":30},{"not_picked":["TheCursedMod:FuryStrike+1","TheCursedMod:RavingStaff+1"],"picked":"TheCursedMod:CursedAmulet","floor":31},{"not_picked":["TheCursedMod:TacticalStrike+1","TheCursedMod:SoulReap","TheCursedMod:CursedShiv"],"picked":"SKIP","floor":31}],"player_experience":2125916,"relics_obtained":[{"floor":7,"key":"Bag of Preparation"},{"floor":12,"key":"Torii"},{"floor":24,"key":"Bronze Scales"},{"floor":26,"key":"MealTicket"},{"floor":28,"key":"Prayer Wheel"},{"floor":30,"key":"Calipers"}],"event_choices":[{"damage_healed":0,"gold_gain":0,"player_choice":"2 cards matched","damage_taken":0,"max_hp_gain":0,"max_hp_loss":0,"event_name":"Match and Keep!","floor":3,"gold_loss":0,"cards_obtained":["TheCursedMod:CursedWand","Finesse"]},{"damage_healed":0,"gold_gain":0,"player_choice":"Simplicity","damage_taken":0,"max_hp_gain":0,"max_hp_loss":0,"event_name":"Back to Basics","floor":20,"gold_loss":0,"cards_upgraded":["TheCursedMod:Strike_TheCursed","TheCursedMod:Strike_TheCursed","TheCursedMod:Strike_TheCursed","TheCursedMod:Strike_TheCursed","TheCursedMod:Defend_TheCursed","TheCursedMod:Defend_TheCursed","TheCursedMod:Defend_TheCursed","TheCursedMod:Defend_TheCursed"]}],"is_beta":false,"boss_relics":[{"not_picked":["TheCursedMod:OminousMark","Cursed Key"],"picked":"TheCursedMod:FourLeafCloverCharm"}],"items_purged_floors":[],"is_endless":false,"potions_floor_spawned":[2,4,10,12,18,21,25,30],"killed_by":"Collector","ascension_level":0}}