{"host":"dggqshehf2ar9kzd","time":1612471929,"event":{"mods":["BaseMod","Highlight Path","Minty Spire (QoL Compilation)"],"gold_per_floor":[110,123,139,89,89,122,122,133,133,159,6,6,6,40,40,144,144,160,178,188,188,215,242,242,242],"floor_reached":24,"language":"ENG","playtime":1661,"items_purged":["Defend_P"],"score":257,"play_id":"7d35715e-2a34-4157-8fc3-4025e2394ec6","local_time":"20210204155209","is_ascension_mode":true,"campfire_choices":[{"data":"TalkToTheHand","floor":7,"key":"SMITH"},{"floor":15,"key":"DIG"}],"circlet_count":0,"master_deck":["Eruption+1","Vigilance","Dramatic Entrance","FlurryOfBlows","TalkToTheHand+1","FlurryOfBlows","ClearTheMind","ClearTheMind","Wireheading","EmptyMind","ConjureBlade","CarveReality","Worship","DeceiveReality","Ragnarok","Vengeance","FlyingSleeves","FollowUp","Establishment"],"relics":["PureWater","Mercury Hourglass","Lizard Tail","Shovel","Bag of Marbles","Ice Cream","Pandora\u0027s Box","Oddly Smooth Stone","Meat on the Bone"],"acts_visited":["Exordium","TheCity"],"potions_floor_usage":[20,23],"damage_taken":[{"damage":0,"enemies":"Jaw Worm","floor":1,"turns":3},{"damage":0,"enemies":"Small Slimes","floor":2,"turns":2},{"damage":0,"enemies":"2 Louse","floor":3,"turns":2},{"damage":10,"enemies":"Gremlin Nob","floor":6,"turns":3},{"damage":0,"enemies":"Exordium Wildlife","floor":8,"turns":2},{"damage":7,"enemies":"Lagavulin","floor":10,"turns":4},{"damage":14,"enemies":"Gremlin Nob","floor":14,"turns":4},{"damage":18,"enemies":"The Guardian","floor":16,"turns":7},{"damage":5,"enemies":"Shell Parasite","floor":18,"turns":5},{"damage":3,"enemies":"Spheric Guardian","floor":19,"turns":3},{"damage":12,"enemies":"Snake Plant","floor":20,"turns":4},{"damage":32,"enemies":"Slavers","floor":23,"turns":4},{"damage":0,"enemies":"Centurion and Healer","floor":24,"turns":1}],"seed_played":"-768915455651972034","potions_obtained":[{"floor":1,"key":"Strength Potion"},{"floor":8,"key":"Ambrosia"},{"floor":18,"key":"SpeedPotion"},{"floor":19,"key":"Block Potion"}],"is_trial":false,"path_per_floor":["M","M","M","?","?","E","R","M","T","E","$","$","?","E","R","B",null,"M","M","M","?","T","E","M"],"character_chosen":"WATCHER","items_purchased":["Wireheading"],"campfire_rested":0,"item_purchase_floors":[11],"current_hp_per_floor":[72,72,72,72,72,62,62,62,62,55,55,55,55,41,41,23,72,67,64,52,52,52,20,20,20],"gold":242,"neow_bonus":"RANDOM_COLORLESS","is_daily":false,"chose_seed":false,"campfire_upgraded":1,"win_rate":0.0,"timestamp":1612471929,"path_taken":["M","M","M","?","?","E","R","M","T","E","?","$","?","E","R","BOSS","M","M","M","?","?","E","M"],"items_purchased_type":["Card"],"build_version":"2020-12-22","purchased_purges":1,"victory":false,"max_hp_per_floor":[72,72,72,72,72,72,72,72,72,72,72,72,72,72,72,72,72,72,72,72,72,72,72,72,72],"card_choices":[{"not_picked":["Trip","Forethought"],"picked":"Dramatic Entrance","floor":0},{"not_picked":["EmptyBody","InnerPeace"],"picked":"FlurryOfBlows","floor":1},{"not_picked":["PathToVictory","ClearTheMind"],"picked":"TalkToTheHand","floor":2},{"not_picked":["Wallop","EmptyBody"],"picked":"FlurryOfBlows","floor":3},{"not_picked":["SashWhip","CutThroughFate"],"picked":"ClearTheMind","floor":6},{"not_picked":["FlyingSleeves","Wallop","Fasting2"],"picked":"SKIP","floor":8},{"not_picked":["WindmillStrike","WreathOfFlame"],"picked":"ClearTheMind","floor":10},{"not_picked":["Meditate","Wireheading"],"picked":"EmptyMind","floor":14},{"not_picked":["Blasphemy","Brilliance"],"picked":"ConjureBlade","floor":16},{"not_picked":["PathToVictory+1","Fasting2","Pray"],"picked":"SKIP","floor":18},{"not_picked":["Prostrate","SashWhip","ClearTheMind"],"picked":"SKIP","floor":19},{"not_picked":["Crescendo","Fasting2"],"picked":"FollowUp","floor":20},{"not_picked":["Vengeance","EmptyBody"],"picked":"Establishment","floor":23}],"player_experience":327280,"relics_obtained":[{"floor":6,"key":"Mercury Hourglass"},{"floor":9,"key":"Lizard Tail"},{"floor":10,"key":"Shovel"},{"floor":14,"key":"Bag of Marbles"},{"floor":15,"key":"Ice Cream"},{"floor":22,"key":"Oddly Smooth Stone"},{"floor":23,"key":"Meat on the Bone"}],"event_choices":[{"cards_removed":["Defend_P"],"damage_healed":0,"gold_gain":0,"player_choice":"Card Removal","damage_taken":0,"max_hp_gain":0,"max_hp_loss":0,"event_name":"The Cleric","floor":4,"gold_loss":50},{"damage_healed":0,"gold_gain":0,"player_choice":"Ignored","damage_taken":0,"max_hp_gain":0,"max_hp_loss":0,"event_name":"Liars Game","floor":5,"gold_loss":0},{"damage_healed":0,"gold_gain":0,"player_choice":"Grow","damage_taken":0,"max_hp_gain":0,"max_hp_loss":0,"event_name":"Living Wall","floor":13,"gold_loss":0,"cards_upgraded":["Eruption"]},{"damage_healed":0,"gold_gain":0,"player_choice":"Ignored","damage_taken":0,"max_hp_gain":0,"max_hp_loss":0,"event_name":"Ghosts","floor":21,"gold_loss":0}],"is_beta":false,"boss_relics":[{"not_picked":["VioletLotus","Philosopher\u0027s Stone"],"picked":"Pandora\u0027s Box"}],"items_purged_floors":[11],"is_endless":false,"potions_floor_spawned":[1,8,18,19],"killed_by":"Centurion and Healer","ascension_level":2}}