{"host":"xhm1ik3sxl6w66st","time":1612398723,"event":{"mods":["BaseMod","Colored Powertips","Downfall","Hermit","Minty Spire (QoL Compilation)","READ ME - Guardian Mod","Replay The Spire","StSLib","The Bug Knight","The Cursed","The Disciple","The Jungle","The Servant 0.9.4"],"gold_per_floor":[119,119,131,150,21,52,52,68,68,18,18,18,38,50,50,50,50],"floor_reached":16,"language":"ENG","playtime":935,"items_purged":["HollowMod:NailStrikeStart"],"score":102,"play_id":"401fdd89-a2f2-4661-9a52-b37b73c5b21e","local_time":"20210203173203","is_ascension_mode":false,"campfire_choices":[{"data":"HollowMod:SoulMaster","floor":7,"key":"SMITH"},{"data":"HollowMod:BlackTendrils","floor":11,"key":"SMITH"},{"data":"HollowMod:FocusHealStart","floor":15,"key":"PURGE"}],"circlet_count":0,"master_deck":["HollowMod:NailStrikeStart","HollowMod:QuickDashStart","HollowMod:QuickDashStart","HollowMod:QuickDashStart","HollowMod:QuickDashStart","HollowMod:PogoStrike","HollowMod:SoulMaster+1","HollowMod:CrystalDash","HollowMod:VengefulVoid","HollowMod:DescendingDark","HollowMod:BlackTendrils+1","HollowMod:WraithStrike","HollowMod:FallenFury","HollowMod:VengefulVoid","HollowMod:NewJinnsSoul","HollowMod:DescendingDark"],"relics":["HollowMod:VesselMask","Replay:Rubber Ducky","Blue Doll"],"acts_visited":["Exordium"],"potions_floor_usage":[6,16],"damage_taken":[{"damage":9,"enemies":"Small Slimes","floor":1,"turns":3},{"damage":1,"enemies":"Cultist","floor":3,"turns":5},{"damage":7,"enemies":"2 Louse","floor":4,"turns":2},{"damage":25,"enemies":"Gremlin Nob","floor":6,"turns":4},{"damage":3,"enemies":"Looter","floor":8,"turns":3},{"damage":21,"enemies":"3 Louse","floor":13,"turns":3},{"damage":6,"enemies":"Exordium Thugs","floor":14,"turns":4},{"damage":33,"enemies":"The Guardian","floor":16,"turns":4}],"seed_played":"1336699624812362577","potions_obtained":[{"floor":1,"key":"GamblersBrew"},{"floor":4,"key":"hexamod:SoulburnPotion"},{"floor":6,"key":"champ:CounterPotion"}],"is_trial":false,"path_per_floor":["M","?","M","M","$","E","R","M","T","?","R","$","M","M","R","B"],"character_chosen":"THE_BUGKNIGHT","items_purchased":["HollowMod:WraithStrike"],"campfire_rested":0,"item_purchase_floors":[5],"current_hp_per_floor":[72,72,71,64,64,42,42,39,39,39,39,39,24,23,23,0,0],"gold":50,"neow_bonus":"ONE_RANDOM_RARE_CARD","is_daily":false,"chose_seed":false,"campfire_upgraded":2,"win_rate":0.0,"timestamp":1612398723,"path_taken":["M","?","M","?","$","E","R","M","T","?","R","$","M","M","R","BOSS"],"items_purchased_type":["Card"],"build_version":"2020-12-22","purchased_purges":1,"victory":false,"max_hp_per_floor":[75,75,75,75,75,75,75,75,75,75,75,75,75,75,75,75,75],"card_choices":[{"not_picked":["HollowMod:FastStrike","HollowMod:CloakDash"],"picked":"HollowMod:CrystalDash","floor":1},{"not_picked":["HollowMod:DashSlash","HollowMod:GrimmsGift"],"picked":"HollowMod:DescendingDark","floor":3},{"not_picked":["HollowMod:CycloneSlash","HollowMod:SoulStrike"],"picked":"HollowMod:BlackTendrils","floor":4},{"not_picked":["HollowMod:SoulSplash","HollowMod:HowlingWraiths"],"picked":"HollowMod:FallenFury","floor":6},{"not_picked":["HollowMod:LifebloodCocoon","HollowMod:SharpenedNail"],"picked":"HollowMod:VengefulVoid","floor":8},{"not_picked":["HollowMod:CycloneSlash","HollowMod:CoiledNail"],"picked":"HollowMod:NewJinnsSoul","floor":13},{"not_picked":["HollowMod:InfectionAssault","HollowMod:NewLittleFool"],"picked":"HollowMod:DescendingDark","floor":14}],"player_experience":168244,"relics_obtained":[{"floor":6,"key":"Replay:Rubber Ducky"},{"floor":9,"key":"Blue Doll"}],"event_choices":[{"damage_healed":0,"gold_gain":0,"cards_transformed":["HollowMod:NailStrikeStart"],"player_choice":"Transformed","damage_taken":0,"max_hp_gain":0,"max_hp_loss":0,"event_name":"Transmorgrifier","floor":2,"gold_loss":0,"cards_obtained":["HollowMod:VengefulVoid"]},{"cards_removed":["HollowMod:NailStrikeStart"],"damage_healed":0,"gold_gain":0,"player_choice":"Card Removal","damage_taken":0,"max_hp_gain":0,"max_hp_loss":0,"event_name":"The Cleric","floor":10,"gold_loss":50}],"is_beta":false,"boss_relics":[],"items_purged_floors":[5],"is_endless":false,"potions_floor_spawned":[1,4,6],"killed_by":"The Guardian","ascension_level":0}}