{"host":"BaronFel","time":1612410017,"event":{"mods":["BaseMod","Filter the Spire","Highlight Path","Minty Spire (QoL Compilation)","Relic Stats","ojb\u0027s Info Mod"],"gold_per_floor":[116,126,136,136,154,154,35,73,73,73,116,116,116,139,139,237,237,261,281,281,281],"floor_reached":20,"language":"ENG","playtime":3118,"items_purged":[],"score":468,"play_id":"a65e1cc5-ccd4-4c02-8778-abe64a1119d1","local_time":"20210203214017","is_ascension_mode":true,"campfire_choices":[{"data":"Sunder","floor":6.0,"key":"SMITH"},{"data":"Defragment","floor":10.0,"key":"SMITH"},{"data":"Defragment","floor":13.0,"key":"SMITH"},{"data":"Cold Snap","floor":15.0,"key":"SMITH"}],"circlet_count":0,"master_deck":["AscendersBane","Strike_B","Strike_B","Defend_B","Defend_B","Defend_B","Defend_B","Dualcast+1","Cold Snap+1","Loop+1","Sunder+1","Sweeping Beam","Defragment+1","Chill","Defragment+1","Beam Cell+1","Seek","Lockon+1","Conserve Battery+1","Meteor Strike+1","Genetic Algorithm"],"relics":["Runic Dome","Golden Idol","HornCleat","Molten Egg 2","Bottled Flame","Astrolabe"],"acts_visited":["Exordium","TheCity"],"potions_floor_usage":[],"damage_taken":[{"damage":2.0,"enemies":"Cultist","floor":1.0,"turns":4.0},{"damage":0.0,"enemies":"2 Louse","floor":2.0,"turns":4.0},{"damage":9.0,"enemies":"Small Slimes","floor":3.0,"turns":4.0},{"damage":6.0,"enemies":"Blue Slaver","floor":5.0,"turns":3.0},{"damage":0.0,"enemies":"Gremlin Nob","floor":8.0,"turns":3.0},{"damage":0.0,"enemies":"3 Sentries","floor":11.0,"turns":9.0},{"damage":4.0,"enemies":"Red Slaver","floor":14.0,"turns":4.0},{"damage":1.0,"enemies":"The Guardian","floor":16.0,"turns":9.0},{"damage":10,"enemies":"Spheric Guardian","floor":18,"turns":6},{"damage":21,"enemies":"Shell Parasite","floor":19,"turns":4},{"damage":24,"enemies":"Snecko","floor":20,"turns":6}],"seed_played":"-8276577754719376571","potions_obtained":[{"floor":2.0,"key":"LiquidMemories"},{"floor":11.0,"key":"GamblersBrew"},{"floor":14.0,"key":"SteroidPotion"},{"floor":16.0,"key":"FocusPotion"}],"is_trial":false,"path_per_floor":["M","M","M","?","M","R","$","E","T","R","E","?","R","M","R","B",null,"M","M","M"],"character_chosen":"DEFECT","items_purchased":["Defragment","Chill"],"campfire_rested":0,"item_purchase_floors":[7,7],"current_hp_per_floor":[62,62,53,53,47,47,47,47,47,47,47,28,28,24,24,23,54,44,23,0,0],"gold":281,"neow_bonus":"BOSS_RELIC","is_daily":false,"chose_seed":false,"campfire_upgraded":4,"win_rate":0.0,"timestamp":1612410017,"path_taken":["M","M","?","?","M","R","$","E","T","R","E","?","R","M","R","BOSS","M","M","M"],"items_purchased_type":["Card","Card"],"build_version":"2020-12-18","purchased_purges":0,"victory":false,"max_hp_per_floor":[71,71,71,64,64,64,64,64,64,64,64,64,64,64,64,64,64,64,64,64,64],"relic_stats":{"counters":[11,56],"Golden Idol":55,"Astrolabe":["Lockon","Conserve Battery","Meteor Strike"],"obtain_stats":[{"Runic Dome":0,"Bottled Flame":11,"HornCleat":8,"Golden Idol":4,"Astrolabe":17,"Molten Egg 2":9,"Cracked Core":0},{"Runic Dome":0,"Bottled Flame":6,"HornCleat":5,"Golden Idol":3,"Astrolabe":8,"Molten Egg 2":5,"Cracked Core":0},{"Runic Dome":0,"Bottled Flame":27,"HornCleat":18,"Golden Idol":12,"Astrolabe":40,"Molten Egg 2":18,"Cracked Core":0}]},"card_choices":[{"not_picked":["Sweeping Beam","Gash"],"picked":"Cold Snap","floor":1.0},{"not_picked":["Stack","Redo"],"picked":"Loop","floor":2.0},{"not_picked":["Coolheaded","Barrage"],"picked":"Sunder","floor":3.0},{"not_picked":["Leap","Double Energy"],"picked":"Sweeping Beam","floor":5.0},{"not_picked":["Redo","Stack","Static Discharge"],"picked":"SKIP","floor":8.0},{"not_picked":["Self Repair","Undo"],"picked":"Defragment","floor":11.0},{"not_picked":["Compile Driver+1","Conserve Battery"],"picked":"Beam Cell+1","floor":14.0},{"not_picked":["All For One+1","Buffer"],"picked":"Seek","floor":16.0},{"not_picked":["Beam Cell+1","Tempest","Darkness"],"picked":"SKIP","floor":18},{"not_picked":["Beam Cell+1","Tempest","Darkness"],"picked":"SKIP","floor":18},{"not_picked":["Barrage+1","Stack"],"picked":"Genetic Algorithm","floor":19}],"player_experience":1126203,"relics_obtained":[{"floor":8.0,"key":"HornCleat"},{"floor":9.0,"key":"Molten Egg 2"},{"floor":11.0,"key":"Bottled Flame"}],"event_choices":[{"damage_healed":0.0,"max_hp_gain":0.0,"max_hp_loss":7.0,"gold_gain":0.0,"event_name":"Golden Idol","player_choice":"Lose Max HP","floor":4.0,"gold_loss":0.0,"damage_taken":0.0,"relics_obtained":["Golden Idol"]},{"damage_healed":0.0,"max_hp_gain":0.0,"max_hp_loss":0.0,"gold_gain":0.0,"event_name":"Shining Light","player_choice":"Entered Light","floor":12.0,"gold_loss":0.0,"damage_taken":19.0,"cards_upgraded":["Dualcast","Loop"]}],"is_beta":true,"boss_relics":[{"not_picked":["Ectoplasm","SlaversCollar"],"picked":"Astrolabe"}],"items_purged_floors":[],"is_endless":false,"potions_floor_spawned":[2,11,14,16,18],"killed_by":"Snecko","ascension_level":20}}