{"host":"8ps3pfk2b2drr3ex","time":1612478257,"event":{"mods":["2.2 Compatiblity","AchievementEnabler","Act Like it!","BaseMod","Bestiary","Better Match","BetterRewards","Colored Map","Colored Powertips","Conspire","Downfall","Evolution","GifTheSpireLib","Gold Saver","Hallownest","Hubris","Minty Spire (QoL Compilation)","Permanent Neow","Relic Filter","Replay The Spire","Shop Mod","StSLib","Stuff the Spire"],"gold_per_floor":[1944,1964,1983,1983,1933,1964,1976,1976,1976,1986,2019,1825,1856,1871,1871,1975,1975,1975,1975,1975,1975,1975,1975,1975,1975,1975,1975,1975,1975,1975,1423,1423,1423,1423,1423,1423,740,740,740,740,740,740,740,740,740,740,740],"floor_reached":46,"language":"ENG","playtime":5481,"items_purged":["Strike_B","Strike_B","Strike_B"],"score":540,"play_id":"c1a8725c-4cfb-43f2-b749-fed501438161","local_time":"20210204173737","is_ascension_mode":true,"campfire_choices":[{"data":"hubris:Ukulele","floor":8.0,"key":"SMITH"},{"data":"Beam Cell","floor":15.0,"key":"SMITH"},{"floor":24,"key":"REST"},{"floor":27,"key":"REST"},{"floor":29,"key":"REST"},{"data":"Hologram","floor":32,"key":"SMITH"},{"floor":40,"key":"REST"},{"floor":42,"key":"REST"}],"circlet_count":0,"master_deck":["Defend_B","Defend_B","Defend_B","Defend_B","Zap","Dualcast","Ball Lightning","hubris:Ukulele+1","Lockon+1","hubris:PowerSurge","Static Discharge+1","Conserve Battery","Rebound","hubris:SpecializedCircuitry+1","Hologram","Storm","Redo+1","Hologram+1","Conserve Battery+1","Thunder Strike","Defragment","hubris:DuctTapeCard","Meteor Strike","Loop+1"],"relics":["Cracked Core","EVO:Axolotl","NeowsBlessing","hubris:Icosahedron","Snack Pack","ReplayTheSpireMod:TigerMarble","BargainBundle","hubris:RGBLights","Ectoplasm","StuffTheSpire:DarkSteelAnvil","Kunai","Art of War","Potion Belt","StuffTheSpire:OldFever","Guide Book","Regal Pillow","Nuclear Battery","Replay:Bottled Flurry","hubris:DuctTape","Prayer Wheel","Replay:Bandana","Mummified Hand","StuffTheSpire:Expresso"],"acts_visited":["Exordium","TheCity","TheBeyond"],"potions_floor_usage":[23],"damage_taken":[{"damage":0.0,"enemies":"Cultist","floor":1.0,"turns":1.0},{"damage":0.0,"enemies":"conspire:RoseBush","floor":2.0,"turns":1.0},{"damage":0.0,"enemies":"Jaw Worm","floor":3.0,"turns":1.0},{"damage":8.0,"enemies":"3 Sentries","floor":6.0,"turns":5.0},{"damage":0.0,"enemies":"Exordium Wildlife","floor":7.0,"turns":1.0},{"damage":2.0,"enemies":"Blue Slaver","floor":10.0,"turns":3.0},{"damage":6.0,"enemies":"Gremlin Nob","floor":11.0,"turns":3.0},{"damage":8.0,"enemies":"3 Sentries","floor":13.0,"turns":5.0},{"damage":6.0,"enemies":"Lots of Slimes","floor":14.0,"turns":2.0},{"damage":19.0,"enemies":"Fading Forest","floor":16.0,"turns":11.0},{"damage":0.0,"enemies":"3 Byrds","floor":18.0,"turns":4.0},{"damage":5.0,"enemies":"Chosen","floor":19.0,"turns":3.0},{"damage":22.0,"enemies":"conspire:MimicChest","floor":20.0,"turns":4.0},{"damage":0.0,"enemies":"Centurion and Healer","floor":21.0,"turns":3.0},{"damage":20.0,"enemies":"conspire:HollyBat","floor":22.0,"turns":5.0},{"damage":28,"enemies":"Slavers","floor":23,"turns":3},{"damage":18,"enemies":"Replay:Snechameleon","floor":25,"turns":4},{"damage":13,"enemies":"3 Cultists","floor":28,"turns":2},{"damage":10,"enemies":"Centurion and Healer","floor":30,"turns":4},{"damage":16,"enemies":"Collector","floor":33,"turns":6},{"damage":18,"enemies":"3 Darklings","floor":35,"turns":6},{"damage":12,"enemies":"3 Shapes","floor":36,"turns":3},{"damage":41,"enemies":"Sphere and 2 Shapes","floor":38,"turns":7},{"damage":0,"enemies":"Transient","floor":39,"turns":5},{"damage":30,"enemies":"3 Darklings","floor":41,"turns":5},{"damage":28,"enemies":"Giant Head","floor":44,"turns":5},{"damage":7,"enemies":"Mind Bloom Boss Battle","floor":45,"turns":4},{"damage":47,"enemies":"Reptomancer","floor":46,"turns":4}],"seed_played":"237552137965925125","potions_obtained":[{"floor":3.0,"key":"bronze:BurnAndBuffPotion"},{"floor":10.0,"key":"Ancient Potion"},{"floor":11.0,"key":"Block Potion"},{"floor":16.0,"key":"ColorlessPotion"},{"floor":19.0,"key":"Dexterity Potion"},{"floor":21.0,"key":"Cursed Concoction"},{"floor":25,"key":"Milkshake"},{"floor":28,"key":"BlessingOfTheForge"},{"floor":35,"key":"EssenceOfSteel"},{"floor":36,"key":"Elixir"},{"floor":44,"key":"LiquidBronze"},{"floor":45,"key":"PotionOfCapacity"}],"is_trial":false,"path_per_floor":["M","M","M","?","?","E","M","R","T","M","E","$","E","M","R","B",null,"M","M","?","M","M","E","R","E","T","R","M","R","M","$","R","B",null,"M","M","$","M","M","R","M","R","T","E","?","E"],"character_chosen":"DEFECT","items_purchased":["BargainBundle","Static Discharge+1","Conserve Battery","Gash","StuffTheSpire:OldFever","Guide Book","Regal Pillow","Replay:Bottled Flurry","Defragment","hubris:DuctTape"],"campfire_rested":5,"item_purchase_floors":[12,12,12,12,31,31,31,37,37,37],"current_hp_per_floor":[75,75,75,75,75,67,67,67,67,65,61,61,53,49,49,40,75,75,70,52,56,38,12,34,16,16,38,25,47,43,43,43,31,75,61,51,51,10,14,51,25,62,62,36,31,0,0],"gold":740,"neow_bonus":"THREE_ENEMY_KILL","is_daily":false,"chose_seed":false,"campfire_upgraded":3,"win_rate":0.0,"timestamp":1612478257,"path_taken":["M","M","?","?","?","E","M","R","T","?","E","$","E","M","R","BOSS","M","M","?","?","M","E","R","E","T","R","M","R","M","$","R","BOSS","M","M","$","M","M","R","M","R","T","E","?","E"],"items_purchased_type":["Relic","Card","Card","Card","Relic","Relic","Relic","Relic","Card","Relic"],"build_version":"2020-12-22","purchased_purges":3,"victory":false,"max_hp_per_floor":[75,75,75,75,75,75,75,75,75,75,75,75,75,75,75,75,75,75,75,75,75,75,75,75,75,75,75,75,75,75,75,75,75,75,75,75,75,75,75,75,75,75,75,75,75,75,75],"card_choices":[{"not_picked":["StuffTheSpire:LoadUp","Redo"],"picked":"Ball Lightning","floor":1.0},{"not_picked":["Steam","Panic Button","Steam Power"],"picked":"SKIP","floor":2.0},{"not_picked":["Turbo","Redo"],"picked":"hubris:Ukulele","floor":3.0},{"not_picked":["Rip and Tear","BasicCrystalCard","ReplayTheSpireMod:System Scan"],"picked":"SKIP","floor":6.0},{"not_picked":["Redo","Streamline","ReplaySort"],"picked":"SKIP","floor":7.0},{"not_picked":["Redo","Panic Button"],"picked":"Lockon","floor":10.0},{"not_picked":["Doom and Gloom","Coolheaded"],"picked":"hubris:PowerSurge","floor":11.0},{"not_picked":["ReplayTheSpireMod:Omega Cannon","ReplayTheSpireMod:Reroute Power"],"picked":"Beam Cell","floor":13.0},{"not_picked":["StuffTheSpire:CleanHardDrive","StuffTheSpire:Plugnplay"],"picked":"Rebound","floor":14.0},{"not_picked":["ReplayTheSpireMod:Omega Cannon","Mirror Shield"],"picked":"hubris:SpecializedCircuitry","floor":16.0},{"not_picked":["Gash","BasicCrystalCard"],"picked":"Hologram","floor":18.0},{"not_picked":["Leap","Redo","Reinforced Body+1"],"picked":"SKIP","floor":19.0},{"not_picked":["Lockon","conspire:Rain"],"picked":"Storm","floor":20.0},{"not_picked":["StuffTheSpire:SnapShoot+1","StuffTheSpire:Plugnplay","Panic Button+1"],"picked":"SKIP","floor":21.0},{"not_picked":["Go for the Eyes","Rip and Tear"],"picked":"Redo+1","floor":22.0},{"not_picked":["Go for the Eyes+1","Tempest"],"picked":"Hologram","floor":23},{"not_picked":["Panic Button+1","Cold Snap","Redo+1"],"picked":"SKIP","floor":25},{"not_picked":["Rip and Tear","Reboot","Beam Cell"],"picked":"SKIP","floor":28},{"not_picked":["Turbo","BootSequence"],"picked":"Conserve Battery+1","floor":30},{"not_picked":["Rainbow","Hyperbeam"],"picked":"Thunder Strike","floor":33},{"not_picked":["Sweeping Beam","Hologram","BasicCrystalCard+1"],"picked":"SKIP","floor":35},{"not_picked":["Undo","StuffTheSpire:Plugnplay+1","Doom and Gloom+1"],"picked":"SKIP","floor":36},{"not_picked":["StuffTheSpire:NuclearReactor+1","Compile Driver","StuffTheSpire:GlassShard"],"picked":"SKIP","floor":38},{"not_picked":["BootSequence+1","StuffTheSpire:Plugnplay","Crystallizer"],"picked":"SKIP","floor":38},{"not_picked":["Barrage","Conserve Battery","ReplayTheSpireMod:Reroute Power+1"],"picked":"SKIP","floor":39},{"not_picked":["Streamline","Rebound","StuffTheSpire:LoadUp+1"],"picked":"SKIP","floor":39},{"not_picked":["StuffTheSpire:Plugnplay","Turbo+1"],"picked":"Meteor Strike","floor":41},{"not_picked":["Recycle+1","Barrage","StuffTheSpire:GlassShard+1"],"picked":"SKIP","floor":41},{"not_picked":["Go for the Eyes","StuffTheSpire:SnapShoot+1"],"picked":"Loop+1","floor":44}],"player_experience":963722,"relics_obtained":[{"floor":6.0,"key":"Snack Pack"},{"floor":11.0,"key":"ReplayTheSpireMod:TigerMarble"},{"floor":13.0,"key":"hubris:RGBLights"},{"floor":20.0,"key":"StuffTheSpire:DarkSteelAnvil"},{"floor":23,"key":"Kunai"},{"floor":25,"key":"Art of War"},{"floor":26,"key":"Potion Belt"},{"floor":43,"key":"Replay:Bandana"},{"floor":44,"key":"Mummified Hand"},{"floor":45,"key":"StuffTheSpire:Expresso"}],"event_choices":[{"cards_removed":["Strike_B"],"damage_healed":0.0,"max_hp_gain":0.0,"max_hp_loss":0.0,"gold_gain":0.0,"event_name":"The Cleric","player_choice":"Card Removal","floor":5.0,"gold_loss":50.0,"damage_taken":0.0},{"damage_healed":0,"gold_gain":0,"player_choice":"Fight","damage_taken":0,"max_hp_gain":0,"max_hp_loss":0,"event_name":"MindBloom","floor":45,"gold_loss":0}],"is_beta":false,"boss_relics":[{"not_picked":["FrozenCore","Snecko Heart"],"picked":"Ectoplasm"},{"not_picked":["StuffTheSpire:RunicHypercube","hubris:TerracottaHorce"],"picked":"Nuclear Battery"}],"items_purged_floors":[12,31,37],"is_endless":false,"potions_floor_spawned":[3,10,11,16,19,21,25,28,35,36,44,45],"killed_by":"Reptomancer","ascension_level":1}}