{"host":"rgy6n2eoa9ji6d0c","time":1612473926,"event":{"mods":["BaseMod","BetterRewards","Downfall","Minty Spire (QoL Compilation)","Quick Restart","StSLib"],"gold_per_floor":[99,114,114,130,40,51,51,64,75,60,89,26,44,69,82,82,82,82],"floor_reached":16,"language":"ENG","playtime":1876,"items_purged":["Slimebound:Strike_Slimebound"],"score":120,"play_id":"34789a5b-4f1c-4295-b00c-aa0de7dd6a43","local_time":"20210204222526","is_ascension_mode":true,"campfire_choices":[{"data":"Slimebound:Split","floor":1,"key":"SMITH"}],"circlet_count":0,"master_deck":["Slimebound:Strike_Slimebound","Slimebound:Strike_Slimebound","Slimebound:Tackle","Slimebound:Defend_Slimebound","Slimebound:Defend_Slimebound","Slimebound:Defend_Slimebound","Slimebound:Defend_Slimebound","Slimebound:Split+1","Slimebound:CorrosiveSpit","Slimebound:SplitMire+1","Slimebound:AcidTongue","Slimebound:SplitSpecialist","Slimebound:SplitAcid","Slimebound:SplitLeeching","Slimebound:SlimeBarrage","Slimebound:SplitAcid","Slimebound:SplitLeeching","Slimebound:FlameTackle","Slimebound:Replication","Slimebound:SplitMire"],"relics":["Slimebound:AbsorbEndCombat","Omamori","Torii"],"acts_visited":["Exordium"],"potions_floor_usage":[16,16],"damage_taken":[{"damage":0,"enemies":"Small Slimes","floor":2,"turns":4},{"damage":0,"enemies":"Cultist","floor":4,"turns":3},{"damage":13,"enemies":"downfall:FleeingMerchant","floor":5,"turns":4},{"damage":8,"enemies":"2 Louse","floor":6,"turns":3},{"damage":3,"enemies":"2 Fungi Beasts","floor":8,"turns":3},{"damage":8,"enemies":"Gremlin Gang","floor":9,"turns":3},{"damage":6,"enemies":"downfall:FleeingMerchant","floor":10,"turns":4},{"damage":14,"enemies":"3 Sentries","floor":11,"turns":5},{"damage":15,"enemies":"downfall:FleeingMerchant","floor":12,"turns":4},{"damage":7,"enemies":"Red Slaver","floor":13,"turns":3},{"damage":15,"enemies":"Lagavulin","floor":14,"turns":7},{"damage":8,"enemies":"3 Louse","floor":15,"turns":3},{"damage":40,"enemies":"WA_ARCHETYPE_RETAIN","floor":16,"turns":7}],"seed_played":"2719641503566290104","potions_obtained":[{"floor":4,"key":"champ:CounterPotion"},{"floor":8,"key":"FairyPotion"},{"floor":13,"key":"bronze:BurnAndBuffPotion"},{"floor":14,"key":"hexamod:SoulburnPotion"},{"floor":15,"key":"FearPotion"}],"is_trial":false,"path_per_floor":["R","M","?","M","$","M","T","M","M","$","E","$","M","E","M","B"],"character_chosen":"SLIMEBOUND","items_purchased":["Slimebound:SplitLeeching"],"campfire_rested":0,"item_purchase_floors":[12],"current_hp_per_floor":[71,71,71,71,62,56,56,57,55,53,39,28,23,10,4,0,0,0],"gold":82,"neow_bonus":"TEN_PERCENT_HP_BONUS","is_daily":false,"chose_seed":false,"campfire_upgraded":1,"win_rate":0.0,"timestamp":1612473926,"path_taken":["R","M","?","M","$","?","T","M","M","$","E","?","M","E","M","BOSS"],"items_purchased_type":["Card"],"build_version":"2020-12-22","purchased_purges":1,"victory":false,"max_hp_per_floor":[71,71,71,71,71,71,71,71,71,71,71,71,71,71,71,71,71,71],"card_choices":[{"not_picked":["Slimebound:GoopSpray","Slimebound:SplitAcid"],"picked":"Slimebound:SplitMire","floor":2},{"not_picked":["Slimebound:GrowthPunch","Slimebound:SplitMire"],"picked":"Slimebound:AcidTongue","floor":4},{"not_picked":["Slimebound:GoopSpray","Slimebound:PressTheAttack"],"picked":"Slimebound:SplitSpecialist","floor":5},{"not_picked":["Slimebound:HauntingLick","Slimebound:Equalize"],"picked":"Slimebound:SplitAcid","floor":6},{"not_picked":["Slimebound:SlimeTap","Slimebound:Nibble","Slimebound:ItLooksTasty"],"picked":"SKIP","floor":8},{"not_picked":["Slimebound:ForwardTackle","Slimebound:ItLooksTasty"],"picked":"Slimebound:SplitLeeching","floor":9},{"not_picked":["Slimebound:SplitBruiser","Slimebound:CheckThePlaybook"],"picked":"Slimebound:SlimeBarrage","floor":10},{"not_picked":["Slimebound:ComboTackle","Slimebound:FinishingTackle"],"picked":"Slimebound:SplitAcid","floor":11},{"not_picked":["Slimebound:ItLooksTasty","Slimebound:SpikyOuterGoop","Slimebound:TongueLash"],"picked":"SKIP","floor":12},{"not_picked":["Slimebound:SplitAcid","Slimebound:LivingWall"],"picked":"Slimebound:FlameTackle","floor":13},{"not_picked":["Slimebound:SlimeTap","Slimebound:RejuvenatingLick"],"picked":"Slimebound:Replication","floor":14},{"not_picked":["Slimebound:FinishingTackle","Slimebound:Gluttony"],"picked":"Slimebound:SplitMire","floor":15}],"player_experience":1513023,"relics_obtained":[{"floor":11,"key":"Omamori"},{"floor":14,"key":"Torii"}],"event_choices":[],"is_beta":false,"boss_relics":[],"items_purged_floors":[5],"is_endless":false,"potions_floor_spawned":[4,8,13,14,15],"killed_by":"WA_ARCHETYPE_RETAIN","ascension_level":1}}