{"host":"qvcm5n1ry1q9iv9x","time":1612455505,"event":{"mods":["Act Like it!","BaseMod","BetterRewards","Colored Map","Colored Powertips","Downfall","Friendly Minions","Highlight Path","Minty Spire (QoL Compilation)","Quick Restart","Relic Sorter","Shop Mod","StSLib"],"gold_per_floor":[99,7,24,35,35,35,62,93,105,124,151,177,89,126,158,272,284,196,308,330,355,382,394,485,524,536,568,592,633,645,671,697,810,822,834,856,878,902,914,23,23,54,74,93,93,93,93,93,93],"floor_reached":47,"language":"ZHS","playtime":2940,"items_purged":["Slimebound:Defend_Slimebound"],"score":646,"play_id":"f6f33004-50af-4fef-9fae-c916e3f29aa1","local_time":"20210205001825","is_ascension_mode":false,"campfire_choices":[{"data":"Slimebound:CorrosiveSpit","floor":1.0,"key":"SMITH"},{"data":"Slimebound:OozeBath","floor":13.0,"key":"SMITH"},{"data":"Slimebound:Overexert","floor":18.0,"key":"SMITH"},{"data":"Slimebound:Overexert","floor":26.0,"key":"SMITH"},{"data":"Slimebound:Defend_Slimebound","floor":30.0,"key":"PURGE"},{"data":"Slimebound:CheckThePlaybook","floor":35,"key":"SMITH"},{"data":"Slimebound:Defend_Slimebound","floor":46,"key":"PURGE"}],"circlet_count":0,"master_deck":["Slimebound:Strike_Slimebound","Slimebound:Tackle","Slimebound:Defend_Slimebound","Slimebound:Split","Slimebound:CorrosiveSpit+1","Slimebound:Schlurp","Slimebound:OozeBath+1","Slimebound:Schlurp","Slimebound:SelfFormingGoo","Slimebound:ProtectTheBoss","Slimebound:LivingWall","Slimebound:PrepareCrush","Slimebound:MegaLick","Slimebound:Overexert+1","Slimebound:FormOfPuddle","Slimebound:SplitAcid","Slimebound:ComboTackle+1","Slimebound:DisruptingSlam","Slimebound:LeadByExample","Slimebound:Overexert+1","Slimebound:SplitBruiser","Slimebound:HauntingLick+1","Slimebound:SplitAcid+1","Slimebound:SplitMire+1","Slimebound:SpikyOuterGoop","Slimebound:WasteNot","Slimebound:CheckThePlaybook+1","Slimebound:ComboTackle+1","Slimebound:HauntingLick+1","Slimebound:GoopSpray+1","expansioncontent:InvincibleStrength","expansioncontent:YouAreMine","expansioncontent:InvincibleStrength","Slimebound:Replication","Mayhem","Slimebound:DisruptingSlam","Slimebound:SelfFormingGoo","Slimebound:RainOfGoop","Slimebound:SplitLeeching+1"],"relics":["Slimebound:AbsorbEndCombatUpgraded","Meat on the Bone","Bag of Preparation","Vajra","downfall:HeartBlessingGreen","Pantograph","downfall:HeartBlessingBlue","Toy Ornithopter","Sundial","Gambling Chip","Peace Pipe","SlaversCollar","Strange Spoon","Unceasing Top","MerchantsRug","CaptainsWheel","HornCleat","Singing Bowl"],"acts_visited":["Exordium","TheCity","TheBeyond"],"potions_floor_usage":[33,33],"damage_taken":[{"damage":0.0,"enemies":"downfall:FleeingMerchant","floor":2.0,"turns":4.0},{"damage":4.0,"enemies":"Cultist","floor":3.0,"turns":3.0},{"damage":0.0,"enemies":"Small Slimes","floor":4.0,"turns":3.0},{"damage":63.0,"enemies":"Gremlin Nob","floor":8.0,"turns":5.0},{"damage":0.0,"enemies":"2 Louse","floor":9.0,"turns":3.0},{"damage":8.0,"enemies":"Lots of Slimes","floor":10.0,"turns":4.0},{"damage":17.0,"enemies":"3 Sentries","floor":11.0,"turns":11.0},{"damage":3.0,"enemies":"2 Fungi Beasts","floor":12.0,"turns":3.0},{"damage":11.0,"enemies":"Lagavulin","floor":14.0,"turns":6.0},{"damage":7.0,"enemies":"Gremlin Gang","floor":15.0,"turns":6.0},{"damage":21.0,"enemies":"IC_STATUS_ARCHETYPE","floor":16.0,"turns":9.0},{"damage":45.0,"enemies":"downfall:LadyInBlue","floor":19.0,"turns":10.0},{"damage":20.0,"enemies":"Spheric Guardian","floor":20.0,"turns":5.0},{"damage":15.0,"enemies":"Shell Parasite","floor":21.0,"turns":6.0},{"damage":33.0,"enemies":"3 Cultists","floor":22.0,"turns":5.0},{"damage":30.0,"enemies":"Book of Stabbing","floor":25.0,"turns":5.0},{"damage":8.0,"enemies":"Snecko","floor":27.0,"turns":4.0},{"damage":29.0,"enemies":"Sentry and Sphere","floor":28.0,"turns":4.0},{"damage":0.0,"enemies":"Gremlin Leader","floor":29.0,"turns":4.0},{"damage":12.0,"enemies":"Centurion and Healer","floor":31.0,"turns":4.0},{"damage":8.0,"enemies":"Snecko","floor":32.0,"turns":3.0},{"damage":61,"enemies":"SI_MIRROR_ARCHETYPE","floor":33,"turns":10},{"damage":36,"enemies":"Orb Walker","floor":36,"turns":2},{"damage":13,"enemies":"3 Darklings","floor":37,"turns":3},{"damage":34,"enemies":"Sphere and 2 Shapes","floor":38,"turns":3},{"damage":10,"enemies":"downfall:FleeingMerchant","floor":40,"turns":4},{"damage":30,"enemies":"Giant Head","floor":42,"turns":7},{"damage":5,"enemies":"4 Shapes","floor":43,"turns":3},{"damage":16,"enemies":"3 Darklings","floor":44,"turns":2},{"damage":63,"enemies":"Reptomancer","floor":47,"turns":5}],"seed_played":"-7985555163765305548","potions_obtained":[{"floor":8.0,"key":"SkillPotion"},{"floor":9.0,"key":"Fire Potion"},{"floor":10.0,"key":"Fire Potion"},{"floor":14.0,"key":"AttackPotion"},{"floor":19.0,"key":"Slimebound:SpawnSlimePotion"},{"floor":19.0,"key":"Energy Potion"},{"floor":19.0,"key":"SteroidPotion"},{"floor":25.0,"key":"PowerPotion"},{"floor":27.0,"key":"Swift Potion"},{"floor":28.0,"key":"EssenceOfSteel"},{"floor":36,"key":"champ:CounterPotion"},{"floor":38,"key":"SpeedPotion"}],"is_trial":false,"path_per_floor":["R","$","M","M","T","?","T","E","M","M","E","M","R","E","M","B",null,"R","?","M","M","M","?","T","E","R","M","M","E","R","M","M","B",null,"R","M","M","M","?","$","T","E","M","M","T","R","E"],"character_chosen":"SLIMEBOUND","items_purchased":["Slimebound:OozeBath","Mayhem","Strange Spoon","Unceasing Top","Slimebound:DisruptingSlam","MerchantsRug","BlessingOfTheForge"],"campfire_rested":0,"item_purchase_floors":[2,40,40,40,40,40,40],"current_hp_per_floor":[71,71,71,71,71,68,68,25,41,41,44,47,47,42,43,53,71,81,51,43,52,37,29,29,22,22,35,24,39,39,45,49,50,81,81,51,44,25,15,23,23,20,42,38,38,38,0,0,0],"gold":93,"neow_bonus":"TEN_PERCENT_HP_BONUS","is_daily":false,"chose_seed":false,"campfire_upgraded":5,"win_rate":0.0,"timestamp":1612455505,"path_taken":["R","$","M","M","?","?","T","E","M","M","E","M","R","E","M","BOSS","R","?","?","M","M","?","T","E","R","M","M","E","R","M","M","BOSS","R","M","M","?","?","$","T","E","M","M","?","R","E"],"items_purchased_type":["Card","Card","Relic","Relic","Card","Relic","Potion"],"build_version":"2020-12-22","purchased_purges":1,"victory":false,"max_hp_per_floor":[71,71,71,71,71,71,71,71,71,71,71,71,71,71,71,71,71,81,81,81,81,81,81,81,81,81,81,81,81,81,81,81,81,81,81,81,81,81,81,81,81,81,81,81,81,81,81,81,81],"card_choices":[{"not_picked":["Slimebound:ComboTackle","Slimebound:ItLooksTasty"],"picked":"Slimebound:Schlurp","floor":2.0},{"not_picked":["Slimebound:LeechingTouch","Slimebound:SlimeSpikes","Slimebound:GoopTackle"],"picked":"SKIP","floor":3.0},{"not_picked":["Slimebound:Prepare","Slimebound:ComboTackle"],"picked":"Slimebound:Schlurp","floor":4.0},{"not_picked":["Slimebound:FormOfPuddle","Slimebound:ForwardTackle"],"picked":"Slimebound:SelfFormingGoo","floor":8.0},{"not_picked":["Slimebound:LeechEnergy","Slimebound:FlameTackle","Slimebound:FinishingTackle"],"picked":"SKIP","floor":9.0},{"not_picked":["Slimebound:Chomp","Slimebound:FlameTackle"],"picked":"Slimebound:ProtectTheBoss","floor":10.0},{"not_picked":["Slimebound:LeechEnergy","Slimebound:RollThrough"],"picked":"Slimebound:LivingWall","floor":11.0},{"not_picked":["Slimebound:SplitBruiser","Slimebound:TongueLash"],"picked":"Slimebound:PrepareCrush","floor":12.0},{"not_picked":["Slimebound:LivingWall","Slimebound:SplitMire"],"picked":"Slimebound:MegaLick","floor":14.0},{"not_picked":["Slimebound:GoopTackle","Slimebound:Chomp","Slimebound:FlameTackle"],"picked":"SKIP","floor":15.0},{"not_picked":["Slimebound:FirmFortitude","Slimebound:CheckThePlaybook"],"picked":"Slimebound:Overexert","floor":16.0},{"not_picked":["Slimebound:Schlurp","Slimebound:GoopTackle"],"picked":"Slimebound:FormOfPuddle","floor":19.0},{"not_picked":["Slimebound:RollThrough","Slimebound:PressTheAttack"],"picked":"Slimebound:SplitAcid","floor":20.0},{"not_picked":["Slimebound:HauntingLick","Slimebound:GoopTackle"],"picked":"Slimebound:ComboTackle+1","floor":21.0},{"not_picked":["Slimebound:ProtectTheBoss","Slimebound:HauntingLick"],"picked":"Slimebound:DisruptingSlam","floor":22.0},{"not_picked":["Slimebound:GoopTackle+1","Slimebound:FormOfPuddle"],"picked":"Slimebound:SplitBruiser","floor":25.0},{"not_picked":["Slimebound:GoopTackle","Slimebound:SplitLeeching"],"picked":"Slimebound:HauntingLick+1","floor":27.0},{"not_picked":["Slimebound:PressTheAttack","Slimebound:Chomp"],"picked":"Slimebound:SplitAcid+1","floor":28.0},{"not_picked":["Slimebound:FlameTackle","Slimebound:GoopTackle"],"picked":"Slimebound:SplitMire+1","floor":29.0},{"not_picked":["Slimebound:ComboTackle","Slimebound:SplitMire"],"picked":"Slimebound:SpikyOuterGoop","floor":31.0},{"not_picked":["Slimebound:SplitLeeching","Slimebound:LivingWall"],"picked":"Slimebound:WasteNot","floor":32.0},{"not_picked":["Slimebound:WasteNot","Slimebound:MinionMaster"],"picked":"Slimebound:CheckThePlaybook","floor":33},{"not_picked":["Slimebound:FinishingTackle","Slimebound:ComboTackle+1","Slimebound:ItLooksTasty"],"picked":"SKIP","floor":36},{"not_picked":["Slimebound:FinishingTackle","Slimebound:ItLooksTasty"],"picked":"Slimebound:ComboTackle+1","floor":36},{"not_picked":["Slimebound:ProtectTheBoss+1","Slimebound:FlameTackle"],"picked":"Slimebound:HauntingLick+1","floor":37},{"not_picked":["Slimebound:SplitBruiser+1","Slimebound:LivingWall"],"picked":"Slimebound:GoopSpray+1","floor":38},{"not_picked":["expansioncontent:LastStand","expansioncontent:HyperBeam"],"picked":"expansioncontent:InvincibleStrength","floor":39},{"not_picked":["expansioncontent:PolyBeam","expansioncontent:Hexaburn"],"picked":"expansioncontent:YouAreMine","floor":39},{"not_picked":["expansioncontent:YouAreMine","expansioncontent:GuardianWhirl"],"picked":"expansioncontent:InvincibleStrength","floor":39},{"not_picked":["Slimebound:GoopTackle+1","Slimebound:SplitMire+1"],"picked":"Slimebound:Replication","floor":40},{"not_picked":["Slimebound:LeechEnergy","Slimebound:LeadByExample"],"picked":"Slimebound:SelfFormingGoo","floor":42},{"not_picked":["Slimebound:HauntingLick","Slimebound:DisruptingSlam"],"picked":"Slimebound:RainOfGoop","floor":43},{"not_picked":["Slimebound:Schlurp","Slimebound:DivideAndConquer"],"picked":"Slimebound:SplitLeeching+1","floor":44}],"player_experience":162843,"relics_obtained":[{"floor":5.0,"key":"Meat on the Bone"},{"floor":8.0,"key":"Vajra"},{"floor":11.0,"key":"MawBank"},{"floor":14.0,"key":"Pantograph"},{"floor":19.0,"key":"Toy Ornithopter"},{"floor":24.0,"key":"Sundial"},{"floor":25.0,"key":"Gambling Chip"},{"floor":29.0,"key":"Peace Pipe"},{"floor":41,"key":"CaptainsWheel"},{"floor":42,"key":"HornCleat"},{"floor":45,"key":"Singing Bowl"}],"event_choices":[{"damage_healed":0.0,"max_hp_gain":0.0,"max_hp_loss":0.0,"gold_gain":0.0,"event_name":"Scrap Ooze","player_choice":"Success","floor":6.0,"gold_loss":0.0,"damage_taken":3.0,"relics_obtained":["Bag of Preparation"]}],"is_beta":false,"boss_relics":[{"not_picked":["Sozu","SacredBark"],"picked":"Slimebound:AbsorbEndCombatUpgraded"},{"not_picked":["Runic Pyramid","Fusion Hammer"],"picked":"SlaversCollar"}],"items_purged_floors":[40],"is_endless":false,"potions_floor_spawned":[8,9,10,14,15,20,25,27,28,31,32,36,38,42],"killed_by":"Reptomancer","ascension_level":0}}