{"host":"zsnmfqgcm92hlreo","time":1612408777,"event":{"mods":["AchievementEnabler","Act Like it!","BaseMod","Bestiary","Block Reminder","Colored Map","Colored Powertips","Hermit","Jorbs\u0027s Wanderer Trilogy","Minty Spire (QoL Compilation)","Permanent Neow","Quick Restart","Relic Stats","StSLib","Weighted Paths"],"gold_per_floor":[12,24,24,24,43,86,161,161,161,501,501,501,524,555,555,555,555],"floor_reached":16,"language":"ENG","playtime":640,"items_purged":[],"score":236,"play_id":"03099f5e-bcdf-4c6f-80ea-4578575467df","local_time":"20210203211937","is_ascension_mode":true,"campfire_choices":[{"floor":8.0,"key":"REST"},{"floor":11,"key":"REST"},{"floor":15,"key":"REST"}],"circlet_count":0,"master_deck":["AscendersBane","Strike_P","Strike_P","Strike_P","Defend_P","Defend_P","Defend_P","Defend_P","Eruption","Vigilance","CutThroughFate","Evaluate","BowlingBash","Protect","ReachHeaven","Parasite","Crescendo+1","CutThroughFate"],"relics":["PureWater","Gambling Chip","Golden Idol","Bottled Flame","Toxic Egg 2","Old Coin","Juzu Bracelet"],"acts_visited":["Exordium"],"potions_floor_usage":[16],"damage_taken":[{"damage":0.0,"enemies":"2 Louse","floor":1.0,"turns":2.0},{"damage":2.0,"enemies":"Jaw Worm","floor":2.0,"turns":5.0},{"damage":1.0,"enemies":"Small Slimes","floor":5.0,"turns":4.0},{"damage":22.0,"enemies":"Lagavulin","floor":6.0,"turns":6.0},{"damage":35,"enemies":"3 Sentries","floor":10,"turns":19},{"damage":3,"enemies":"Looter","floor":13,"turns":4},{"damage":22,"enemies":"Gremlin Nob","floor":14,"turns":3},{"damage":44,"enemies":"Hexaghost","floor":16,"turns":7}],"seed_played":"-1218319689204789278","potions_obtained":[{"floor":2.0,"key":"SteroidPotion"},{"floor":10,"key":"LiquidMemories"}],"is_trial":false,"path_per_floor":["M","M","?","?","M","E","?","R","T","E","R","?","M","E","R","B"],"character_chosen":"WATCHER","items_purchased":[],"campfire_rested":3,"item_purchase_floors":[],"current_hp_per_floor":[61,59,59,59,58,36,25,43,43,8,26,41,38,16,34,0,0],"gold":555,"neow_bonus":"ONE_RARE_RELIC","is_daily":false,"chose_seed":false,"campfire_upgraded":0,"win_rate":0.0,"timestamp":1612408777,"path_taken":["M","M","?","?","M","E","?","R","T","E","R","?","M","E","R","BOSS"],"items_purchased_type":[],"build_version":"2020-12-22","purchased_purges":0,"victory":false,"max_hp_per_floor":[68,68,62,62,62,62,62,62,62,62,62,62,62,62,62,62,62],"relic_stats":{"counters":[8,50],"Golden Idol":32,"Gambling Chip":[17],"Juzu Bracelet":0,"obtain_stats":[{"Bottled Flame":6,"Golden Idol":3,"Gambling Chip":0,"Juzu Bracelet":14,"PureWater":0,"Toxic Egg 2":9,"Old Coin":10},{"Bottled Flame":4,"Golden Idol":2,"Gambling Chip":0,"Juzu Bracelet":7,"PureWater":0,"Toxic Egg 2":4,"Old Coin":5},{"Bottled Flame":17,"Golden Idol":7,"Gambling Chip":0,"Juzu Bracelet":43,"PureWater":0,"Toxic Egg 2":17,"Old Coin":36}]},"card_choices":[{"not_picked":["EmptyFist","WindmillStrike","SashWhip"],"picked":"SKIP","floor":1.0},{"not_picked":["Protect","CrushJoints"],"picked":"CutThroughFate","floor":2.0},{"not_picked":["Vengeance","DevaForm"],"picked":"BowlingBash","floor":5.0},{"not_picked":["ClearTheMind","EmptyMind"],"picked":"Protect","floor":6.0},{"not_picked":["EmptyFist","ThirdEye+1"],"picked":"ReachHeaven","floor":10},{"not_picked":["WreathOfFlame+1","Study"],"picked":"Crescendo+1","floor":13},{"not_picked":["SashWhip","BowlingBash"],"picked":"CutThroughFate","floor":14}],"player_experience":1017698,"relics_obtained":[{"floor":6.0,"key":"Bottled Flame"},{"floor":9.0,"key":"Toxic Egg 2"},{"floor":10,"key":"Old Coin"},{"floor":14,"key":"Juzu Bracelet"}],"event_choices":[{"damage_healed":0.0,"max_hp_gain":0.0,"max_hp_loss":6.0,"gold_gain":0.0,"event_name":"Golden Idol","player_choice":"Lose Max HP","floor":3.0,"gold_loss":0.0,"damage_taken":0.0,"relics_obtained":["Golden Idol"]},{"damage_healed":0.0,"max_hp_gain":0.0,"max_hp_loss":0.0,"gold_gain":0.0,"cards_transformed":["Strike_P"],"event_name":"Living Wall","player_choice":"Change","floor":4.0,"gold_loss":0.0,"damage_taken":0.0,"cards_obtained":["Evaluate"]},{"damage_healed":0.0,"max_hp_gain":0.0,"max_hp_loss":0.0,"gold_gain":75.0,"event_name":"World of Goop","player_choice":"Gather Gold","floor":7.0,"gold_loss":0.0,"damage_taken":11.0},{"damage_healed":15,"gold_gain":0,"player_choice":"Healed and dodged fight","damage_taken":0,"max_hp_gain":0,"max_hp_loss":0,"event_name":"Mushrooms","floor":12,"gold_loss":0,"cards_obtained":["Parasite"]}],"is_beta":false,"boss_relics":[],"items_purged_floors":[],"is_endless":false,"potions_floor_spawned":[2,10],"killed_by":"Hexaghost","ascension_level":20}}