{"host":"qfskrnw3pl1q86j0","time":1612457146,"event":{"mods":["BaseMod","Block Reminder","Hermit","Marisa????????","Minty Spire (QoL Compilation)","Quick Restart","Random Character Button","Relic Stats","StSLib","The Poker Player","slay the spire mod where everything is the same but ironclad has a cowboy hat"],"gold_per_floor":[114,114,133,151,25,25,44,44,67,82,99,49,49,82,82,180,180,194,194,29,45,60,60,76,90,90,90,40,40,75,94,94,191,191,209,209,41,51,70,70,86,104,130,130,141,154,154,28,28,28],"floor_reached":51,"language":"ENG","playtime":1819,"items_purged":["Strike_B"],"score":723,"play_id":"5764547a-910b-49e2-95ff-2c9353258ba5","local_time":"20210204174546","is_ascension_mode":false,"campfire_choices":[{"data":"Zap","floor":6.0,"key":"SMITH"},{"data":"Dualcast","floor":8.0,"key":"SMITH"},{"data":"Beam Cell","floor":13.0,"key":"SMITH"},{"data":"Self Repair","floor":15.0,"key":"SMITH"},{"data":"Defragment","floor":27.0,"key":"SMITH"},{"data":"Defragment","floor":29.0,"key":"SMITH"},{"data":"Hologram","floor":32.0,"key":"SMITH"},{"data":"Fission","floor":40,"key":"SMITH"},{"data":"Defragment","floor":44,"key":"SMITH"},{"data":"Machine Learning","floor":49,"key":"SMITH"}],"circlet_count":0,"master_deck":["Strike_B","Defend_B","Defend_B","Defend_B","Zap+1","Dualcast+1","Ball Lightning","Rebound","Gash","Gash","Steam","Machine Learning+1","Defragment+1","Beam Cell+1","Self Repair+1","Reboot","Defragment+1","Rip and Tear","Sweeping Beam","Rebound","Cold Snap","Conserve Battery","Stack+1","Leap","Reinforced Body","Hologram+1","Fission+1","Steam+1","Loop","Streamline+1","Leap+1","Defragment+1","All For One"],"relics":["FrozenCore","Regal Pillow","Vajra","Coffee Dripper","Lantern","NlothsMask","Nunchaku","Membership Card","PreservedInsect","Toy Ornithopter","Mercury Hourglass"],"acts_visited":["Exordium","TheCity","TheBeyond"],"potions_floor_usage":[50,50,50],"damage_taken":[{"damage":1.0,"enemies":"2 Louse","floor":1.0,"turns":3.0},{"damage":1.0,"enemies":"Cultist","floor":3.0,"turns":3.0},{"damage":1.0,"enemies":"Jaw Worm","floor":4.0,"turns":2.0},{"damage":8.0,"enemies":"Gremlin Gang","floor":7.0,"turns":3.0},{"damage":2.0,"enemies":"Blue Slaver","floor":10.0,"turns":2.0},{"damage":13.0,"enemies":"Red Slaver","floor":11.0,"turns":2.0},{"damage":20.0,"enemies":"Lagavulin","floor":14.0,"turns":5.0},{"damage":0.0,"enemies":"Slime Boss","floor":16.0,"turns":6.0},{"damage":19.0,"enemies":"2 Thieves","floor":18.0,"turns":3.0},{"damage":4.0,"enemies":"3 Byrds","floor":21.0,"turns":2.0},{"damage":15.0,"enemies":"Centurion and Healer","floor":22.0,"turns":4.0},{"damage":8.0,"enemies":"Sentry and Sphere","floor":24.0,"turns":3.0},{"damage":5.0,"enemies":"Cultist and Chosen","floor":25.0,"turns":5.0},{"damage":25.0,"enemies":"Gremlin Leader","floor":30.0,"turns":8.0},{"damage":9.0,"enemies":"3 Cultists","floor":31.0,"turns":4.0},{"damage":40.0,"enemies":"Automaton","floor":33.0,"turns":9.0},{"damage":0.0,"enemies":"Orb Walker","floor":35.0,"turns":3.0},{"damage":21,"enemies":"3 Shapes","floor":38,"turns":5},{"damage":15,"enemies":"Maw","floor":39,"turns":7},{"damage":0,"enemies":"Spire Growth","floor":41,"turns":7},{"damage":8,"enemies":"Writhing Mass","floor":42,"turns":7},{"damage":26,"enemies":"Sphere and 2 Shapes","floor":45,"turns":8},{"damage":21,"enemies":"Jaw Worm Horde","floor":46,"turns":5},{"damage":23,"enemies":"Time Eater","floor":50,"turns":13}],"seed_played":"-1557637054150581443","potions_obtained":[{"floor":3.0,"key":"FearPotion"},{"floor":4.0,"key":"Regen Potion"},{"floor":11.0,"key":"PotionOfCapacity"},{"floor":16.0,"key":"Fire Potion"},{"floor":21.0,"key":"SkillPotion"},{"floor":22.0,"key":"LiquidBronze"},{"floor":30.0,"key":"Explosive Potion"},{"floor":33.0,"key":"FocusPotion"},{"floor":38,"key":"PotionOfCapacity"}],"is_trial":false,"path_per_floor":["M","?","M","M","$","R","M","R","T","M","M","$","R","E","R","B",null,"M","?","$","M","M","?","M","M","T","R","$","R","E","M","R","B",null,"M","?","$","M","M","R","M","M","T","R","M","M","T","$","R","B",null],"character_chosen":"DEFECT","items_purchased":["Gash","Beam Cell","Lantern","Sweeping Beam","Leap","Membership Card","Loop","Mercury Hourglass"],"campfire_rested":0,"item_purchase_floors":[5,12,20,20,28,37,37,48],"current_hp_per_floor":[67,67,66,65,65,65,57,57,57,55,42,42,42,22,22,32,68,59,59,59,55,50,50,52,57,57,57,57,57,57,58,58,28,68,68,68,68,57,52,52,62,64,64,64,48,37,37,37,37,39],"gold":28,"neow_bonus":"REMOVE_TWO","is_daily":false,"chose_seed":false,"campfire_upgraded":10,"win_rate":0.0,"timestamp":1612457146,"path_taken":["M","?","M","M","$","R","?","R","T","M","M","$","R","E","R","BOSS","M","?","$","M","?","?","?","M","T","R","?","R","E","M","R","BOSS","M","?","$","M","?","R","M","M","T","R","M","M","?","$","R","BOSS"],"items_purchased_type":["Card","Card","Relic","Card","Card","Relic","Card","Relic"],"build_version":"2020-12-22","purchased_purges":1,"victory":true,"max_hp_per_floor":[68,68,68,68,68,68,68,68,68,68,68,68,68,68,68,68,68,68,68,68,68,68,68,68,68,68,68,68,68,68,68,68,68,68,68,68,68,68,68,68,68,68,68,68,68,68,68,68,68,68],"relic_stats":{"Regal Pillow":0,"Nunchaku":[14],"counters":[24,119],"PreservedInsect":0,"obtain_stats":[{"Regal Pillow":9,"Lantern":20,"Nunchaku":30,"Vajra":14,"PreservedInsect":43,"Coffee Dripper":17,"Membership Card":37,"Cracked Core":0,"Toy Ornithopter":47,"NlothsMask":23,"FrozenCore":34,"Mercury Hourglass":48},{"Regal Pillow":4,"Lantern":9,"Nunchaku":14,"Vajra":7,"PreservedInsect":21,"Coffee Dripper":8,"Membership Card":17,"Cracked Core":0,"Toy Ornithopter":23,"NlothsMask":11,"FrozenCore":16,"Mercury Hourglass":23},{"Regal Pillow":11,"Lantern":29,"Nunchaku":51,"Vajra":20,"PreservedInsect":93,"Coffee Dripper":26,"Membership Card":67,"Cracked Core":0,"Toy Ornithopter":106,"NlothsMask":35,"FrozenCore":64,"Mercury Hourglass":106}],"Toy Ornithopter":15,"FrozenCore":[24],"Mercury Hourglass":[33]},"card_choices":[{"not_picked":["Steam","Stack"],"picked":"Ball Lightning","floor":1.0},{"not_picked":["Scrape","Static Discharge"],"picked":"Rebound","floor":3.0},{"not_picked":["Rebound","Hologram"],"picked":"Gash","floor":4.0},{"not_picked":["Doom and Gloom","Scrape"],"picked":"Steam","floor":7.0},{"not_picked":["Sweeping Beam","Stack"],"picked":"Machine Learning","floor":10.0},{"not_picked":["Turbo","Streamline"],"picked":"Defragment","floor":11.0},{"not_picked":["Storm","Rebound"],"picked":"Self Repair","floor":14.0},{"not_picked":["Amplify","Hyperbeam"],"picked":"Reboot","floor":16.0},{"not_picked":["Skim","Rebound"],"picked":"Defragment","floor":18.0},{"not_picked":["Beam Cell","Rip and Tear"],"picked":"Rebound","floor":21.0},{"not_picked":["Compile Driver","Rip and Tear"],"picked":"Cold Snap","floor":22.0},{"not_picked":["Rebound","Ball Lightning"],"picked":"Conserve Battery","floor":24.0},{"not_picked":["Compile Driver","Double Energy+1"],"picked":"Stack+1","floor":25.0},{"not_picked":["Chaos+1","Fusion"],"picked":"Reinforced Body","floor":30.0},{"not_picked":["Chill","Leap"],"picked":"Hologram","floor":31.0},{"not_picked":["Electrodynamics","Machine Learning"],"picked":"Fission","floor":33.0},{"not_picked":["Go for the Eyes","Compile Driver+1"],"picked":"Steam+1","floor":35.0},{"not_picked":["Auto Shields+1","Recycle+1"],"picked":"Streamline+1","floor":38},{"not_picked":["FTL+1","Ball Lightning+1"],"picked":"Leap+1","floor":39},{"not_picked":["Sweeping Beam","Hologram","Tempest"],"picked":"SKIP","floor":41},{"not_picked":["Sunder","Conserve Battery"],"picked":"Defragment","floor":42},{"not_picked":["Heatsinks+1","Recycle","Sweeping Beam+1"],"picked":"SKIP","floor":45},{"not_picked":["Heatsinks+1","Recycle","Sweeping Beam+1"],"picked":"SKIP","floor":45},{"not_picked":["Ball Lightning","Beam Cell"],"picked":"All For One","floor":46}],"player_experience":1030166,"relics_obtained":[{"floor":9.0,"key":"Regal Pillow"},{"floor":14.0,"key":"Vajra"},{"floor":30.0,"key":"Nunchaku"},{"floor":43,"key":"PreservedInsect"},{"floor":47,"key":"Toy Ornithopter"}],"event_choices":[{"damage_healed":0.0,"max_hp_gain":0.0,"max_hp_loss":0.0,"gold_gain":0.0,"event_name":"The Woman in Blue","player_choice":"Bought 0 Potions","floor":2.0,"gold_loss":0.0,"damage_taken":0.0},{"damage_healed":0.0,"max_hp_gain":0.0,"max_hp_loss":0.0,"gold_gain":0.0,"cards_transformed":["Strike_B"],"event_name":"Transmorgrifier","player_choice":"Transformed","floor":19.0,"gold_loss":0.0,"damage_taken":0.0,"cards_obtained":["Rip and Tear"]},{"damage_healed":0.0,"max_hp_gain":0.0,"max_hp_loss":0.0,"gold_gain":0.0,"event_name":"FaceTrader","player_choice":"Trade","floor":23.0,"gold_loss":0.0,"damage_taken":0.0,"relics_obtained":["NlothsMask"]},{"damage_healed":0.0,"max_hp_gain":0.0,"max_hp_loss":0.0,"gold_gain":0.0,"event_name":"Match and Keep!","player_choice":"0 cards matched","floor":36.0,"gold_loss":0.0,"damage_taken":0.0,"cards_obtained":[]}],"is_beta":false,"boss_relics":[{"not_picked":["SacredBark","Busted Crown"],"picked":"Coffee Dripper"},{"not_picked":["Inserter","Pandora\u0027s Box"],"picked":"FrozenCore"}],"items_purged_floors":[5],"is_endless":false,"potions_floor_spawned":[3,4,11,16,21,22,30,33,38,39,45,46],"ascension_level":0}}