{"host":"e4mqwdeqkh64qloq","time":1612407455,"event":{"mods":["BaseMod","Downfall","Minty Spire (QoL Compilation)","Replay The Spire","StSLib","The Cursed"],"gold_per_floor":[99,99,99,115,1,34,34,34,46,76,91,91,124,124,142,243,243,243,257,267,282,297,297,297,297],"floor_reached":23,"language":"ENG","playtime":1782,"items_purged":[],"score":236,"play_id":"d7c2aa1e-2009-4545-8816-d8776d0dbdf1","local_time":"20210203215735","is_ascension_mode":false,"campfire_choices":[{"data":"champ:Taunt","floor":1.0,"key":"SMITH"},{"floor":12.0,"key":"REST"},{"data":"champ:Circumvent","floor":18.0,"key":"SMITH"}],"circlet_count":0,"master_deck":["champ:Strike","champ:Strike","champ:Strike","champ:Defend","champ:Defend","champ:Defend","champ:Defend","champ:Execute","champ:Taunt+1","champ:PreciseThrust","champ:BringItOn+1","champ:SetATrap","champ:GutPunch","champ:Circumvent+1","champ:FanOfKnives","champ:GutPunch","champ:EnGarde","champ:VampiricStrike+1","champ:FanOfKnives+1","champ:Circumvent+1","champ:FocusedBerserking","champ:IronFortress"],"relics":["champ:ChampionCrown","Golden Egg","Kunai","HornCleat","champ:LiftRelic","Toy Ornithopter","Strawberry","Ring of Chaos"],"acts_visited":["Exordium","TheCity"],"potions_floor_usage":[],"damage_taken":[{"damage":10.0,"enemies":"2 Louse","floor":4.0,"turns":3.0},{"damage":15.0,"enemies":"downfall:FleeingMerchant","floor":5.0,"turns":4.0},{"damage":71.0,"enemies":"Gremlin Nob","floor":6.0,"turns":5.0},{"damage":10.0,"enemies":"Jaw Worm","floor":9.0,"turns":3.0},{"damage":19.0,"enemies":"3 Sentries","floor":10.0,"turns":7.0},{"damage":10.0,"enemies":"Small Slimes","floor":11.0,"turns":3.0},{"damage":42.0,"enemies":"Lagavulin","floor":13.0,"turns":6.0},{"damage":0.0,"enemies":"Exordium Wildlife","floor":15.0,"turns":2.0},{"damage":62.0,"enemies":"DF_ARCHETYPE_STREAMLINE","floor":16.0,"turns":14.0},{"damage":5.0,"enemies":"3 Byrds","floor":19.0,"turns":4.0},{"damage":13.0,"enemies":"Snake Plant","floor":20.0,"turns":4.0},{"damage":48.0,"enemies":"Chosen and Byrds","floor":21.0,"turns":8.0},{"damage":32.0,"enemies":"Shelled Parasite and Fungi","floor":22.0,"turns":5.0},{"damage":20,"enemies":"Replay:Snechameleon","floor":23,"turns":5}],"seed_played":"8757160349807408824","potions_obtained":[{"floor":11.0,"key":"champ:CounterPotion"},{"floor":13.0,"key":"Languid Potion"},{"floor":15.0,"key":"SneckoOil"},{"floor":16.0,"key":"Ancient Potion"},{"floor":21.0,"key":"LiquidBronze"},{"floor":22.0,"key":"Reflective Coating"}],"is_trial":false,"path_per_floor":["R","?","T","M","$","E","T","?","M","E","M","R","E","?","M","B",null,"R","M","M","M","M","E"],"character_chosen":"THE_CHAMP","items_purchased":["Explosive Potion","champ:OpenerPotion"],"campfire_rested":1,"item_purchase_floors":[5,5],"current_hp_per_floor":[99,99,99,99,94,53,53,53,53,44,44,73,63,63,68,41,106,106,106,98,65,48,28,28,28],"gold":297,"neow_bonus":"TEN_PERCENT_HP_BONUS","is_daily":false,"chose_seed":false,"campfire_upgraded":2,"win_rate":0.0,"timestamp":1612407455,"path_taken":["R","?","?","M","?","E","T","?","M","E","M","R","E","?","M","BOSS","R","M","M","M","M","E"],"items_purchased_type":["Potion","Potion"],"build_version":"2020-12-22","purchased_purges":0,"victory":false,"max_hp_per_floor":[99,99,99,99,99,99,99,99,99,99,99,99,106,106,106,106,106,106,106,106,106,106,106,106,106],"card_choices":[{"not_picked":["champ:Haymaker","champ:Circumvent"],"picked":"champ:PreciseThrust","floor":4.0},{"not_picked":["champ:DefensiveShout","champ:ShieldSlam"],"picked":"champ:BringItOn","floor":5.0},{"not_picked":["champ:FalseCounter","champ:Endure"],"picked":"champ:SetATrap","floor":6.0},{"not_picked":["champ:BladeFlurry","champ:DefensiveShout"],"picked":"champ:GutPunch","floor":9.0},{"not_picked":["champ:BringItOn","champ:EnGarde"],"picked":"champ:Circumvent","floor":10.0},{"not_picked":["champ:Parry","champ:Duel"],"picked":"champ:FanOfKnives","floor":11.0},{"not_picked":["champ:FocusedBerserking","champ:EndlessRage"],"picked":"champ:GutPunch","floor":13.0},{"not_picked":["champ:Circumvent","champ:Backstep"],"picked":"champ:EnGarde","floor":15.0},{"not_picked":["champ:SwordThrow","champ:SteelEdge"],"picked":"champ:VampiricStrike","floor":16.0},{"not_picked":["champ:TornadoPunch","champ:PerfectedStrike"],"picked":"champ:FanOfKnives+1","floor":19.0},{"not_picked":["champ:RisingSlash","champ:BladeFlurry"],"picked":"champ:Circumvent+1","floor":20.0},{"not_picked":["champ:CalledShot","champ:CrownThrow"],"picked":"champ:FocusedBerserking","floor":21.0},{"not_picked":["champ:FocusedBerserking","champ:GutPunch"],"picked":"champ:IronFortress","floor":22.0}],"player_experience":228838,"relics_obtained":[{"floor":3.0,"key":"Golden Egg"},{"floor":6.0,"key":"Kunai"},{"floor":7.0,"key":"HornCleat"},{"floor":10.0,"key":"Toy Ornithopter"},{"floor":13.0,"key":"Strawberry"}],"event_choices":[],"is_beta":false,"boss_relics":[{"not_picked":["Empty Cage","Runic Dome"],"picked":"Ring of Chaos"}],"items_purged_floors":[],"is_endless":false,"potions_floor_spawned":[11,13,15,16,21,22],"killed_by":"Replay:Snechameleon","ascension_level":0}}