{"host":"6r762osam2bvfm66","time":1612446168,"event":{"mods":["BaseMod","Colored Map","Minty Spire (QoL Compilation)"],"gold_per_floor":[119,119,129,2,21,50,67,102,182,216,216,227,254,271,271,369,369,383,298,310,64,64,92,104,132,132,144,144,170,15,27,27,124,124,143,143,155,168,182,215,215,240,263,12,0,27,27,61,61,61],"floor_reached":51,"language":"ENG","playtime":3312,"items_purged":["Strike_B","Strike_B"],"score":953,"play_id":"1a6b6570-cf93-4b9c-9a19-3693ab654b50","local_time":"20210204074248","is_ascension_mode":true,"campfire_choices":[{"data":"Defragment","floor":11,"key":"SMITH"},{"data":"Zap","floor":15,"key":"SMITH"},{"data":"Dualcast","floor":28,"key":"SMITH"},{"data":"Defragment","floor":32,"key":"SMITH"},{"floor":41,"key":"DIG"},{"floor":47,"key":"DIG"},{"floor":49,"key":"DIG"}],"circlet_count":0,"master_deck":["Strike_B","Strike_B","Defend_B","Defend_B","Defend_B","Defend_B","Zap+1","Dualcast+1","All For One","Reinforced Body+1","Go for the Eyes","Dark Shackles","Defragment+1","Steam","Chill","Ball Lightning","Self Repair","Gash","Sweeping Beam","Static Discharge","Genetic Algorithm+1","Electrodynamics","Beam Cell","Scrape","Gash","Chill","Defragment+1","Hello World+1","Reboot","Defragment+1","Glacier","White Noise"],"relics":["Cracked Core","Question Card","Bird Faced Urn","Shuriken","Bag of Preparation","Shovel","Coffee Dripper","MawBank","Eternal Feather","Toy Ornithopter","CaptainsWheel","Ornamental Fan","Bronze Scales","Juzu Bracelet","Fusion Hammer","Bottled Lightning","War Paint","Regal Pillow","Vajra","Anchor","Red Mask","Bottled Flame","PreservedInsect","HornCleat","Sundial"],"acts_visited":["Exordium","TheCity","TheBeyond"],"potions_floor_usage":[8,10,10,13,16,23,33,40,50,50,50],"damage_taken":[{"damage":7,"enemies":"Small Slimes","floor":1,"turns":3},{"damage":0,"enemies":"Cultist","floor":3,"turns":3},{"damage":1,"enemies":"2 Louse","floor":5,"turns":2},{"damage":28,"enemies":"3 Sentries","floor":6,"turns":9},{"damage":0,"enemies":"Blue Slaver","floor":7,"turns":4},{"damage":4,"enemies":"Lagavulin","floor":8,"turns":8},{"damage":8,"enemies":"3 Sentries","floor":10,"turns":11},{"damage":0,"enemies":"2 Fungi Beasts","floor":12,"turns":3},{"damage":4,"enemies":"Lagavulin","floor":13,"turns":7},{"damage":12,"enemies":"Exordium Thugs","floor":14,"turns":4},{"damage":2,"enemies":"Slime Boss","floor":16,"turns":9},{"damage":0,"enemies":"Spheric Guardian","floor":18,"turns":3},{"damage":21,"enemies":"Slavers","floor":23,"turns":5},{"damage":1,"enemies":"Chosen","floor":24,"turns":4},{"damage":26,"enemies":"Gremlin Leader","floor":25,"turns":5},{"damage":0,"enemies":"Sentry and Sphere","floor":27,"turns":4},{"damage":17,"enemies":"Book of Stabbing","floor":29,"turns":4},{"damage":18,"enemies":"Centurion and Healer","floor":31,"turns":5},{"damage":15,"enemies":"Automaton","floor":33,"turns":7},{"damage":0,"enemies":"3 Darklings","floor":35,"turns":3},{"damage":10,"enemies":"3 Shapes","floor":37,"turns":4},{"damage":0,"enemies":"Maw","floor":38,"turns":6},{"damage":13,"enemies":"Transient","floor":39,"turns":5},{"damage":33,"enemies":"Nemesis","floor":40,"turns":7},{"damage":1,"enemies":"Giant Head","floor":46,"turns":7},{"damage":0,"enemies":"Nemesis","floor":48,"turns":5},{"damage":8,"enemies":"Donu and Deca","floor":50,"turns":8}],"seed_played":"-1963359520996963128","potions_obtained":[{"floor":1,"key":"Dexterity Potion"},{"floor":3,"key":"SteroidPotion"},{"floor":7,"key":"DuplicationPotion"},{"floor":12,"key":"Regen Potion"},{"floor":13,"key":"Block Potion"},{"floor":14,"key":"FearPotion"},{"floor":16,"key":"SteroidPotion"},{"floor":18,"key":"Explosive Potion"},{"floor":24,"key":"SkillPotion"},{"floor":27,"key":"Dexterity Potion"},{"floor":33,"key":"Ancient Potion"},{"floor":46,"key":"DistilledChaos"}],"is_trial":false,"path_per_floor":["M","?","M","$","M","E","M","E","T","E","R","M","E","M","R","B",null,"M","?","?","$","?","E","M","E","T","M","R","E","$","M","R","B",null,"M","?","M","M","M","E","R","T","T","$","?","E","R","E","R","B",null],"character_chosen":"DEFECT","items_purchased":["Dark Shackles","Defragment","Eternal Feather","Defragment","Anchor"],"campfire_rested":0,"item_purchase_floors":[4,4,21,30,44],"current_hp_per_floor":[47,47,47,47,46,18,18,14,14,17,17,28,50,51,51,62,75,75,75,75,75,75,67,75,58,58,71,75,69,69,59,74,67,75,75,71,71,71,67,49,67,67,67,67,67,71,71,71,71,63],"gold":61,"neow_bonus":"THREE_RARE_CARDS","is_daily":false,"chose_seed":false,"campfire_upgraded":4,"win_rate":0.0,"timestamp":1612446168,"path_taken":["M","?","M","$","?","E","M","E","T","E","R","?","E","M","R","BOSS","M","?","?","$","?","E","M","E","T","M","R","E","$","M","R","BOSS","M","?","M","M","M","E","R","?","T","$","?","E","R","E","R","BOSS"],"items_purchased_type":["Card","Card","Relic","Card","Relic"],"build_version":"2020-12-22","purchased_purges":2,"victory":true,"max_hp_per_floor":[75,75,75,75,75,75,75,75,75,75,75,75,75,75,75,75,75,75,75,75,75,75,75,75,75,75,75,75,75,75,75,75,75,75,75,71,71,71,71,71,71,71,71,71,71,71,71,71,71,71],"card_choices":[{"not_picked":["Thunder Strike","Multi-Cast"],"picked":"All For One","floor":0},{"not_picked":["Glacier","Turbo"],"picked":"Reinforced Body","floor":1},{"not_picked":["Double Energy","Streamline"],"picked":"Go for the Eyes","floor":3},{"not_picked":["Fusion","Turbo"],"picked":"Steam","floor":5},{"not_picked":["Storm","Tempest"],"picked":"Chill","floor":6},{"not_picked":["Hello World","Force Field","Leap"],"picked":"Ball Lightning","floor":7},{"not_picked":["Thunder Strike","Hologram","Conserve Battery"],"picked":"Self Repair","floor":8},{"not_picked":["Reprogram","Redo","Hologram"],"picked":"Gash","floor":10},{"not_picked":["Leap","Redo","Turbo"],"picked":"Sweeping Beam","floor":12},{"not_picked":["Blizzard","Compile Driver","Skim"],"picked":"Static Discharge","floor":13},{"not_picked":["Hello World","Fusion","Self Repair"],"picked":"Genetic Algorithm","floor":14},{"not_picked":["Fission","Buffer","Thunder Strike"],"picked":"Electrodynamics","floor":16},{"not_picked":["Turbo+1","Rebound","Cold Snap"],"picked":"Beam Cell","floor":18},{"not_picked":["Fusion","Leap+1","Sweeping Beam"],"picked":"Scrape","floor":23},{"not_picked":["Beam Cell","White Noise","Aggregate"],"picked":"Gash","floor":24},{"not_picked":["Coolheaded+1","Ball Lightning+1","Melter"],"picked":"Chill","floor":25},{"not_picked":["Loop","Redo","Doom and Gloom","Turbo"],"picked":"SKIP","floor":27},{"not_picked":["Streamline","Turbo","Genetic Algorithm","Hello World"],"picked":"SKIP","floor":29},{"not_picked":["Creative AI","Beam Cell","Barrage"],"picked":"Hello World+1","floor":31},{"not_picked":["Meteor Strike","Electrodynamics","Multi-Cast"],"picked":"Reboot","floor":33},{"not_picked":["Tempest","Darkness","Beam Cell+1"],"picked":"Defragment+1","floor":35},{"not_picked":["Ball Lightning","Sweeping Beam+1","Streamline+1"],"picked":"Glacier","floor":37},{"not_picked":["Compile Driver+1","Cold Snap+1","Aggregate"],"picked":"White Noise","floor":38},{"not_picked":["Hello World+1","Hologram+1","Stack+1","Conserve Battery+1"],"picked":"SKIP","floor":39},{"not_picked":["Reprogram","Conserve Battery","Leap+1","Sweeping Beam+1"],"picked":"SKIP","floor":40},{"not_picked":["Leap+1","Barrage","Conserve Battery","Force Field"],"picked":"SKIP","floor":46},{"not_picked":["Self Repair+1","Turbo","Darkness","Beam Cell"],"picked":"SKIP","floor":48}],"player_experience":36077,"relics_obtained":[{"floor":6,"key":"Question Card"},{"floor":8,"key":"Bird Faced Urn"},{"floor":9,"key":"Shuriken"},{"floor":10,"key":"Bag of Preparation"},{"floor":13,"key":"Shovel"},{"floor":23,"key":"CaptainsWheel"},{"floor":25,"key":"Ornamental Fan"},{"floor":26,"key":"Bronze Scales"},{"floor":29,"key":"Juzu Bracelet"},{"floor":40,"key":"Bottled Lightning"},{"floor":41,"key":"War Paint"},{"floor":42,"key":"Regal Pillow"},{"floor":43,"key":"Vajra"},{"floor":46,"key":"Bottled Flame"},{"floor":47,"key":"PreservedInsect"},{"floor":48,"key":"HornCleat"},{"floor":49,"key":"Sundial"}],"event_choices":[{"damage_healed":0,"gold_gain":0,"player_choice":"Bought 0 Potions","damage_taken":0,"max_hp_gain":0,"max_hp_loss":0,"event_name":"The Woman in Blue","floor":2,"gold_loss":0},{"damage_healed":0,"gold_gain":0,"player_choice":"Obtained Relic","damage_taken":0,"relics_obtained":["MawBank"],"max_hp_gain":0,"max_hp_loss":0,"event_name":"Addict","floor":19,"gold_loss":85},{"damage_healed":0,"gold_gain":0,"player_choice":"Ignored","damage_taken":0,"max_hp_gain":0,"max_hp_loss":0,"event_name":"Ghosts","floor":20,"gold_loss":0},{"damage_healed":0,"gold_gain":0,"player_choice":"Opened","damage_taken":0,"relics_obtained":["Toy Ornithopter"],"max_hp_gain":0,"max_hp_loss":0,"event_name":"The Mausoleum","floor":22,"gold_loss":0},{"damage_healed":0,"gold_gain":0,"player_choice":"Max HP","damage_taken":0,"max_hp_gain":0,"max_hp_loss":4,"event_name":"Winding Halls","floor":36,"gold_loss":0},{"damage_healed":0,"gold_gain":0,"player_choice":"Paid","damage_taken":0,"relics_obtained":["Red Mask"],"max_hp_gain":0,"max_hp_loss":0,"event_name":"Tomb of Lord Red Mask","floor":45,"gold_loss":12}],"is_beta":false,"boss_relics":[{"not_picked":["Empty Cage","Philosopher\u0027s Stone"],"picked":"Coffee Dripper"},{"not_picked":["Black Star","Tiny House"],"picked":"Fusion Hammer"}],"items_purged_floors":[30,44],"is_endless":false,"potions_floor_spawned":[1,3,7,12,13,14,16,18,24,27,33,37,46],"ascension_level":2}}