{"host":"xc18ixkpjvqrt8st","time":1612456467,"event":{"mods":["Act Like it!","BaseMod","Better Match","Better Third Choice","Conspire","Downfall","Hallownest","Hermit","Hubris","Infinite Spire","Minty Spire (QoL Compilation)","Reliquary","Replay The Spire","Robot Space Explorer","Shop Mod","Spicy Shops","Spire Arcade","StSLib","The Animator","The Edgeheg","The Jungle","The Marked","The Sage"],"gold_per_floor":[114,114,144,162,175,209,209,254,254,284,284,294,294,294,294,389,439,454,127,137,52,65,65,65,164,188,188,214,214,214,233,233,350,350,367,367,367,378,378,378,404,404,404],"floor_reached":42,"language":"ENG","playtime":2075,"items_purged":[],"score":447,"play_id":"ca3c8de5-7769-475a-ad09-554c30861544","local_time":"20210204103427","is_ascension_mode":true,"campfire_choices":[{"floor":7,"key":"REST"},{"floor":11,"key":"REST"},{"floor":13,"key":"RECALL"},{"data":"animator:Nanami","floor":15,"key":"SMITH"},{"floor":23,"key":"REST"},{"floor":27,"key":"REST"},{"floor":29,"key":"REST"},{"floor":32,"key":"REST"},{"floor":40,"key":"REST"}],"circlet_count":0,"master_deck":["animator:Strike_GATE","animator:Defend_GATE","animator:Strike","animator:Strike","animator:Strike","animator:Defend","animator:Defend","animator:Defend+1","animator:TukaLunaMarceau","animator:Kuribayashi","animator:Yuuichirou","animator:Konayuki","animator:YunYun","animator:Nanami+1","animator:YaoHaDucy","animator:Saber","animator:ChaikaBohdan","animator:Tyuule","animator:Kuroyukihime","animator:Mitsuba+1","animator:Yoichi","animator:Bozes","animator:Shigure","animator:Envy","animator:RoyMustang+1","animator:SakuraMatou+1","hubris:Fate","animator:Pride+1"],"relics":["animator:LivingPicture","animator:TheMissingPiece","animator:EngravedStaff","Replay:Towering Pillar of Hats","infinitespire:Lucky Rock","Tiny House","Replay:WaspNest","Ginger","MutagenicStrength","Orichalcum","hubris:Towel"],"acts_visited":["Exordium","TheCity","TheBeyond"],"potions_floor_usage":[8,18,18,33,33],"damage_taken":[{"damage":6,"enemies":"Small Slimes","floor":1,"turns":5},{"damage":0,"enemies":"Cultist","floor":3,"turns":3},{"damage":10,"enemies":"infinitespire:Voidling","floor":4,"turns":4},{"damage":6,"enemies":"3 Louse","floor":5,"turns":3},{"damage":18,"enemies":"Lagavulin","floor":6,"turns":5},{"damage":28,"enemies":"3 Sentries","floor":8,"turns":12},{"damage":0,"enemies":"2 Fungi Beasts","floor":12,"turns":2},{"damage":7,"enemies":"Hexaghost","floor":16,"turns":8},{"damage":24,"enemies":"2 Thieves","floor":18,"turns":3},{"damage":7,"enemies":"Chosen","floor":20,"turns":4},{"damage":28,"enemies":"Snecko","floor":22,"turns":6},{"damage":22,"enemies":"conspire:HollyBat","floor":28,"turns":9},{"damage":40,"enemies":"Centurion and Healer","floor":31,"turns":6},{"damage":51,"enemies":"Collector","floor":33,"turns":9},{"damage":14,"enemies":"3 Shapes","floor":35,"turns":6},{"damage":21,"enemies":"Orb Walker","floor":38,"turns":5},{"damage":53,"enemies":"3 Darklings","floor":41,"turns":3},{"damage":33,"enemies":"Transient","floor":42,"turns":5}],"seed_played":"-1471921699850115303","potions_obtained":[{"floor":2,"key":"SmokeBomb"},{"floor":2,"key":"Dexterity Potion"},{"floor":2,"key":"FearPotion"},{"floor":8,"key":"hexamod:SoulburnPotion"},{"floor":12,"key":"PowerPotion"},{"floor":17,"key":"bronze:BurnAndBuffPotion"},{"floor":18,"key":"PowerPotion"},{"floor":20,"key":"PowerPotion"},{"floor":33,"key":"CultistPotion"},{"floor":35,"key":"Reflective Coating"}],"is_trial":false,"path_per_floor":["M","?","M","M","M","E","R","E","T","?","R","M","R","?","R","B",null,"M","$","M","$","M","R","?","?","T","R","M","R","AVR","M","R","B",null,"M","?","?","M","AVR","R","M","M"],"character_chosen":"THE_ANIMATOR","items_purchased":["Replay:WaspNest","animator:Kuroyukihime","Ginger"],"campfire_rested":7,"item_purchase_floors":[19,19,21],"current_hp_per_floor":[63,63,63,57,52,34,55,30,30,30,51,54,54,59,59,55,75,55,55,51,51,23,45,45,45,45,67,48,70,70,33,55,7,76,66,66,66,48,48,71,18,0,0],"gold":404,"neow_bonus":"RANDOM_EVENT","is_daily":false,"chose_seed":false,"campfire_upgraded":1,"win_rate":0.0,"timestamp":1612456467,"path_taken":["M","?","?","?","M","E","R","E","T","?","R","M","R","?","R","BOSS","M","$","?","$","M","R","?","?","T","R","M","R","AVR","M","R","BOSS","M","?","?","M","AVR","R","M","M"],"items_purchased_type":["Relic","Card","Relic"],"build_version":"2020-12-22","purchased_purges":0,"victory":false,"max_hp_per_floor":[69,69,69,69,70,70,70,70,70,70,70,70,70,70,70,70,75,76,76,76,76,76,76,76,76,76,76,76,76,76,76,76,76,76,77,77,77,77,77,77,77,77,77],"card_choices":[{"not_picked":["animator:Scar","animator:Emonzaemon"],"picked":"animator:Yuuichirou","floor":1},{"not_picked":["animator:Rider","animator:EmiyaShirou"],"picked":"animator:Konayuki","floor":3},{"not_picked":["animator:Azekura","animator:Konayuki"],"picked":"animator:YunYun","floor":4},{"not_picked":["animator:TsurugaMeisai","animator:Konayuki"],"picked":"animator:Nanami","floor":5},{"not_picked":["animator:SakuraMatou","animator:Viivi"],"picked":"animator:Eris","floor":6},{"not_picked":["animator:Berserker","animator:HiiragiShinya"],"picked":"animator:YaoHaDucy","floor":8},{"not_picked":["animator:Azekura","animator:Gillette"],"picked":"animator:Mikaela","floor":12},{"not_picked":["animator:Envy","animator:FeridBathory"],"picked":"animator:Saber","floor":16},{"not_picked":["animator:Azekura","animator:ElricAlphonse"],"picked":"animator:ChaikaBohdan","floor":17},{"not_picked":["animator:Kuribayashi","animator:YaoHaDucy"],"picked":"animator:Tyuule","floor":18},{"not_picked":["animator:Shigure","animator:Archer+1"],"picked":"animator:Mitsuba+1","floor":20},{"not_picked":["animator:Kazuma+1","animator:Saber"],"picked":"animator:Yoichi","floor":22},{"not_picked":["animator:Mitsuba","animator:TsurugaMeisai"],"picked":"animator:Bozes","floor":28},{"not_picked":["animator:HiiragiShinya","animator:Mitsuba"],"picked":"animator:Shigure","floor":31},{"not_picked":["animator:Father","animator:ChaikaTrabant"],"picked":"animator:Envy","floor":33},{"not_picked":["animator:Konayuki+1","animator:YunYun+1"],"picked":"animator:RoyMustang+1","floor":35},{"not_picked":["animator:Verdia","animator:Konayuki+1"],"picked":"animator:SakuraMatou+1","floor":38},{"not_picked":["animator:Envy","animator:Togame"],"picked":"animator:Pride+1","floor":41}],"player_experience":696278,"relics_obtained":[{"floor":6,"key":"animator:EngravedStaff"},{"floor":8,"key":"Replay:Towering Pillar of Hats"},{"floor":26,"key":"Orichalcum"}],"event_choices":[{"damage_healed":0,"gold_gain":0,"player_choice":"Got Potions","damage_taken":0,"max_hp_gain":0,"max_hp_loss":0,"event_name":"Lab","floor":2,"gold_loss":0},{"damage_healed":0,"gold_gain":30,"player_choice":"Searched \u00272\u0027 times","damage_taken":0,"relics_obtained":["infinitespire:Lucky Rock"],"max_hp_gain":0,"max_hp_loss":0,"event_name":"Dead Adventurer","floor":10,"gold_loss":0},{"cards_removed":["animator:Mikaela"],"damage_healed":5,"gold_gain":0,"player_choice":"Offered Common","damage_taken":0,"max_hp_gain":0,"max_hp_loss":0,"event_name":"Bonfire Elementals","floor":14,"gold_loss":0},{"cards_removed":["animator:Mikaela"],"damage_healed":5,"gold_gain":0,"player_choice":"Offered Special","damage_taken":0,"max_hp_gain":0,"max_hp_loss":0,"event_name":"Bonfire Elementals","floor":14,"gold_loss":0},{"damage_healed":0,"gold_gain":0,"player_choice":"Inject Mutagens","damage_taken":0,"relics_obtained":["MutagenicStrength"],"max_hp_gain":0,"max_hp_loss":0,"event_name":"Drug Dealer","floor":24,"gold_loss":0},{"damage_healed":0,"gold_gain":99,"player_choice":"Steal","damage_taken":0,"max_hp_gain":0,"max_hp_loss":0,"event_name":"betterThird:BetterNest","floor":25,"gold_loss":0},{"damage_healed":0,"gold_gain":0,"player_choice":"Ignored","damage_taken":0,"max_hp_gain":0,"max_hp_loss":0,"event_name":"Tomb of Lord Red Mask","floor":36,"gold_loss":0}],"is_beta":false,"boss_relics":[{"not_picked":["Replay:Drink Me","Replay:Grab Bag"],"picked":"Tiny House"},{"not_picked":["hubris:Stopwatch","conspire:RunicOctahedron","infinitespire:Cupcake"]}],"items_purged_floors":[],"is_endless":false,"potions_floor_spawned":[3,8,12,18,20,33,35,38],"killed_by":"Transient","ascension_level":2}}