{"host":"15f3wpiimhe5yrng","time":1612474786,"event":{"mods":["BaseMod","Better Altar","Better Match","Better Note","Better Sensory Stone","Better Skull","Better Third Choice","Colored Map","Downfall","GifTheSpireLib","Good Game Mod","Minty Spire (QoL Compilation)","Permanent Neow","StSLib","The Disciple","The Mystic"],"gold_per_floor":[111,286,286,302,302,334,353,363,363,389,354,384,384,402,402,402,402],"floor_reached":16,"language":"ENG","playtime":648,"items_purged":[],"score":210,"play_id":"1e94c24e-1921-4ae2-a075-51815c3c48f2","local_time":"20210204223946","is_ascension_mode":true,"campfire_choices":[{"data":"Bane","floor":15,"key":"SMITH"}],"circlet_count":0,"master_deck":["Strike_G","Strike_G","Strike_G+1","Strike_G","Strike_G+1","Defend_G","Defend_G","Defend_G","Defend_G","Defend_G","Survivor","Neutralize","Concentrate","Noxious Fumes","Flechettes","Backflip","Bane+1","Corpse Explosion","Backflip","PiercingWail"],"relics":["Ring of the Snake","REME:ComplimentaryCards","NeowsBlessing","Singing Bowl","Letter Opener","Meat on the Bone","Bag of Preparation","MealTicket"],"acts_visited":["Exordium"],"potions_floor_usage":[10,10,12],"damage_taken":[{"damage":0,"enemies":"Jaw Worm","floor":1,"turns":1},{"damage":0,"enemies":"Small Slimes","floor":4,"turns":1},{"damage":0,"enemies":"Lagavulin","floor":6,"turns":1},{"damage":3,"enemies":"2 Louse","floor":7,"turns":2},{"damage":23,"enemies":"Lots of Slimes","floor":8,"turns":4},{"damage":28,"enemies":"Gremlin Nob","floor":10,"turns":5},{"damage":12,"enemies":"Lagavulin","floor":12,"turns":7},{"damage":0,"enemies":"Blue Slaver","floor":14,"turns":3},{"damage":33,"enemies":"Hexaghost","floor":16,"turns":10}],"seed_played":"-2945041089555471347","potions_obtained":[{"floor":1,"key":"CultistPotion"},{"floor":4,"key":"champ:CounterPotion"},{"floor":6,"key":"DistilledChaos"},{"floor":10,"key":"ColorlessPotion"}],"is_trial":false,"path_per_floor":["M","?","?","M","?","E","M","M","T","E","?","E","?","M","R","B"],"character_chosen":"THE_SILENT","items_purchased":[],"campfire_rested":0,"item_purchase_floors":[],"current_hp_per_floor":[63,63,56,56,56,58,55,32,32,16,34,34,20,32,32,0,0],"gold":402,"neow_bonus":"THREE_ENEMY_KILL","is_daily":false,"chose_seed":false,"campfire_upgraded":1,"win_rate":0.0,"timestamp":1612474786,"path_taken":["M","?","?","M","?","E","?","M","T","E","?","E","?","M","R","BOSS"],"items_purchased_type":[],"build_version":"2020-12-22","purchased_purges":0,"victory":false,"max_hp_per_floor":[70,70,70,70,70,72,72,72,72,72,72,72,72,72,72,72,72],"card_choices":[{"not_picked":["Cloak And Dagger","Skewer"],"picked":"Noxious Fumes","floor":1},{"not_picked":["Dagger Spray","Slice"],"picked":"Flechettes","floor":4},{"not_picked":["Backstab","Sucker Punch","Quick Slash"],"picked":"Singing Bowl","floor":6},{"not_picked":["Dodge and Roll","Setup"],"picked":"Backflip","floor":7},{"not_picked":["Cloak And Dagger","Dagger Spray"],"picked":"Bane","floor":8},{"not_picked":["All Out Attack","Tactician"],"picked":"Corpse Explosion","floor":10},{"not_picked":["Backstab","Flechettes"],"picked":"Backflip","floor":12},{"not_picked":["Dash","Calculated Gamble"],"picked":"PiercingWail","floor":14}],"player_experience":123751,"relics_obtained":[{"floor":6,"key":"Letter Opener"},{"floor":9,"key":"Meat on the Bone"},{"floor":10,"key":"Bag of Preparation"},{"floor":12,"key":"MealTicket"}],"event_choices":[{"damage_healed":0,"gold_gain":175,"player_choice":"AGREE","damage_taken":111,"max_hp_gain":0,"max_hp_loss":0,"event_name":"betterThird:BetterSerpent","floor":2,"gold_loss":0},{"cards_removed":["Doubt"],"damage_healed":0,"gold_gain":0,"player_choice":"Card Removal","damage_taken":7,"max_hp_gain":0,"max_hp_loss":0,"event_name":"Golden Wing","floor":3,"gold_loss":0},{"damage_healed":0,"gold_gain":0,"player_choice":"Gave Potion","damage_taken":0,"relics_obtained":["Singing Bowl"],"max_hp_gain":0,"max_hp_loss":0,"event_name":"WeMeetAgain","floor":5,"gold_loss":0},{"damage_healed":18,"gold_gain":0,"player_choice":"Healed","damage_taken":0,"max_hp_gain":0,"max_hp_loss":0,"event_name":"The Cleric","floor":11,"gold_loss":35},{"damage_healed":34,"gold_gain":0,"player_choice":"Upgrade","damage_taken":14,"max_hp_gain":0,"max_hp_loss":72,"event_name":"betterThird:BetterShining","floor":13,"gold_loss":0,"cards_upgraded":["Strike_G","Strike_G"]}],"is_beta":false,"boss_relics":[],"items_purged_floors":[],"is_endless":false,"potions_floor_spawned":[1,4,6,10],"killed_by":"Hexaghost","ascension_level":9}}