{"host":"Black","time":1612417193,"event":{"mods":["2.2 Compatiblity","Act Like it!","Always Whale","AlwaysNeverKeys","Ascension Reborn","Aspiration","BaseMod","Beta Mode","BetterRewards","Colored Map","Colored Powertips","Custom Start","DeckTracker","Downfall","Duelist Mod","FetchMod","Friendly Minions","Halation","Hallownest","Highlight Path","Hubris","Marisa????????","Minty Spire (QoL Compilation)","MoreRelics","Quick Restart","Random Character Button","Reimu??????","Shop Mod","StSLib","SuperFastMode","The Animator","The Bug Knight","The Disciple","Unceasing Turn Reminder","everything is the same but u backflip on backflip"],"gold_per_floor":[19,19,32,32,47,76,76,76,153,171,201,213,239,251,263,375,387,419,431,300,255,255,255,275,275,325,150,166,183,49,68,68,172,172,191,191,206,219,293,303,303,303,381,14,14,24,24,55,55,55,55],"floor_reached":50,"language":"ENG","playtime":2362,"items_purged":["Strike_R"],"score":505,"play_id":"3c63a569-68bd-40fe-bfcb-42a9234d2011","local_time":"20210204063953","is_ascension_mode":false,"campfire_choices":[{"data":"Clash","floor":8.0,"key":"SMITH"},{"data":"Apotheosis","floor":12.0,"key":"SMITH"},{"data":"Pommel Strike","floor":15.0,"key":"SMITH"},{"data":"True Grit","floor":23,"key":"SMITH"},{"data":"Hallownest:attackMasterCycloneSlash","floor":32,"key":"SMITH"},{"data":"Clash","floor":41,"key":"SMITH"},{"data":"Evolve","floor":47,"key":"SMITH"},{"floor":49,"key":"REST"}],"circlet_count":0,"master_deck":["Strike_R","Strike_R","Strike_R","Strike_R","Defend_R","Defend_R","Defend_R","Defend_R","Bash","Apotheosis+1","Thunderclap","Pommel Strike+1","Clash","Clash+1","Intimidate","Clash+1","Shockwave+1","Feel No Pain+1","True Grit+1","Burning Pact","Warcry+1","Hallownest:attackMasterCycloneSlash+1","Flash of Steel","Disarm","Inflame+1","Rage+1","Feel No Pain","Shrug It Off","Pommel Strike+1","Evolve+1","Body Slam","Dark Embrace+1"],"relics":["Burning Blood","hubris:Icosahedron","hubris:IronBody","hubris:MysteriousPyramids","aspiration:StickyExplosives_weak","MawBank","Sozu","Red Mask","halation:PrussianBluePaint","aspiration:PoetsPen_weak","Letter Opener","halation:PinkSoulGem","HornCleat","Mummified Hand","hubris:ChampionShield"],"acts_visited":["Hallownest:Greenpath","Hallownest:CityofTears","Hallownest:KingdomsEdge"],"potions_floor_usage":[],"damage_taken":[{"damage":2.0,"enemies":"Hallownest:monsterHuskGuard","floor":1.0,"turns":4.0},{"damage":0.0,"enemies":"Hallownest:monsterHuskWarrior","floor":3.0,"turns":3.0},{"damage":4.0,"enemies":"Hallownest:2_Baldur","floor":5.0,"turns":3.0},{"damage":5.0,"enemies":"Hallownest:eliteVengeflyKing","floor":6.0,"turns":6.0},{"damage":0.0,"enemies":"Hallownest:1_Ooma_and_2_Uuma","floor":10.0,"turns":2.0},{"damage":8.0,"enemies":"Hallownest:eliteCrystalGuardian","floor":11.0,"turns":5.0},{"damage":1.0,"enemies":"Hallownest:monsterFoolEater","floor":13.0,"turns":2.0},{"damage":17.0,"enemies":"Hallownest:BossHornet","floor":16.0,"turns":6.0},{"damage":10,"enemies":"Hallownest:Flukemon_and_Top","floor":18,"turns":4},{"damage":1,"enemies":"Hallownest:Guard_and_Sentry","floor":24,"turns":5},{"damage":13,"enemies":"Hallownest:2_Flukemon","floor":28,"turns":6},{"damage":0,"enemies":"Hallownest:3_Mistakes","floor":29,"turns":5},{"damage":3,"enemies":"Hallownest:Warrior_and_Youth","floor":31,"turns":5},{"damage":43,"enemies":"Hallownest:BossMantisLord","floor":33,"turns":7},{"damage":10,"enemies":"Hallownest:3_Siblings","floor":35,"turns":6},{"damage":0,"enemies":"Hallownest:2_Littles","floor":37,"turns":1},{"damage":0,"enemies":"Hallownest:2_Soldiers_and_1_Guardian","floor":38,"turns":4},{"damage":17,"enemies":"Hallownest:2_Wandering_and_1_Horned","floor":40,"turns":5},{"damage":8,"enemies":"Hallownest:Xero_Hu_Marmu","floor":46,"turns":4},{"damage":13,"enemies":"Hallownest:StalkingDevout","floor":48,"turns":5},{"damage":78,"enemies":"Hallownest:BossHollowKnight","floor":50,"turns":13}],"seed_played":"5543157810918958265","potions_obtained":[{"floor":1.0,"key":"AttackPotion"},{"floor":10.0,"key":"GamblersBrew"},{"floor":11.0,"key":"Strength Potion"}],"is_trial":false,"path_per_floor":["M","?","M","?","M","E","T","R","T","M","E","R","M","?","R","B",null,"M","?","$","?","?","R","M","?","T","$","M","M","$","M","R","B",null,"M","?","M","M","T","M","R","?","T","$","?","M","R","E","R","B"],"character_chosen":"IRONCLAD","items_purchased":["Burning Pact","Flash of Steel","Disarm","Feel No Pain","Shrug It Off","Evolve","Mummified Hand","Body Slam"],"campfire_rested":1,"item_purchase_floors":[20,27,27,30,30,44,44,44],"current_hp_per_floor":[80,80,80,80,80,80,80,80,80,80,78,78,80,80,80,69,80,76,76,76,76,76,76,80,80,80,80,73,79,79,80,80,43,80,76,80,80,80,80,69,69,69,69,69,69,67,67,60,75,0,0],"gold":55,"neow_bonus":"RANDOM_COLORLESS_2","is_daily":false,"chose_seed":false,"campfire_upgraded":7,"win_rate":0.0,"timestamp":1612417193,"path_taken":["M","?","M","?","?","E","?","R","T","M","E","R","M","?","R","BOSS","M","?","$","?","?","R","M","?","T","$","M","?","$","M","R","BOSS","M","?","?","M","?","M","R","?","T","$","?","?","R","E","R","BOSS"],"items_purchased_type":["Card","Card","Card","Card","Card","Card","Relic","Card"],"build_version":"2020-12-22","purchased_purges":1,"victory":false,"max_hp_per_floor":[80,80,80,80,80,80,80,80,80,80,80,80,80,80,80,80,80,80,80,80,80,80,80,80,80,80,80,80,80,80,80,80,80,80,80,80,80,80,80,80,80,80,80,80,75,75,75,75,75,75,75],"card_choices":[{"not_picked":["Chrysalis","theDuelist:OrbMetronome"],"picked":"Apotheosis","floor":0.0},{"not_picked":["Perfected Strike","Armaments"],"picked":"Thunderclap","floor":1.0},{"not_picked":["Clash","Armaments"],"picked":"Pommel Strike","floor":3.0},{"not_picked":["Thunderclap","Seeing Red"],"picked":"Clash","floor":5.0},{"not_picked":["Pommel Strike","Heavy Blade"],"picked":"Clash","floor":6.0},{"not_picked":["Iron Wave","Heavy Blade","Warcry"],"picked":"SKIP","floor":10.0},{"not_picked":["hubris:SharpeningStone","Warcry"],"picked":"Intimidate","floor":11.0},{"not_picked":["Thunderclap","Seeing Red"],"picked":"Clash","floor":13.0},{"not_picked":["Body Slam","Warcry"],"picked":"Shockwave+1","floor":18},{"not_picked":["Warcry","Body Slam"],"picked":"Feel No Pain+1","floor":19},{"not_picked":["Warcry","Twin Strike"],"picked":"True Grit","floor":19},{"not_picked":["Havoc","Intimidate"],"picked":"Warcry+1","floor":24},{"not_picked":["Clothesline","Sword Boomerang"],"picked":"Inflame+1","floor":28},{"not_picked":["Barricade","Sword Boomerang"],"picked":"Rage+1","floor":29},{"not_picked":["Perfected Strike","Heavy Blade","Thunderclap"],"picked":"SKIP","floor":31},{"not_picked":["Second Wind+1","Carnage+1","Warcry"],"picked":"SKIP","floor":35},{"not_picked":["Hemokinesis","Inflame","Cleave"],"picked":"SKIP","floor":37},{"not_picked":["Thunderclap+1","Uppercut","hubris:CleavingFinish"],"picked":"SKIP","floor":38},{"not_picked":["Power Through","Havoc"],"picked":"Pommel Strike+1","floor":40},{"not_picked":["Combust","Wild Strike+1","Searing Blow+1"],"picked":"SKIP","floor":46},{"not_picked":["Sword Boomerang+1","Iron Wave"],"picked":"Dark Embrace+1","floor":48}],"player_experience":466945,"relics_obtained":[{"floor":6.0,"key":"hubris:IronBody"},{"floor":7.0,"key":"hubris:MysteriousPyramids"},{"floor":9.0,"key":"aspiration:StickyExplosives_weak"},{"floor":11.0,"key":"MawBank"},{"floor":26,"key":"halation:PrussianBluePaint"},{"floor":39,"key":"Letter Opener"},{"floor":43,"key":"HornCleat"},{"floor":48,"key":"hubris:ChampionShield"}],"event_choices":[],"is_beta":true,"boss_relics":[{"not_picked":["hubris:Backtick","aspiration:FutureDiary"],"picked":"halation:PlatinumPhoenix"},{"not_picked":["Velvet Choker","halation:Prosthetics"],"picked":"aspiration:PoetsPen_weak"}],"items_purged_floors":[20],"is_endless":false,"potions_floor_spawned":[1,10,11,18,33,37,40,46],"killed_by":"Hallownest:BossHollowKnight","ascension_level":0}}