{"host":"7gewg82ormp6yt4e","time":1612441889,"event":{"mods":["BaseMod","Block Reminder","Colored Map","DeckTracker","Highlight Path","Minty Spire (QoL Compilation)","Relic Stats","StSLib","ojb\u0027s Info Mod"],"gold_per_floor":[118,193,211,221,10,35,35,35,35,49,49,83,28,66,66,66,66],"floor_reached":16,"language":"JPN","playtime":911,"items_purged":[],"score":236,"play_id":"702c9fa9-f563-4934-b2fc-506177dc5af8","local_time":"20210204213129","is_ascension_mode":true,"campfire_choices":[{"data":"WheelKick","floor":7,"key":"SMITH"},{"data":"Eruption","floor":11,"key":"SMITH"},{"data":"WaveOfTheHand","floor":15,"key":"SMITH"}],"circlet_count":0,"master_deck":["AscendersBane","Strike_P","Strike_P","Strike_P","Strike_P","Defend_P","Defend_P","Defend_P","Defend_P","Eruption+1","Vigilance","EmptyBody","BowlingBash","Sanctity","FollowUp","WheelKick+1","WaveOfTheHand+1","Halt","DeusExMachina"],"relics":["Black Star","ClockworkSouvenir","FossilizedHelix","Damaru","Golden Idol","Pear","Ornamental Fan","StrikeDummy","Pen Nib","Frozen Egg 2"],"acts_visited":["Exordium"],"potions_floor_usage":[6,12,16,16],"damage_taken":[{"damage":7.0,"enemies":"Jaw Worm","floor":1.0,"turns":6.0},{"damage":0.0,"enemies":"2 Louse","floor":3.0,"turns":4.0},{"damage":0.0,"enemies":"Cultist","floor":4.0,"turns":3.0},{"damage":6,"enemies":"3 Sentries","floor":6,"turns":6},{"damage":0,"enemies":"Red Slaver","floor":10,"turns":5},{"damage":7,"enemies":"Lagavulin","floor":12,"turns":6},{"damage":19,"enemies":"Gremlin Nob","floor":14,"turns":4},{"damage":26,"enemies":"Hexaghost","floor":16,"turns":12}],"seed_played":"-8738524068539458762","potions_obtained":[{"floor":3.0,"key":"BottledMiracle"},{"floor":4.0,"key":"Ambrosia"},{"floor":14,"key":"Block Potion"}],"is_trial":false,"path_per_floor":["M","?","M","M","$","E","R","?","T","M","R","E","$","E","R","B"],"character_chosen":"WATCHER","items_purchased":["ClockworkSouvenir","FollowUp","SpeedPotion"],"campfire_rested":0,"item_purchase_floors":[5,5,13],"current_hp_per_floor":[54,43,43,43,43,37,37,37,47,47,47,40,40,21,21,0,0],"gold":66,"neow_bonus":"BOSS_RELIC","is_daily":false,"chose_seed":false,"campfire_upgraded":3,"win_rate":0.0,"timestamp":1612441889,"path_taken":["M","?","M","M","$","E","R","?","T","?","R","E","?","E","R","BOSS"],"items_purchased_type":["Relic","Card","Potion"],"build_version":"2020-12-22","purchased_purges":0,"victory":false,"max_hp_per_floor":[68,68,68,68,68,68,68,62,72,72,72,72,72,72,72,72,72],"relic_stats":{"counters":[8,46],"Golden Idol":18,"Ornamental Fan":[8],"Pen Nib":[1],"Black Star":3,"obtain_stats":[{"Pear":9,"Golden Idol":8,"Ornamental Fan":12,"Damaru":6,"Pen Nib":14,"Black Star":0,"PureWater":0,"Frozen Egg 2":14,"StrikeDummy":12,"FossilizedHelix":6,"ClockworkSouvenir":5},{"Pear":4,"Golden Idol":4,"Ornamental Fan":6,"Damaru":4,"Pen Nib":7,"Black Star":0,"PureWater":0,"Frozen Egg 2":7,"StrikeDummy":6,"FossilizedHelix":4,"ClockworkSouvenir":3},{"Pear":19,"Golden Idol":19,"Ornamental Fan":30,"Damaru":19,"Pen Nib":34,"Black Star":0,"PureWater":0,"Frozen Egg 2":34,"StrikeDummy":30,"FossilizedHelix":19,"ClockworkSouvenir":13}]},"card_choices":[{"not_picked":["PathToVictory","Weave"],"picked":"EmptyBody","floor":1.0},{"not_picked":["Crescendo","Swivel"],"picked":"BowlingBash","floor":3.0},{"not_picked":["Protect","PathToVictory"],"picked":"Sanctity","floor":4.0},{"not_picked":["Ragnarok","Evaluate"],"picked":"WheelKick","floor":6},{"not_picked":["Vengeance","BattleHymn"],"picked":"WaveOfTheHand","floor":10},{"not_picked":["ReachHeaven","Swivel"],"picked":"Halt","floor":12},{"not_picked":["FlyingSleeves","CrushJoints"],"picked":"DeusExMachina","floor":14}],"player_experience":2774185,"relics_obtained":[{"floor":6,"key":"FossilizedHelix"},{"floor":6,"key":"Damaru"},{"floor":9,"key":"Pear"},{"floor":12,"key":"Ornamental Fan"},{"floor":12,"key":"StrikeDummy"},{"floor":14,"key":"Pen Nib"},{"floor":14,"key":"Frozen Egg 2"}],"event_choices":[{"damage_healed":0.0,"max_hp_gain":0.0,"max_hp_loss":0.0,"gold_gain":75.0,"event_name":"World of Goop","player_choice":"Gather Gold","floor":2.0,"gold_loss":0.0,"damage_taken":11.0},{"damage_healed":0,"gold_gain":0,"player_choice":"Lose Max HP","damage_taken":0,"relics_obtained":["Golden Idol"],"max_hp_gain":0,"max_hp_loss":6,"event_name":"Golden Idol","floor":8,"gold_loss":0}],"is_beta":false,"boss_relics":[],"items_purged_floors":[],"is_endless":false,"potions_floor_spawned":[3,4,14],"killed_by":"Hexaghost","ascension_level":20}}