{"host":"c4psiqwczhd30bq5","time":1612469956,"event":{"mods":["Act Like it!","Aspiration","BaseMod","BetterRewards","Conspire","Downfall","Hallownest","Hubris","Minty Spire (QoL Compilation)","StSLib"],"gold_per_floor":[111,111,131,144,144,177,177,37,60,78,78,78,109,126,126,230,230,250,267,39,39,39,68,68,19,19,46,58,77,110,110,110,212,212,229,0,13,13,26,26,53,73,99,134,134,162,72,24,24,24,24],"floor_reached":50,"language":"ENG","playtime":2562,"items_purged":["Pain"],"score":649,"play_id":"7f87dc6e-164b-415f-854a-e50dbc93340c","local_time":"20210204211916","is_ascension_mode":true,"campfire_choices":[{"floor":12,"key":"REST"},{"data":"Flex","floor":15,"key":"SMITH"},{"floor":24,"key":"REST"},{"floor":32,"key":"REST"},{"floor":40,"key":"RECALL"},{"floor":49,"key":"REST"}],"circlet_count":0,"master_deck":["Strike_R+1","Strike_R+1","Strike_R+1","Strike_R+1","Strike_R+1","Defend_R+1","Defend_R+1","Defend_R+1","Defend_R+1","Bash","Clothesline","Blood for Blood+1","Clash","Flex","hubris:Insight","Flex+1","Twin Strike","Perfected Strike+1","Headbutt","Double Tap","hubris:ReadiedAction","Bloodletting","Ghostly Armor","Thunderclap","Iron Wave","hubris:NaturalOne","hubris:SharpeningStone","Sever Soul","Impervious","True Grit+1","Headbutt+1","Flex","Thunderclap+1","Havoc+1","Pommel Strike+1","Thunderclap+1","Shrug It Off+1"],"relics":["Burning Blood","NeowsBlessing","WarpedTongs","Self Forming Clay","Pear","Black Star","HandDrill","hubris:Icosahedron","Mummified Hand","Thread and Needle","hubris:MedicalManual","Bag of Preparation","Eternal Feather","Nunchaku","hubris:PeanutButter","SlaversCollar","Red Mask","Shuriken","StrikeDummy","CeramicFish","aspiration:SeaSaltIceCream","aspiration:Nostalgia","Cracked Core","Ornamental Fan"],"acts_visited":["Exordium","TheCity","TheBeyond"],"potions_floor_usage":[6,16,16,27,30,31,41,41,41,42,50,50],"damage_taken":[{"damage":0,"enemies":"Jaw Worm","floor":1,"turns":1},{"damage":1,"enemies":"Cultist","floor":3,"turns":1},{"damage":0,"enemies":"2 Louse","floor":4,"turns":1},{"damage":24,"enemies":"Gremlin Nob","floor":6,"turns":4},{"damage":7,"enemies":"Lots of Slimes","floor":10,"turns":4},{"damage":14,"enemies":"Lagavulin","floor":13,"turns":4},{"damage":3,"enemies":"Blue Slaver","floor":14,"turns":2},{"damage":42,"enemies":"Hexaghost","floor":16,"turns":6},{"damage":16,"enemies":"Shell Parasite","floor":18,"turns":3},{"damage":23,"enemies":"2 Thieves","floor":19,"turns":4},{"damage":38,"enemies":"Gremlin Leader","floor":23,"turns":8},{"damage":6,"enemies":"conspire:Head Lice","floor":27,"turns":5},{"damage":11,"enemies":"Snake Plant","floor":28,"turns":3},{"damage":20,"enemies":"Cultist and Chosen","floor":29,"turns":9},{"damage":33,"enemies":"Slavers","floor":30,"turns":6},{"damage":0,"enemies":"Snecko","floor":31,"turns":3},{"damage":112,"enemies":"Automaton","floor":33,"turns":14},{"damage":8,"enemies":"Orb Walker","floor":35,"turns":4},{"damage":0,"enemies":"3 Shapes","floor":37,"turns":4},{"damage":7,"enemies":"Writhing Mass","floor":39,"turns":6},{"damage":21,"enemies":"Reptomancer","floor":41,"turns":5},{"damage":20,"enemies":"Transient","floor":42,"turns":5},{"damage":10,"enemies":"Giant Head","floor":44,"turns":7},{"damage":7,"enemies":"4 Shapes","floor":46,"turns":4},{"damage":91,"enemies":"conspire:OrnateMirror","floor":50,"turns":7}],"seed_played":"-8369272388640973616","potions_obtained":[{"floor":3,"key":"PowerPotion"},{"floor":4,"key":"SteroidPotion"},{"floor":10,"key":"FairyPotion"},{"floor":13,"key":"CultistPotion"},{"floor":14,"key":"DistilledChaos"},{"floor":19,"key":"SmokeBomb"},{"floor":27,"key":"bronze:BurnAndBuffPotion"},{"floor":37,"key":"EntropicBrew"},{"floor":41,"key":"SkillPotion"},{"floor":42,"key":"Ancient Potion"}],"is_trial":false,"path_per_floor":["M","?","M","M","?","E","?","$","T","M","?","R","E","M","R","B",null,"M","M","$","?","?","E","R","$","T","E","M","M","E","M","R","B",null,"M","?","M","?","M","R","E","M","T","E","$","M","?","$","R","B"],"character_chosen":"IRONCLAD","items_purchased":["hubris:Insight","Flex","HandDrill","ColorlessPotion","ColorlessPotion"],"campfire_rested":4,"item_purchase_floors":[8,8,20,25,48],"current_hp_per_floor":[80,80,80,80,80,62,70,70,70,69,69,80,82,85,85,49,90,80,63,63,63,63,31,58,58,58,58,53,39,12,18,60,33,90,88,88,90,90,89,90,75,61,61,57,57,56,56,56,87,0,0],"gold":24,"neow_bonus":"THREE_ENEMY_KILL","is_daily":false,"chose_seed":false,"campfire_upgraded":1,"win_rate":0.0,"timestamp":1612469956,"path_taken":["M","?","?","M","?","E","?","$","T","?","?","R","E","M","R","BOSS","M","?","$","?","?","E","R","$","T","E","M","?","E","M","R","BOSS","M","?","M","?","M","R","E","M","T","E","?","?","?","?","R","BOSS"],"items_purchased_type":["Card","Card","Relic","Potion","Potion"],"build_version":"2020-12-22","purchased_purges":1,"victory":false,"max_hp_per_floor":[80,80,80,80,80,80,80,80,80,80,80,80,90,90,90,90,90,90,90,90,90,90,90,90,90,90,90,90,90,90,90,90,90,90,90,90,90,90,90,90,90,90,90,90,90,90,87,87,87,87,87],"card_choices":[{"not_picked":["Searing Blow","Havoc"],"picked":"Clothesline","floor":1},{"not_picked":["Feel No Pain","Headbutt"],"picked":"Blood for Blood","floor":3},{"not_picked":["Heavy Blade","Twin Strike"],"picked":"Clash","floor":4},{"not_picked":["Cleave","Anger"],"picked":"Flex","floor":6},{"not_picked":["Body Slam","Power Through"],"picked":"Twin Strike","floor":10},{"not_picked":["Clothesline","Havoc"],"picked":"Perfected Strike","floor":13},{"not_picked":["Body Slam","Battle Trance"],"picked":"Headbutt","floor":14},{"not_picked":["Impervious","Corruption"],"picked":"Double Tap","floor":16},{"not_picked":["Heavy Blade","Clash"],"picked":"hubris:ReadiedAction","floor":18},{"not_picked":["Cleave","Armaments"],"picked":"Bloodletting","floor":19},{"not_picked":["Perfected Strike","conspire:ExplosiveBarrier"],"picked":"Ghostly Armor","floor":23},{"not_picked":["Pummel","Twin Strike"],"picked":"Thunderclap","floor":27},{"not_picked":["Exhume","Shockwave"],"picked":"Iron Wave","floor":28},{"not_picked":["Wild Strike+1","Cleave"],"picked":"hubris:SharpeningStone","floor":29},{"not_picked":["Brutality","Rupture"],"picked":"Sever Soul","floor":30},{"not_picked":["conspire:HitWhereItHurts","Bludgeon"],"picked":"Impervious","floor":33},{"not_picked":["Bloodletting+1","Warcry+1"],"picked":"True Grit+1","floor":35},{"not_picked":["Thunderclap","Heavy Blade"],"picked":"Headbutt+1","floor":37},{"not_picked":["Heavy Blade+1","Carnage+1"],"picked":"Thunderclap+1","floor":39},{"not_picked":["True Grit","Shrug It Off"],"picked":"Havoc+1","floor":41},{"not_picked":["Twin Strike+1","Pummel"],"picked":"Pommel Strike+1","floor":42},{"not_picked":["Battle Trance+1","Dropkick"],"picked":"Thunderclap+1","floor":44},{"not_picked":["conspire:ExplosiveBarrier+1","Bloodletting"],"picked":"Shrug It Off+1","floor":46}],"player_experience":269545,"relics_obtained":[{"floor":6,"key":"Self Forming Clay"},{"floor":13,"key":"Pear"},{"floor":23,"key":"Mummified Hand"},{"floor":23,"key":"Thread and Needle"},{"floor":26,"key":"hubris:MedicalManual"},{"floor":27,"key":"Bag of Preparation"},{"floor":27,"key":"Eternal Feather"},{"floor":30,"key":"Nunchaku"},{"floor":30,"key":"hubris:PeanutButter"},{"floor":41,"key":"Shuriken"},{"floor":41,"key":"StrikeDummy"},{"floor":43,"key":"CeramicFish"},{"floor":44,"key":"aspiration:SeaSaltIceCream"},{"floor":44,"key":"Ornamental Fan"}],"event_choices":[{"damage_healed":0,"gold_gain":0,"player_choice":"Rummage","damage_taken":0,"relics_obtained":["WarpedTongs"],"max_hp_gain":0,"max_hp_loss":0,"event_name":"Accursed Blacksmith","floor":2,"gold_loss":0,"cards_obtained":["Pain"]},{"damage_healed":0,"gold_gain":0,"player_choice":"Grow","damage_taken":0,"max_hp_gain":0,"max_hp_loss":0,"event_name":"Living Wall","floor":5,"gold_loss":0,"cards_upgraded":["Blood for Blood"]},{"damage_healed":0,"gold_gain":0,"player_choice":"Ignored","damage_taken":0,"max_hp_gain":0,"max_hp_loss":0,"event_name":"NoteForYourself","floor":11,"gold_loss":0},{"damage_healed":0,"gold_gain":0,"player_choice":"Simplicity","damage_taken":0,"max_hp_gain":0,"max_hp_loss":0,"event_name":"Back to Basics","floor":21,"gold_loss":0,"cards_upgraded":["Strike_R","Strike_R","Strike_R","Strike_R","Strike_R","Defend_R","Defend_R","Defend_R","Defend_R"]},{"damage_healed":0,"gold_gain":0,"player_choice":"Paid","damage_taken":0,"relics_obtained":["Red Mask"],"max_hp_gain":0,"max_hp_loss":0,"event_name":"Tomb of Lord Red Mask","floor":36,"gold_loss":229},{"cards_removed":["Parasite"],"damage_healed":0,"gold_gain":0,"player_choice":"Upgrade and Remove","damage_taken":0,"max_hp_gain":0,"max_hp_loss":0,"event_name":"Designer","floor":47,"gold_loss":90,"cards_upgraded":["Perfected Strike"]}],"is_beta":false,"boss_relics":[{"not_picked":["Tiny House","Astrolabe"],"picked":"Black Star"},{"not_picked":["hubris:Backtick","aspiration:WatcherSkillbook"],"picked":"SlaversCollar"}],"items_purged_floors":[20],"is_endless":false,"potions_floor_spawned":[3,4,10,13,14,19,27,29,31,37,41,42],"killed_by":"conspire:OrnateMirror","ascension_level":1}}