{"host":"9709z2dy8v1s63sm","time":1612453140,"event":{"mods":["AchievementEnabler","BaseMod","Minty Spire (QoL Compilation)","StSLib","SuperFastMode"],"gold_per_floor":[364,66,85,97,115,141,141,167,237,250,263,298,312,341,341,418,418,402,402,415,434,283,315,329,329,354,384,68,78,90,103,103,176,176,188,198,218,218,234,266,266,297,345,372,372,372,70,88,88,88,88,88,88,119,119],"floor_reached":56,"language":"KOR","playtime":2898,"items_purged":["Defend_R","Strike_R","Strike_R","Strike_R"],"score":2248,"play_id":"61473b70-cb6c-490a-9bee-ac99af181683","local_time":"20210205003900","is_ascension_mode":true,"campfire_choices":[{"data":"Pommel Strike","floor":7.0,"key":"SMITH"},{"data":"Disarm","floor":15.0,"key":"SMITH"},{"data":"Dark Embrace","floor":32.0,"key":"SMITH"},{"data":"Evolve","floor":41.0,"key":"SMITH"},{"floor":46.0,"key":"RECALL"},{"data":"Second Wind","floor":49.0,"key":"SMITH"},{"data":"Shockwave","floor":52.0,"key":"SMITH"}],"circlet_count":0,"master_deck":["AscendersBane","Strike_R","Strike_R","Defend_R","Defend_R","Defend_R","Bash","Shrug It Off","Second Wind+1","Shockwave+1","Pommel Strike+1","Power Through","Carnage+1","Evolve+1","Immolate","Disarm+1","Shrug It Off+1","Shrug It Off+1","Dark Embrace+1","Body Slam","Fiend Fire","Body Slam+1","Offering","Feel No Pain+1","Feel No Pain+1"],"relics":["Burning Blood","Potion Belt","Eternal Feather","Peace Pipe","Letter Opener","Omamori","Blood Vial","SlaversCollar","Gambling Chip","Pen Nib","Calipers","ClockworkSouvenir","Coffee Dripper","Anchor","Whetstone","Bronze Scales","Vajra","Oddly Smooth Stone"],"acts_visited":["Exordium","TheCity","TheBeyond","TheEnding"],"potions_floor_usage":[55,55,55],"damage_taken":[{"damage":6.0,"enemies":"Cultist","floor":1.0,"turns":4.0},{"damage":3.0,"enemies":"2 Louse","floor":3.0,"turns":3.0},{"damage":2.0,"enemies":"Jaw Worm","floor":4.0,"turns":5.0},{"damage":8.0,"enemies":"Looter","floor":5.0,"turns":4.0},{"damage":51.0,"enemies":"3 Sentries","floor":6.0,"turns":18.0},{"damage":11.0,"enemies":"Lagavulin","floor":8.0,"turns":9.0},{"damage":9.0,"enemies":"Exordium Thugs","floor":10.0,"turns":4.0},{"damage":1.0,"enemies":"Red Slaver","floor":11.0,"turns":3.0},{"damage":9.0,"enemies":"3 Sentries","floor":12.0,"turns":13.0},{"damage":3.0,"enemies":"Large Slime","floor":13.0,"turns":5.0},{"damage":10.0,"enemies":"Lagavulin","floor":14.0,"turns":7.0},{"damage":12.0,"enemies":"Hexaghost","floor":16.0,"turns":12.0},{"damage":17.0,"enemies":"2 Thieves","floor":18.0,"turns":4.0},{"damage":22.0,"enemies":"Spheric Guardian","floor":20.0,"turns":4.0},{"damage":18.0,"enemies":"Snecko","floor":21.0,"turns":7.0},{"damage":9.0,"enemies":"Book of Stabbing","floor":23.0,"turns":7.0},{"damage":14.0,"enemies":"Snake Plant","floor":24.0,"turns":7.0},{"damage":17.0,"enemies":"Gremlin Leader","floor":27.0,"turns":4.0},{"damage":11.0,"enemies":"Sentry and Sphere","floor":29.0,"turns":4.0},{"damage":7.0,"enemies":"Cultist and Chosen","floor":30.0,"turns":6.0},{"damage":11.0,"enemies":"Snake Plant","floor":31.0,"turns":5.0},{"damage":13.0,"enemies":"Collector","floor":33.0,"turns":6.0},{"damage":0.0,"enemies":"Orb Walker","floor":35.0,"turns":5.0},{"damage":13.0,"enemies":"3 Darklings","floor":36.0,"turns":3.0},{"damage":8.0,"enemies":"4 Shapes","floor":37.0,"turns":4.0},{"damage":3.0,"enemies":"Sphere and 2 Shapes","floor":39.0,"turns":4.0},{"damage":6.0,"enemies":"Giant Head","floor":40.0,"turns":5.0},{"damage":9.0,"enemies":"Nemesis","floor":42.0,"turns":7.0},{"damage":6.0,"enemies":"Giant Head","floor":44.0,"turns":4.0},{"damage":6.0,"enemies":"Writhing Mass","floor":48.0,"turns":3.0},{"damage":16.0,"enemies":"Awakened One","floor":50.0,"turns":8.0},{"damage":10.0,"enemies":"Shield and Spear","floor":54.0,"turns":4.0},{"damage":6,"enemies":"The Heart","floor":55,"turns":4}],"seed_played":"-8549346173760984805","potions_obtained":[{"floor":4.0,"key":"SkillPotion"},{"floor":6.0,"key":"SkillPotion"},{"floor":12.0,"key":"Fire Potion"},{"floor":13.0,"key":"GamblersBrew"},{"floor":14.0,"key":"PowerPotion"},{"floor":21.0,"key":"Swift Potion"},{"floor":27.0,"key":"Ancient Potion"},{"floor":30.0,"key":"Block Potion"},{"floor":31.0,"key":"Weak Potion"},{"floor":37.0,"key":"Strength Potion"},{"floor":40.0,"key":"CultistPotion"},{"floor":44.0,"key":"EssenceOfSteel"},{"floor":48.0,"key":"LiquidBronze"},{"floor":54,"key":"GamblersBrew"}],"is_trial":false,"path_per_floor":["M","$","M","M","M","E","R","E","T","M","M","E","M","E","R","B",null,"M","?","M","M","$","E","M","T","T","E","$","M","M","M","R","B",null,"M","M","M","?","M","E","R","E","T","E","?","R","$","M","R","B",null,"R","$","E","B",null],"character_chosen":"IRONCLAD","items_purchased":["Potion Belt","Second Wind","Body Slam","ClockworkSouvenir","Dexterity Potion","Oddly Smooth Stone"],"campfire_rested":0,"item_purchase_floors":[2,2,22,28,28,47],"current_hp_per_floor":[50,50,53,57,55,10,19,14,14,11,16,13,16,12,21,17,61,52,52,38,28,28,27,24,24,24,15,15,12,16,13,25,23,69,77,72,75,75,83,85,86,83,83,89,89,90,90,90,90,80,88,90,90,86,88],"gold":119,"neow_bonus":"TWO_FIFTY_GOLD","is_daily":false,"chose_seed":false,"campfire_upgraded":6,"win_rate":0.0,"timestamp":1612453140,"path_taken":["M","$","M","M","M","E","R","E","T","?","M","E","M","E","R","BOSS","M","?","?","M","$","E","M","?","T","E","$","M","M","M","R","BOSS","M","?","M","?","M","E","R","E","T","E","?","R","$","?","R","BOSS","R","$","E","BOSS"],"items_purchased_type":["Relic","Card","Card","Relic","Potion","Relic"],"build_version":"2020-12-22","purchased_purges":4,"victory":true,"max_hp_per_floor":[75,75,75,75,75,75,75,75,75,75,75,75,75,75,75,75,75,75,75,75,75,75,75,78,78,78,78,78,78,81,81,81,84,84,84,84,87,83,86,86,86,86,86,90,90,90,90,90,90,90,90,90,90,90,90],"card_choices":[{"not_picked":["Thunderclap","Entrench"],"picked":"Shrug It Off","floor":1.0},{"not_picked":["Iron Wave","Seeing Red"],"picked":"Shockwave","floor":3.0},{"not_picked":["Flex","Clothesline"],"picked":"Pommel Strike","floor":4.0},{"not_picked":["Battle Trance","Evolve"],"picked":"Power Through","floor":5.0},{"not_picked":["Combust","Infernal Blade","Intimidate"],"picked":"SKIP","floor":6.0},{"not_picked":["Heavy Blade","Rupture"],"picked":"Carnage","floor":8.0},{"not_picked":["Pommel Strike","Clash"],"picked":"Evolve","floor":10.0},{"not_picked":["Armaments","Clash","Second Wind"],"picked":"SKIP","floor":11.0},{"not_picked":["Shockwave","Headbutt"],"picked":"Immolate","floor":12.0},{"not_picked":["Havoc","Warcry"],"picked":"Disarm","floor":13.0},{"not_picked":["Sword Boomerang","Iron Wave","Blood for Blood"],"picked":"SKIP","floor":14.0},{"not_picked":["Demon Form","Bludgeon"],"picked":"Feed","floor":16.0},{"not_picked":["Warcry","Clothesline+1"],"picked":"Shrug It Off+1","floor":18.0},{"not_picked":["Heavy Blade","Perfected Strike+1"],"picked":"Dark Embrace","floor":20.0},{"not_picked":["Clash","Iron Wave","Power Through"],"picked":"SKIP","floor":21.0},{"not_picked":["Searing Blow","Warcry","Fiend Fire"],"picked":"SKIP","floor":23.0},{"not_picked":["Searing Blow","Warcry"],"picked":"Fiend Fire","floor":23.0},{"not_picked":["Reckless Charge","Cleave"],"picked":"Body Slam+1","floor":24.0},{"not_picked":["Anger","Warcry","Armaments"],"picked":"SKIP","floor":27.0},{"not_picked":["Sword Boomerang","Armaments","Warcry"],"picked":"SKIP","floor":29.0},{"not_picked":["Havoc+1","Shockwave","Thunderclap"],"picked":"SKIP","floor":30.0},{"not_picked":["Clash","Body Slam","Iron Wave"],"picked":"SKIP","floor":31.0},{"not_picked":["Reaper","Fiend Fire"],"picked":"Offering","floor":33.0},{"not_picked":["Heavy Blade","Sword Boomerang","Headbutt+1"],"picked":"SKIP","floor":35.0},{"not_picked":["Clash","Infernal Blade","Pommel Strike"],"picked":"SKIP","floor":36.0},{"not_picked":["Headbutt","Iron Wave","Sword Boomerang"],"picked":"SKIP","floor":37.0},{"not_picked":["Sever Soul","Second Wind","Fire Breathing+1"],"picked":"SKIP","floor":39.0},{"not_picked":["Fire Breathing","Intimidate+1"],"picked":"Feel No Pain+1","floor":40.0},{"not_picked":["Anger","Body Slam","Clash"],"picked":"SKIP","floor":42.0},{"not_picked":["True Grit","Clash","Clothesline"],"picked":"SKIP","floor":44.0},{"not_picked":["Carnage","Searing Blow+1"],"picked":"Feel No Pain+1","floor":48.0},{"not_picked":["Wild Strike","Intimidate","Hemokinesis+1"],"picked":"SKIP","floor":54}],"player_experience":114177,"relics_obtained":[{"floor":6.0,"key":"Eternal Feather"},{"floor":8.0,"key":"Peace Pipe"},{"floor":9.0,"key":"Letter Opener"},{"floor":12.0,"key":"Omamori"},{"floor":14.0,"key":"Blood Vial"},{"floor":23.0,"key":"Gambling Chip"},{"floor":26.0,"key":"Pen Nib"},{"floor":27.0,"key":"Calipers"},{"floor":40.0,"key":"Anchor"},{"floor":42.0,"key":"Whetstone"},{"floor":43.0,"key":"Bronze Scales"},{"floor":44.0,"key":"Vajra"}],"event_choices":[{"damage_healed":0.0,"max_hp_gain":0.0,"max_hp_loss":0.0,"gold_gain":0.0,"event_name":"Duplicator","player_choice":"Copied","floor":19.0,"gold_loss":0.0,"damage_taken":0.0,"cards_obtained":["Shrug It Off"]},{"damage_healed":0.0,"max_hp_gain":0.0,"max_hp_loss":4.0,"gold_gain":0.0,"event_name":"Winding Halls","player_choice":"Max HP","floor":38.0,"gold_loss":0.0,"damage_taken":0.0},{"cards_removed":["Feed"],"damage_healed":0.0,"max_hp_gain":0.0,"max_hp_loss":0.0,"gold_gain":0.0,"event_name":"Falling","player_choice":"Removed Attack","floor":45.0,"gold_loss":0.0,"damage_taken":0.0}],"is_beta":false,"boss_relics":[{"not_picked":["Black Blood","Tiny House"],"picked":"SlaversCollar"},{"not_picked":["Runic Pyramid","Empty Cage"],"picked":"Coffee Dripper"}],"items_purged_floors":[2,22,28,47],"is_endless":false,"potions_floor_spawned":[4,6,12,13,14,21,27,30,31,37,40,44,48,54],"ascension_level":15}}