{"host":"p8f0otjoacyb9giz","time":1612464377,"event":{"mods":["AchievementEnabler","BaseMod","Downfall","Minty Spire (QoL Compilation)","StSLib"],"gold_per_floor":[0,12,24,39,189,189,215,249,259,289,303,334,351,364,383,488,488,388,405,239,249,249,283,310,210,223,241,241,126,26,60,74,173,173,173,189,200,200,218,218,218,218,235,220,220,375,375,390,403,403,403,403],"floor_reached":50,"language":"ENG","playtime":2845,"items_purged":["downfall:Icky","Pride"],"score":660,"play_id":"2949ec3f-9347-4df0-a82f-0a09e5e4ce6c","local_time":"20210204214617","is_ascension_mode":true,"campfire_choices":[{"data":"hexamod:Float","floor":1.0,"key":"SMITH"},{"data":"hexamod:HexaLevel","floor":18,"key":"SMITH"},{"floor":25,"key":"RECALL"},{"data":"hexamod:GhostOfSpirePast","floor":30,"key":"SMITH"},{"data":"hexamod:Rewind","floor":35,"key":"SMITH"},{"data":"hexamod:TimeWarp","floor":40,"key":"SMITH"},{"data":"Parasite","floor":42,"key":"PURGE"},{"floor":47,"key":"REST"}],"circlet_count":0,"master_deck":["hexamod:Strike","hexamod:Strike","hexamod:Strike","hexamod:Strike","hexamod:Defend+1","hexamod:Defend","hexamod:Defend","hexamod:Defend","hexamod:Sear+1","hexamod:Float+1","hexamod:TimeWarp+1","hexamod:AdvancingGuard","hexamod:SpectersWail","hexamod:AdvancingGuard","hexamod:Rewind+1","hexamod:SpectralSpark","hexamod:HexaLevel+1","hexamod:FastForward+1","hexamod:GhostOfSpirePast+1","hexamod:FastForward+1","hexamod:BacktrackSmack+1","hexamod:FirstSeal","hexamod:FlameSwitch","hexamod:FastForward","hexamod:FastForward","expansioncontent:QuickStudy","hexamod:GhostOfSpireFuture+1"],"relics":["hexamod:SpiritBrand","War Paint","Nunchaku","Art of War","PreservedInsect","Sozu","downfall:HeartBlessingGreen","Toy Ornithopter","downfall:HeartBlessingBlue","Blue Candle","downfall:HeartBlessingRed","Potion Belt","SlaversCollar","Peace Pipe"],"acts_visited":["Exordium","TheCity","TheBeyond"],"potions_floor_usage":[29],"damage_taken":[{"damage":0.0,"enemies":"Small Slimes","floor":2.0,"turns":3.0},{"damage":7.0,"enemies":"Jaw Worm","floor":3.0,"turns":3.0},{"damage":0.0,"enemies":"Cultist","floor":4.0,"turns":3.0},{"damage":22.0,"enemies":"3 Sentries","floor":8.0,"turns":10.0},{"damage":0.0,"enemies":"Large Slime","floor":9.0,"turns":4.0},{"damage":9.0,"enemies":"Lagavulin","floor":10.0,"turns":7.0},{"damage":0.0,"enemies":"Exordium Wildlife","floor":11.0,"turns":2.0},{"damage":12.0,"enemies":"3 Sentries","floor":12.0,"turns":8.0},{"damage":0.0,"enemies":"3 Louse","floor":13.0,"turns":3.0},{"damage":0.0,"enemies":"2 Fungi Beasts","floor":14.0,"turns":2.0},{"damage":0.0,"enemies":"Large Slime","floor":15.0,"turns":4.0},{"damage":15.0,"enemies":"IC_STATUS_ARCHETYPE","floor":16.0,"turns":7.0},{"damage":14,"enemies":"Spheric Guardian","floor":19,"turns":5},{"damage":0,"enemies":"downfall:FleeingMerchant","floor":20,"turns":4},{"damage":8,"enemies":"Snake Plant","floor":21,"turns":4},{"damage":37,"enemies":"Slavers","floor":23,"turns":7},{"damage":0,"enemies":"Cultist and Chosen","floor":26,"turns":6},{"damage":0,"enemies":"Shelled Parasite and Fungi","floor":27,"turns":4},{"damage":5,"enemies":"downfall:FleeingMerchant","floor":29,"turns":4},{"damage":8,"enemies":"Book of Stabbing","floor":31,"turns":4},{"damage":17,"enemies":"Snake Plant","floor":32,"turns":4},{"damage":20,"enemies":"SI_MIRROR_ARCHETYPE","floor":33,"turns":8},{"damage":6,"enemies":"3 Shapes","floor":36,"turns":5},{"damage":3,"enemies":"Orb Walker","floor":37,"turns":3},{"damage":25,"enemies":"Writhing Mass","floor":39,"turns":6},{"damage":35,"enemies":"4 Shapes","floor":43,"turns":8},{"damage":10,"enemies":"downfall:FleeingMerchant","floor":44,"turns":4},{"damage":0,"enemies":"downfall:FleeingMerchant","floor":46,"turns":2},{"damage":38,"enemies":"Maw","floor":48,"turns":7},{"damage":1,"enemies":"Sphere and 2 Shapes","floor":49,"turns":4},{"damage":23,"enemies":"WA_ARCHETYPE_DIVINITY","floor":50,"turns":11}],"seed_played":"-1002772599542511325","potions_obtained":[{"floor":2.0,"key":"Block Potion"},{"floor":3.0,"key":"Strength Potion"},{"floor":8.0,"key":"SkillPotion"},{"floor":10.0,"key":"Weak Potion"}],"is_trial":false,"path_per_floor":["R","M","M","M","?","?","T","E","M","E","M","E","M","M","M","B",null,"R","M","$","M","?","E","T","R","M","M","?","$","R","E","M","B",null,"R","M","M","?","M","R","T","R","M","$","?","$","R","M","M","B"],"character_chosen":"THE_SPIRIT","items_purchased":["hexamod:GhostOfSpirePast","expansioncontent:QuickStudy"],"campfire_rested":1,"item_purchase_floors":[20,46],"current_hp_per_floor":[70,70,63,63,63,63,63,41,41,32,32,20,20,20,20,5,70,70,56,56,48,70,33,33,43,43,43,43,50,50,49,39,26,80,80,80,80,80,62,62,62,62,34,31,31,31,54,23,29,6,6,6],"gold":403,"neow_bonus":"THREE_RARE_CARDS","is_daily":false,"chose_seed":false,"campfire_upgraded":5,"win_rate":0.0,"timestamp":1612464377,"path_taken":["R","M","M","M","?","?","T","E","M","E","?","E","M","M","M","BOSS","R","M","$","M","?","E","T","R","M","M","?","$","R","E","M","BOSS","R","M","M","?","M","R","T","R","M","$","?","$","R","M","M","BOSS"],"items_purchased_type":["Card","Card"],"build_version":"2020-12-22","purchased_purges":2,"victory":false,"max_hp_per_floor":[70,70,70,70,70,70,70,70,70,70,70,70,70,70,70,70,70,70,70,70,70,70,70,70,80,80,80,80,80,80,80,80,80,80,80,80,80,80,80,80,80,77,77,77,77,77,77,77,77,77,77,77],"card_choices":[{"not_picked":["hexamod:SixthSeal","hexamod:UnleashSpirits"],"picked":"hexamod:TimeWarp","floor":0.0},{"not_picked":["hexamod:SoulSteal","hexamod:ThirdSeal"],"picked":"hexamod:AdvancingGuard","floor":2.0},{"not_picked":["hexamod:SpectersWail","hexamod:NightmareStrike","hexamod:Hexaguard"],"picked":"SKIP","floor":3.0},{"not_picked":["hexamod:NightmareStrike","hexamod:Hexaguard"],"picked":"hexamod:SpectersWail","floor":3.0},{"not_picked":["hexamod:ForkedFlame","hexamod:FourthSeal"],"picked":"hexamod:AdvancingGuard","floor":4.0},{"not_picked":["hexamod:PowerFromBeyond","hexamod:SwordOfDarkness","hexamod:FirstSeal"],"picked":"SKIP","floor":8.0},{"not_picked":["hexamod:SpectersWail","hexamod:Again"],"picked":"hexamod:Rewind","floor":9.0},{"not_picked":["hexamod:ShieldOfDarkness","hexamod:PhantomFireball","hexamod:NightmareStrike"],"picked":"SKIP","floor":10.0},{"not_picked":["hexamod:Rewind","hexamod:AdvancingGuard"],"picked":"hexamod:SpectralSpark","floor":11.0},{"not_picked":["hexamod:ExtraCrispy","hexamod:HauntingEcho","hexamod:SearingWound"],"picked":"SKIP","floor":12.0},{"not_picked":["hexamod:GhostShield","hexamod:ThermalTransfer","hexamod:BurningTouch"],"picked":"SKIP","floor":13.0},{"not_picked":["hexamod:Rewind","hexamod:FlamesFromBeyond","hexamod:ThermalTransfer"],"picked":"SKIP","floor":14.0},{"not_picked":["hexamod:SwordOfDarkness","hexamod:GhostShield","hexamod:ExtraCrispy"],"picked":"SKIP","floor":15.0},{"not_picked":["hexamod:TurnItUp","hexamod:TimeOfNeed"],"picked":"hexamod:HexaLevel","floor":16.0},{"not_picked":["hexamod:FlamesFromBeyond+1","hexamod:Hexaguard","hexamod:SoulSteal"],"picked":"SKIP","floor":19},{"not_picked":["hexamod:GiftsFromTheDead","hexamod:SwordOfDarkness"],"picked":"hexamod:FastForward+1","floor":20},{"not_picked":["hexamod:BurningTouch","hexamod:SuperheatedStrike"],"picked":"hexamod:FastForward+1","floor":21},{"not_picked":["hexamod:SpectralAdrenaline","hexamod:ThermalTransfer"],"picked":"hexamod:BacktrackSmack+1","floor":23},{"not_picked":["hexamod:HeatMetal","hexamod:RetreatToShadows+1","hexamod:RadiantFlame"],"picked":"SKIP","floor":26},{"not_picked":["hexamod:SpectralAdrenaline","hexamod:ThermalTransfer+1"],"picked":"hexamod:FirstSeal","floor":27},{"not_picked":["hexamod:SuperheatedStrike","hexamod:ThermalTransfer+1","hexamod:CatchUp"],"picked":"SKIP","floor":29},{"not_picked":["hexamod:Hexaguard","hexamod:UnleashSpirits"],"picked":"hexamod:FlameSwitch","floor":31},{"not_picked":["hexamod:ThirdSeal","hexamod:HeatShield+1","hexamod:NightmareStrike"],"picked":"SKIP","floor":32},{"not_picked":["hexamod:SwordOfDarkness","hexamod:FourthSeal","hexamod:SpectralAdrenaline+1"],"picked":"SKIP","floor":36},{"not_picked":["hexamod:CatchUp+1","hexamod:SwordOfDarkness","hexamod:NecessarySacrifice+1"],"picked":"SKIP","floor":37},{"not_picked":["hexamod:NightmareGuise+1","hexamod:Haunt+1","hexamod:HeatMetal"],"picked":"SKIP","floor":39},{"not_picked":["hexamod:SuperheatedStrike","hexamod:SkipABeat","hexamod:NecessarySacrifice+1"],"picked":"SKIP","floor":43},{"not_picked":["hexamod:HeatCrush","hexamod:BurningTouch"],"picked":"hexamod:FastForward","floor":44},{"not_picked":["hexamod:ShieldOfDarkness+1","hexamod:FifthSeal"],"picked":"hexamod:FastForward","floor":46},{"not_picked":["hexamod:GhostflameBarrier+1","hexamod:ExtraCrispy"],"picked":"hexamod:GhostOfSpireFuture+1","floor":48},{"not_picked":["hexamod:FlamesFromBeyond+1","hexamod:SuperheatedStrike","hexamod:AdvancingGuard+1"],"picked":"SKIP","floor":49}],"player_experience":436140,"relics_obtained":[{"floor":7.0,"key":"War Paint"},{"floor":8.0,"key":"Nunchaku"},{"floor":10.0,"key":"Art of War"},{"floor":12.0,"key":"PreservedInsect"},{"floor":23,"key":"Toy Ornithopter"},{"floor":31,"key":"Potion Belt"},{"floor":41,"key":"Peace Pipe"}],"event_choices":[{"damage_healed":23,"gold_gain":0,"player_choice":"Heal","damage_taken":0,"max_hp_gain":0,"max_hp_loss":0,"event_name":"The Library","floor":22,"gold_loss":0},{"damage_healed":0,"gold_gain":0,"player_choice":"Stole Relic","damage_taken":0,"relics_obtained":["Blue Candle"],"max_hp_gain":0,"max_hp_loss":0,"event_name":"Addict","floor":28,"gold_loss":0,"cards_obtained":["Pride"]}],"is_beta":false,"boss_relics":[{"not_picked":["Pandora\u0027s Box","Astrolabe"],"picked":"Sozu"},{"not_picked":["Black Star","Philosopher\u0027s Stone"],"picked":"SlaversCollar"}],"items_purged_floors":[20,29],"is_endless":false,"potions_floor_spawned":[2,3,8,10,11,14,23,26,27,31,37,48,49],"killed_by":"WA_ARCHETYPE_DIVINITY","ascension_level":4}}