{"host":"d2y4rmbezebiv8aj","time":1612430357,"event":{"mods":["AchievementEnabler","BaseMod","Bestiary","BetterRewards","Colored Map","Colored Powertips","Custom Start","Highlight Path","Minty Spire (QoL Compilation)","Quick Restart","Rare Cards Sparkle","Relic Sorter","Relic Stats","Shop Mod","Slay-I","StSLib","SuperFastMode"],"gold_per_floor":[111,111,111,186,202,202,213,243,243,243,243,106,119,135,135,206,206,216,216,216,230,78,78,111,111,111,111,111,130,164,183,183,260,260,274,70,120,120,42,42,56,88,88,88,107,107,119,139,139,139,139],"floor_reached":50,"language":"DEU","playtime":1719,"items_purged":["Shame"],"score":1186,"play_id":"0e498b25-a04a-4604-a727-18937d7c6cb1","local_time":"20210204101917","is_ascension_mode":true,"campfire_choices":[{"floor":6.0,"key":"REST"},{"floor":10.0,"key":"REST"},{"floor":15.0,"key":"REST"},{"floor":23.0,"key":"REST"},{"floor":25.0,"key":"REST"},{"data":"After Image","floor":27.0,"key":"SMITH"},{"floor":32,"key":"REST"},{"data":"Mayhem","floor":40,"key":"SMITH"},{"floor":44,"key":"REST"},{"data":"Magnetism","floor":46,"key":"SMITH"},{"floor":49,"key":"REST"}],"circlet_count":0,"master_deck":["AscendersBane","Strike_G","Strike_G","Strike_G","Strike_G","Strike_G","Defend_G","Defend_G+1","Defend_G+1","Defend_G","Survivor","Neutralize","Infinite Blades","Accuracy+1","Dagger Spray","Caltrops+1","Glass Knife","Flying Knee","Backstab","Backstab","Cloak And Dagger","Magnetism+1","Dramatic Entrance","Sucker Punch","After Image+1","Caltrops","Writhe","Caltrops","Footwork","J.A.X.","Accuracy","Adrenaline","Mayhem+1","Backflip","Shame","PiercingWail","Parasite","Noxious Fumes+1"],"relics":["Ring of the Snake","Membership Card","CaptainsWheel","Torii","Question Card","HornCleat","War Paint","WristBlade","Pen Nib","Gambling Chip","MealTicket","Peace Pipe","Centennial Puzzle","Ornamental Fan","Cursed Key","Eternal Feather","FossilizedHelix","Oddly Smooth Stone","Potion Belt","Pocketwatch"],"acts_visited":["Exordium","TheCity","TheBeyond"],"potions_floor_usage":[37,42,42,50],"damage_taken":[{"damage":1.0,"enemies":"Jaw Worm","floor":1.0,"turns":4.0},{"damage":1.0,"enemies":"Small Slimes","floor":5.0,"turns":3.0},{"damage":0.0,"enemies":"2 Louse","floor":7.0,"turns":1.0},{"damage":1.0,"enemies":"Lagavulin","floor":8.0,"turns":5.0},{"damage":0.0,"enemies":"Gremlin Gang","floor":13.0,"turns":2.0},{"damage":0.0,"enemies":"2 Fungi Beasts","floor":14.0,"turns":2.0},{"damage":7.0,"enemies":"Hexaghost","floor":16.0,"turns":10.0},{"damage":9.0,"enemies":"Chosen","floor":18.0,"turns":5.0},{"damage":1.0,"enemies":"2 Thieves","floor":21.0,"turns":4.0},{"damage":28.0,"enemies":"Gremlin Leader","floor":24.0,"turns":8.0},{"damage":1.0,"enemies":"Centurion and Healer","floor":29.0,"turns":5.0},{"damage":3,"enemies":"Slavers","floor":30,"turns":5},{"damage":3,"enemies":"3 Cultists","floor":31,"turns":5},{"damage":27,"enemies":"Champ","floor":33,"turns":11},{"damage":3,"enemies":"3 Darklings","floor":35,"turns":5},{"damage":31,"enemies":"2 Orb Walkers","floor":37,"turns":6},{"damage":3,"enemies":"Orb Walker","floor":41,"turns":3},{"damage":62,"enemies":"Reptomancer","floor":42,"turns":8},{"damage":0,"enemies":"3 Darklings","floor":45,"turns":5},{"damage":19,"enemies":"Maw","floor":47,"turns":8},{"damage":6,"enemies":"Writhing Mass","floor":48,"turns":7},{"damage":63,"enemies":"Time Eater","floor":50,"turns":7}],"seed_played":"-5984554037833260385","potions_obtained":[{"floor":1.0,"key":"Poison Potion"},{"floor":5.0,"key":"SkillPotion"},{"floor":13.0,"key":"Swift Potion"},{"floor":24.0,"key":"Block Potion"},{"floor":29.0,"key":"Regen Potion"},{"floor":37,"key":"LiquidMemories"},{"floor":45,"key":"Strength Potion"}],"is_trial":false,"path_per_floor":["M","?","?","?","M","R","M","E","T","R","?","$","M","M","R","B",null,"M","?","?","M","$","R","E","R","T","R","?","M","E","M","R","B",null,"M","$","?","?","$","R","M","E","T","R","M","R","M","M","R","B"],"character_chosen":"THE_SILENT","items_purchased":["Infinite Blades","Membership Card","Accuracy","Dagger Spray","Caltrops","Magnetism","Dramatic Entrance","Footwork","MealTicket","Eternal Feather","Mayhem","Oddly Smooth Stone"],"campfire_rested":8,"item_purchase_floors":[0,0,0,0,0,12,12,22,22,36,36,39],"current_hp_per_floor":[37,25,13,2,1,19,19,18,18,36,36,36,36,36,54,47,58,49,49,49,48,48,61,33,51,51,51,51,50,47,44,61,34,54,51,61,30,30,45,61,58,9,9,48,48,61,42,36,61,0,0],"gold":139,"neow_bonus":"","is_daily":false,"chose_seed":false,"campfire_upgraded":3,"win_rate":0.0,"timestamp":1612430357,"path_taken":["M","?","?","?","M","R","M","E","T","R","?","$","?","M","R","BOSS","M","?","?","M","$","R","E","R","T","R","?","M","E","M","R","BOSS","M","$","?","?","$","R","M","E","T","R","M","R","M","M","R","BOSS"],"items_purchased_type":["Card","Relic","Card","Card","Card","Card","Card","Card","Relic","Relic","Card","Relic"],"build_version":"2020-12-22","purchased_purges":1,"victory":false,"max_hp_per_floor":[61,61,61,61,61,61,61,61,61,61,61,61,61,61,61,61,61,61,61,61,61,61,61,61,61,61,61,61,61,61,61,61,61,61,61,61,61,61,61,61,61,61,61,61,61,61,61,61,61,61,61],"relic_stats":{"Torii":41,"counters":[144,721],"Eternal Feather":71,"Pen Nib":[20],"War Paint":["Survivor","Defend_G","Defend_G","Defend_G"],"Question Card":20,"Cursed Key":1,"Peace Pipe":0,"Centennial Puzzle":[57],"Ornamental Fan":[128],"Gambling Chip":[32],"MealTicket":25,"obtain_stats":[{"TwistedFunnel":12,"Ice Cream":47,"Gremlin Horn":17,"Nilry\u0027s Codex":20,"Vajra":43,"Ginger":22,"Boot":10,"Blood Vial":7,"Centennial Puzzle":26,"HornCleat":8,"DollysMirror":25,"Sundial":43,"Philosopher\u0027s Stone":17,"MealTicket":22,"Kunai":25,"Toxic Egg 2":0,"Happy Flower":26,"Dead Branch":0,"Oddly Smooth Stone":17,"Eternal Feather":8,"Pen Nib":19,"Paper Crane":29,"War Paint":24,"Question Card":40,"SlaversCollar":34,"Shuriken":43,"Bronze Scales":11,"Bird Faced Urn":6,"Black Star":34,"Ring of the Serpent":34,"Meat on the Bone":28,"Pocketwatch":17,"Darkstone Periapt":9,"Regal Pillow":21,"Lantern":46,"Singing Bowl":13,"Torii":24,"Snake Skull":15,"Juzu Bracelet":23,"Smiling Mask":19,"Empty Cage":17,"Ancient Tea Set":44,"Cursed Key":34,"ClockworkSouvenir":0,"Nunchaku":27,"Dream Catcher":26,"Shovel":0,"WristBlade":17,"Mummified Hand":28,"Ninja Scroll":0,"Gambling Chip":20,"Toolbox":14,"Tiny Chest":26,"InkBottle":6,"Ring of the Snake":0,"Potion Belt":30,"Lee\u0027s Waffle":19,"NeowsBlessing":0,"The Specimen":17,"Thread and Needle":9,"PreservedInsect":29,"Omamori":9,"Orichalcum":9,"White Beast Statue":8,"Calling Bell":17,"Peace Pipe":45,"Anchor":40,"CaptainsWheel":0,"Ornamental Fan":11,"Membership Card":19,"FossilizedHelix":37},{"TwistedFunnel":47,"Ice Cream":121,"Gremlin Horn":28,"Nilry\u0027s Codex":63,"Vajra":39,"Ginger":89,"Boot":46,"Blood Vial":46,"Centennial Puzzle":113,"HornCleat":126,"DollysMirror":31,"Sundial":98,"Philosopher\u0027s Stone":9,"MealTicket":131,"Kunai":65,"Toxic Egg 2":77,"Happy Flower":65,"Dead Branch":19,"Oddly Smooth Stone":28,"Eternal Feather":59,"Pen Nib":130,"Paper Crane":68,"War Paint":113,"Question Card":72,"SlaversCollar":17,"Shuriken":73,"Bronze Scales":59,"Bird Faced Urn":81,"Black Star":69,"Ring of the Serpent":34,"Meat on the Bone":32,"Pocketwatch":87,"Darkstone Periapt":82,"Regal Pillow":10,"Lantern":40,"Singing Bowl":60,"Torii":113,"Snake Skull":48,"Juzu Bracelet":12,"Smiling Mask":10,"Empty Cage":49,"Ancient Tea Set":99,"Cursed Key":136,"ClockworkSouvenir":77,"Nunchaku":14,"Dream Catcher":31,"Shovel":43,"WristBlade":129,"Mummified Hand":32,"Ninja Scroll":43,"Gambling Chip":130,"Toolbox":60,"Tiny Chest":13,"InkBottle":25,"Ring of the Snake":0,"Potion Belt":93,"Lee\u0027s Waffle":110,"NeowsBlessing":0,"The Specimen":28,"Thread and Needle":106,"PreservedInsect":33,"Omamori":25,"Orichalcum":7,"White Beast Statue":106,"Calling Bell":28,"Peace Pipe":120,"Anchor":72,"CaptainsWheel":122,"Ornamental Fan":7,"Membership Card":50,"FossilizedHelix":138},{"TwistedFunnel":194,"Ice Cream":587,"Gremlin Horn":127,"Nilry\u0027s Codex":265,"Vajra":171,"Ginger":395,"Boot":193,"Blood Vial":193,"Centennial Puzzle":534,"HornCleat":615,"DollysMirror":141,"Sundial":452,"Philosopher\u0027s Stone":26,"MealTicket":638,"Kunai":276,"Toxic Egg 2":346,"Happy Flower":276,"Dead Branch":83,"Oddly Smooth Stone":127,"Eternal Feather":243,"Pen Nib":634,"Paper Crane":294,"War Paint":534,"Question Card":326,"SlaversCollar":67,"Shuriken":332,"Bronze Scales":243,"Bird Faced Urn":358,"Black Star":303,"Ring of the Serpent":154,"Meat on the Bone":143,"Pocketwatch":389,"Darkstone Periapt":363,"Regal Pillow":27,"Lantern":173,"Singing Bowl":247,"Torii":534,"Snake Skull":195,"Juzu Bracelet":36,"Smiling Mask":27,"Empty Cage":204,"Ancient Tea Set":456,"Cursed Key":672,"ClockworkSouvenir":346,"Nunchaku":47,"Dream Catcher":141,"Shovel":188,"WristBlade":629,"Mummified Hand":143,"Ninja Scroll":188,"Gambling Chip":634,"Toolbox":247,"Tiny Chest":41,"InkBottle":109,"Ring of the Snake":0,"Potion Belt":417,"Lee\u0027s Waffle":516,"NeowsBlessing":0,"The Specimen":127,"Thread and Needle":492,"PreservedInsect":146,"Omamori":109,"Orichalcum":15,"White Beast Statue":492,"Calling Bell":127,"Peace Pipe":582,"Anchor":326,"CaptainsWheel":602,"Ornamental Fan":15,"Membership Card":205,"FossilizedHelix":683}],"Ring of the Snake":[184],"Pocketwatch":[3]},"card_choices":[{"not_picked":["PiercingWail","Outmaneuver"],"picked":"Flying Knee","floor":1.0},{"not_picked":["Tactician","Prepared","Masterful Stab"],"picked":"Backstab","floor":5.0},{"not_picked":["Cloak And Dagger","Dagger Spray","Calculated Gamble"],"picked":"Backstab","floor":7.0},{"not_picked":["Unload","Setup","Underhanded Strike"],"picked":"Cloak And Dagger","floor":8.0},{"not_picked":["Prepared","Bane","Outmaneuver"],"picked":"Sucker Punch","floor":13.0},{"not_picked":["Expertise","Deadly Poison","Flechettes","Acrobatics"],"picked":"SKIP","floor":14.0},{"not_picked":["Venomology","Wraith Form v2","Adrenaline"],"picked":"After Image","floor":16.0},{"not_picked":["Quick Slash","PiercingWail","Predator"],"picked":"Caltrops","floor":18.0},{"not_picked":["Dagger Spray","Backflip","Acrobatics"],"picked":"Caltrops","floor":21.0},{"not_picked":["Heel Hook","Deadly Poison","Finisher","Cloak And Dagger"],"picked":"SKIP","floor":24.0},{"not_picked":["Dagger Spray","Expertise","Glass Knife","Cloak And Dagger"],"picked":"SKIP","floor":29.0},{"not_picked":["Concentrate","Outmaneuver","Deadly Poison+1","Poisoned Stab+1"],"picked":"SKIP","floor":30},{"not_picked":["Acrobatics","Poisoned Stab","Setup+1"],"picked":"Accuracy","floor":31},{"not_picked":["Doppelganger","Phantasmal Killer","Bullet Time"],"picked":"Adrenaline","floor":33},{"not_picked":["Slice","Sucker Punch+1","Underhanded Strike"],"picked":"PiercingWail","floor":35},{"not_picked":["All Out Attack","Outmaneuver+1","Sucker Punch","Concentrate+1"],"picked":"SKIP","floor":41},{"not_picked":["Crippling Poison","PiercingWail","Infinite Blades"],"picked":"Backflip","floor":42},{"not_picked":["Flying Knee","Dodge and Roll","Dagger Spray"],"picked":"PiercingWail","floor":45},{"not_picked":["Tactician","Concentrate","Reflex","Heel Hook"],"picked":"SKIP","floor":47},{"not_picked":["Predator","Prepared+1","Dodge and Roll+1"],"picked":"Noxious Fumes+1","floor":48}],"player_experience":403073,"relics_obtained":[{"floor":8.0,"key":"HornCleat"},{"floor":9.0,"key":"War Paint"},{"floor":24.0,"key":"Peace Pipe"},{"floor":26.0,"key":"Centennial Puzzle"},{"floor":30,"key":"Ornamental Fan"},{"floor":37,"key":"FossilizedHelix"},{"floor":42,"key":"Potion Belt"},{"floor":43,"key":"Pocketwatch"}],"event_choices":[{"damage_healed":0.0,"max_hp_gain":0.0,"max_hp_loss":0.0,"gold_gain":0.0,"event_name":"Scrap Ooze","player_choice":"Success","floor":2.0,"gold_loss":0.0,"damage_taken":12.0,"relics_obtained":["Question Card"]},{"damage_healed":0.0,"max_hp_gain":0.0,"max_hp_loss":0.0,"gold_gain":0.0,"event_name":"Shining Light","player_choice":"Entered Light","floor":3.0,"gold_loss":0.0,"damage_taken":12.0,"cards_upgraded":["Accuracy","Caltrops"]},{"damage_healed":0.0,"max_hp_gain":0.0,"max_hp_loss":0.0,"gold_gain":75.0,"event_name":"World of Goop","player_choice":"Gather Gold","floor":4.0,"gold_loss":0.0,"damage_taken":11.0},{"damage_healed":0.0,"max_hp_gain":0.0,"max_hp_loss":0.0,"gold_gain":0.0,"event_name":"Transmorgrifier","player_choice":"Ignored","floor":11.0,"gold_loss":0.0,"damage_taken":0.0},{"damage_healed":0.0,"max_hp_gain":0.0,"max_hp_loss":0.0,"gold_gain":0.0,"event_name":"The Mausoleum","player_choice":"Opened","floor":19.0,"gold_loss":0.0,"damage_taken":0.0,"relics_obtained":["Pen Nib"],"cards_obtained":["Writhe"]},{"damage_healed":0.0,"max_hp_gain":0.0,"max_hp_loss":0.0,"gold_gain":0.0,"event_name":"Addict","player_choice":"Stole Relic","floor":20.0,"gold_loss":0.0,"damage_taken":0.0,"relics_obtained":["Gambling Chip"],"cards_obtained":["Shame"]},{"damage_healed":0.0,"max_hp_gain":0.0,"max_hp_loss":0.0,"gold_gain":0.0,"event_name":"Drug Dealer","player_choice":"Obtain J.A.X.","floor":28.0,"gold_loss":0.0,"damage_taken":0.0,"cards_obtained":["J.A.X."]},{"damage_healed":0,"gold_gain":0,"player_choice":"Fight","damage_taken":0,"max_hp_gain":0,"max_hp_loss":0,"event_name":"Mysterious Sphere","floor":37,"gold_loss":0},{"cards_removed":["PiercingWail"],"damage_healed":0,"gold_gain":0,"player_choice":"Removed Skill","damage_taken":0,"max_hp_gain":0,"max_hp_loss":0,"event_name":"Falling","floor":38,"gold_loss":0}],"is_beta":false,"boss_relics":[{"not_picked":["HoveringKite","Philosopher\u0027s Stone"],"picked":"WristBlade"},{"not_picked":["Snecko Eye","Busted Crown"],"picked":"Cursed Key"}],"items_purged_floors":[22],"is_endless":false,"potions_floor_spawned":[1,5,13,24,29,30,31,33,35,37,45],"killed_by":"Time Eater","ascension_level":14}}