{"host":"fdip6nj211smoxvi","time":1612403473,"event":{"mods":["BaseMod","BetterRewards","Colored Map","Downfall","Hermit","Minty Spire (QoL Compilation)","Shop Mod","StSLib","The Hierophant","The Servant 0.9.4"],"gold_per_floor":[118,83,83,94,53,87,12,39,39,51,62,62,91,91,91,191,191,203,203,203,24,0,32,32,32,102,433,433,458,458,458,458,557,557,577,577,166,166,14,14,25,56,104,104,138,150,150,150,150,150],"floor_reached":51,"language":"DEU","playtime":2352,"items_purged":["Regret","downfall:Haunted"],"score":1020,"play_id":"8d0010b2-d17e-457d-8174-b3441317acc4","local_time":"20210204025113","is_ascension_mode":true,"campfire_choices":[{"floor":15,"key":"REST"},{"data":"Immolate","floor":25,"key":"SMITH"},{"data":"Apotheosis","floor":28,"key":"SMITH"},{"data":"Immolate","floor":30,"key":"SMITH"},{"floor":32,"key":"REST"},{"data":"Flex","floor":40,"key":"SMITH"},{"data":"Whirlwind","floor":44,"key":"SMITH"},{"data":"Fire Breathing","floor":47,"key":"SMITH"},{"data":"Bash","floor":49,"key":"SMITH"}],"circlet_count":0,"master_deck":["Strike_R","Strike_R","Strike_R","Strike_R","Strike_R+1","Defend_R","Defend_R","Defend_R","Defend_R","Bash+1","Shrug It Off+1","Sword Boomerang","Dropkick","Flex+1","Battle Trance","Wild Strike","Immolate+1","Metallicize+1","Immolate+1","Apotheosis+1","Clothesline+1","Whirlwind+1","Offering","Reaper","CurseOfTheBell","Madness","Burning Pact+1","Pommel Strike+1","Doubt","Fire Breathing+1"],"relics":["SlaversCollar","Gremlin Horn","Juzu Bracelet","TungstenRod","Meat on the Bone","Darkstone Periapt","Pantograph","Cursed Key","Charon\u0027s Ashes","Eternal Feather","Old Coin","Bag of Marbles","Calling Bell","Strawberry","HornCleat","Calipers","Torii","Bag of Preparation","Nunchaku","PreservedInsect","Pear"],"acts_visited":["Exordium","TheCity","TheBeyond"],"potions_floor_usage":[6,13,16,23,29,42,46,48,50,50,50],"damage_taken":[{"damage":19,"enemies":"Jaw Worm","floor":1,"turns":5},{"damage":7,"enemies":"Small Slimes","floor":4,"turns":4},{"damage":18,"enemies":"Gremlin Nob","floor":6,"turns":3},{"damage":30,"enemies":"Lagavulin","floor":8,"turns":5},{"damage":0,"enemies":"Cultist","floor":10,"turns":3},{"damage":0,"enemies":"3 Louse","floor":11,"turns":3},{"damage":10,"enemies":"3 Sentries","floor":13,"turns":6},{"damage":42,"enemies":"Hexaghost","floor":16,"turns":9},{"damage":20,"enemies":"2 Thieves","floor":18,"turns":3},{"damage":5,"enemies":"Gremlin Leader","floor":23,"turns":2},{"damage":31,"enemies":"Book of Stabbing","floor":27,"turns":5},{"damage":13,"enemies":"Slavers","floor":29,"turns":2},{"damage":60,"enemies":"Automaton","floor":33,"turns":9},{"damage":11,"enemies":"3 Darklings","floor":35,"turns":2},{"damage":0,"enemies":"Orb Walker","floor":41,"turns":3},{"damage":33,"enemies":"Nemesis","floor":42,"turns":5},{"damage":5,"enemies":"Reptomancer","floor":45,"turns":1},{"damage":34,"enemies":"Maw","floor":46,"turns":7},{"damage":108,"enemies":"Time Eater","floor":50,"turns":8}],"seed_played":"-5086903779515233286","potions_obtained":[{"floor":4,"key":"SteroidPotion"},{"floor":10,"key":"PowerPotion"},{"floor":13,"key":"Slimebound:ThreeZeroPotion"},{"floor":16,"key":"champ:CounterPotion"},{"floor":27,"key":"AttackPotion"},{"floor":35,"key":"EssenceOfSteel"},{"floor":41,"key":"SpeedPotion"},{"floor":45,"key":"Dexterity Potion"},{"floor":48,"key":"LiquidBronze"},{"floor":48,"key":"Fruit Juice"},{"floor":48,"key":"Swift Potion"}],"is_trial":false,"path_per_floor":["M","?","?","M","?","E","$","E","T","M","M","?","E","?","R","B",null,"M","?","?","$","?","E","?","R","T","E","R","E","R","?","R","B",null,"M","?","$","?","$","R","M","E","T","R","E","M","R","?","R","B",null],"character_chosen":"IRONCLAD","items_purchased":["Apotheosis","Torii","Bag of Preparation"],"campfire_rested":2,"item_purchase_floors":[21,37,39],"current_hp_per_floor":[61,80,80,73,73,55,55,25,25,37,49,44,46,31,55,50,80,60,60,60,60,60,55,80,80,86,55,67,54,66,50,89,43,104,93,81,81,81,81,96,96,63,69,84,89,67,85,90,108,29],"gold":150,"neow_bonus":"BOSS_RELIC","is_daily":false,"chose_seed":false,"campfire_upgraded":7,"win_rate":0.0,"timestamp":1612403473,"path_taken":["M","?","?","M","?","E","$","E","T","M","M","?","E","?","R","BOSS","M","?","?","$","?","E","?","R","T","E","R","E","R","?","R","BOSS","M","?","$","?","$","R","M","E","T","R","E","M","R","?","R","BOSS"],"items_purchased_type":["Card","Relic","Relic"],"build_version":"2020-12-22","purchased_purges":2,"victory":true,"max_hp_per_floor":[80,80,80,80,80,80,80,80,80,80,80,80,80,80,80,80,80,80,80,80,80,80,80,80,80,86,86,86,86,86,91,91,91,104,104,104,104,104,104,104,104,104,110,110,120,120,120,125,125,125],"card_choices":[{"not_picked":["Feel No Pain","Iron Wave"],"picked":"Shrug It Off","floor":1},{"not_picked":["Perfected Strike","Iron Wave"],"picked":"Sword Boomerang","floor":4},{"not_picked":["Hemokinesis","Rage"],"picked":"Dropkick","floor":6},{"not_picked":["Iron Wave","Searing Blow","Second Wind"],"picked":"SKIP","floor":8},{"not_picked":["True Grit","Warcry"],"picked":"Flex","floor":10},{"not_picked":["Sword Boomerang","True Grit"],"picked":"Battle Trance","floor":11},{"not_picked":["Iron Wave","Rupture"],"picked":"Wild Strike","floor":13},{"not_picked":["Exhume","Bludgeon"],"picked":"Immolate","floor":16},{"not_picked":["Ghostly Armor","Wild Strike"],"picked":"Metallicize+1","floor":18},{"not_picked":["Shrug It Off","Twin Strike"],"picked":"Clothesline+1","floor":23},{"not_picked":["Heavy Blade","Infernal Blade"],"picked":"Whirlwind","floor":27},{"not_picked":["Clash","Body Slam"],"picked":"Offering","floor":29},{"not_picked":["Exhume","Corruption"],"picked":"Reaper","floor":33},{"not_picked":["Warcry","Havoc","Clash"],"picked":"SKIP","floor":35},{"not_picked":["Feel No Pain","Warcry+1"],"picked":"Burning Pact+1","floor":41},{"not_picked":["Headbutt","Heavy Blade"],"picked":"Pommel Strike+1","floor":42},{"not_picked":["Metallicize","Perfected Strike+1","Bloodletting"],"picked":"SKIP","floor":45},{"not_picked":["Clothesline","Thunderclap+1"],"picked":"Fire Breathing","floor":46}],"player_experience":231285,"relics_obtained":[{"floor":6,"key":"Juzu Bracelet"},{"floor":8,"key":"TungstenRod"},{"floor":9,"key":"Meat on the Bone"},{"floor":13,"key":"Pantograph"},{"floor":23,"key":"Charon\u0027s Ashes"},{"floor":26,"key":"Eternal Feather"},{"floor":27,"key":"Old Coin"},{"floor":29,"key":"Bag of Marbles"},{"floor":34,"key":"Strawberry"},{"floor":34,"key":"HornCleat"},{"floor":34,"key":"Calipers"},{"floor":42,"key":"Nunchaku"},{"floor":43,"key":"PreservedInsect"},{"floor":45,"key":"Pear"}],"event_choices":[{"damage_healed":20,"gold_gain":0,"player_choice":"Healed","damage_taken":0,"max_hp_gain":0,"max_hp_loss":0,"event_name":"The Cleric","floor":2,"gold_loss":35},{"damage_healed":0,"gold_gain":0,"player_choice":"Box","damage_taken":0,"relics_obtained":["Gremlin Horn"],"max_hp_gain":0,"max_hp_loss":0,"event_name":"Big Fish","floor":3,"gold_loss":0,"cards_obtained":["Regret"]},{"damage_healed":0,"gold_gain":0,"player_choice":"Left Gold","damage_taken":0,"max_hp_gain":0,"max_hp_loss":0,"event_name":"World of Goop","floor":5,"gold_loss":41},{"damage_healed":0,"gold_gain":0,"player_choice":"Success","damage_taken":7,"relics_obtained":["Darkstone Periapt"],"max_hp_gain":0,"max_hp_loss":0,"event_name":"Scrap Ooze","floor":12,"gold_loss":0},{"damage_healed":0,"gold_gain":0,"player_choice":"Entered Light","damage_taken":16,"max_hp_gain":0,"max_hp_loss":0,"event_name":"Shining Light","floor":14,"gold_loss":0,"cards_upgraded":["Strike_R","Shrug It Off"]},{"damage_healed":0,"gold_gain":0,"player_choice":"Copied","damage_taken":0,"max_hp_gain":0,"max_hp_loss":0,"event_name":"Duplicator","floor":19,"gold_loss":0,"cards_obtained":["Immolate"]},{"damage_healed":0,"gold_gain":0,"player_choice":"Paid Fearfully","damage_taken":0,"max_hp_gain":0,"max_hp_loss":0,"event_name":"Masked Bandits","floor":22,"gold_loss":24},{"damage_healed":26,"gold_gain":0,"player_choice":"Heal","damage_taken":0,"max_hp_gain":0,"max_hp_loss":0,"event_name":"The Library","floor":24,"gold_loss":0},{"damage_healed":0,"gold_gain":0,"player_choice":"Shed Blood","damage_taken":22,"max_hp_gain":5,"max_hp_loss":0,"event_name":"Forgotten Altar","floor":31,"gold_loss":0},{"damage_healed":0,"gold_gain":0,"player_choice":"Embrace Madness","damage_taken":13,"max_hp_gain":0,"max_hp_loss":0,"event_name":"Winding Halls","floor":36,"gold_loss":0,"cards_obtained":["Madness","Madness"]},{"cards_removed":["Madness"],"damage_healed":0,"gold_gain":0,"player_choice":"Removed Skill","damage_taken":0,"max_hp_gain":0,"max_hp_loss":0,"event_name":"Falling","floor":38,"gold_loss":0},{"damage_healed":0,"gold_gain":0,"player_choice":"Got Potions","damage_taken":0,"max_hp_gain":0,"max_hp_loss":0,"event_name":"Lab","floor":48,"gold_loss":0}],"is_beta":false,"boss_relics":[{"not_picked":["Mark of Pain","SacredBark"],"picked":"Cursed Key"},{"not_picked":["Velvet Choker","Fusion Hammer"],"picked":"Calling Bell"}],"items_purged_floors":[7,37],"is_endless":false,"potions_floor_spawned":[4,10,13,16,27,35,41,45],"ascension_level":4}}