{"host":"31s8hzukbhz1k6i6","time":1612419260,"event":{"mods":["AchievementEnabler","BaseMod","Bestiary","Colored Map","Filter the Spire","Minty Spire (QoL Compilation)","Relic Stats","ojb\u0027s Info Mod"],"gold_per_floor":[110,120,132,33,44,44,73,73,73,73,86,86,119,135,135,210,210,226,276,11,26,40,40,69,69,115,115,133,149,179,104,104,104,104],"floor_reached":33,"language":"ENG","playtime":1712,"items_purged":["Strike_G"],"score":644,"play_id":"936cf460-d0fb-4de2-b3d4-bf69f7651a09","local_time":"20210203221420","is_ascension_mode":true,"campfire_choices":[{"data":"Crippling Poison","floor":6.0,"key":"SMITH"},{"data":"Poisoned Stab","floor":12.0,"key":"SMITH"},{"data":"Deadly Poison","floor":15,"key":"SMITH"},{"data":"Terror","floor":23,"key":"SMITH"},{"data":"Phantasmal Killer","floor":27,"key":"SMITH"},{"data":"Adrenaline","floor":32,"key":"SMITH"}],"circlet_count":0,"master_deck":["AscendersBane","Strike_G","Strike_G","Strike_G","Defend_G","Defend_G","Defend_G","Defend_G","Defend_G","Survivor","Neutralize","Poisoned Stab+1","Flying Knee","Terror+1","Dagger Spray","Crippling Poison+1","Deadly Poison+1","Phantasmal Killer+1","Backflip","Acrobatics","Calculated Gamble+1","Adrenaline+1","Underhanded Strike","Outmaneuver+1","Heel Hook+1"],"relics":["Ring of the Snake","Blood Vial","MealTicket","InkBottle","Tough Bandages","Coffee Dripper","White Beast Statue","Ancient Tea Set","Toy Ornithopter"],"acts_visited":["Exordium","TheCity"],"potions_floor_usage":[16,18,24,29,30,33,33],"damage_taken":[{"damage":1.0,"enemies":"Cultist","floor":1.0,"turns":4.0},{"damage":1.0,"enemies":"Jaw Worm","floor":2.0,"turns":4.0},{"damage":0.0,"enemies":"2 Louse","floor":3.0,"turns":3.0},{"damage":8.0,"enemies":"Exordium Thugs","floor":5.0,"turns":5.0},{"damage":10.0,"enemies":"Lagavulin","floor":7.0,"turns":6.0},{"damage":8.0,"enemies":"Gremlin Gang","floor":11.0,"turns":2.0},{"damage":26,"enemies":"3 Sentries","floor":13,"turns":7},{"damage":6,"enemies":"Lots of Slimes","floor":14,"turns":4},{"damage":32,"enemies":"Hexaghost","floor":16,"turns":9},{"damage":19,"enemies":"2 Thieves","floor":18,"turns":4},{"damage":16,"enemies":"Chosen","floor":21,"turns":4},{"damage":10,"enemies":"3 Cultists","floor":22,"turns":5},{"damage":0,"enemies":"Book of Stabbing","floor":24,"turns":5},{"damage":0,"enemies":"Centurion and Healer","floor":28,"turns":4},{"damage":5,"enemies":"Shelled Parasite and Fungi","floor":29,"turns":2},{"damage":4,"enemies":"Slavers","floor":30,"turns":3},{"damage":72,"enemies":"Collector","floor":33,"turns":7}],"seed_played":"-2458013818870608506","potions_obtained":[{"floor":1.0,"key":"AttackPotion"},{"floor":3.0,"key":"Regen Potion"},{"floor":7.0,"key":"SpeedPotion"},{"floor":8.0,"key":"Poison Potion"},{"floor":13,"key":"Swift Potion"},{"floor":21,"key":"Energy Potion"},{"floor":22,"key":"Fire Potion"},{"floor":24,"key":"EntropicBrew"},{"floor":28,"key":"AttackPotion"},{"floor":29,"key":"DistilledChaos"},{"floor":30,"key":"Dexterity Potion"}],"is_trial":false,"path_per_floor":["M","M","M","$","M","R","E","?","T","$","M","R","E","M","R","B",null,"M","?","$","M","M","R","E","$","T","R","M","M","E","?","R","B"],"character_chosen":"THE_SILENT","items_purchased":["Dagger Spray","White Beast Statue"],"campfire_rested":0,"item_purchase_floors":[4,20],"current_hp_per_floor":[60,61,63,63,57,57,49,49,49,64,58,58,34,30,30,15,53,36,36,51,37,29,29,31,46,46,46,48,45,43,43,43,0,0],"gold":104,"neow_bonus":"RANDOM_COMMON_RELIC","is_daily":false,"chose_seed":false,"campfire_upgraded":6,"win_rate":0.0,"timestamp":1612419260,"path_taken":["M","?","M","$","M","R","E","?","T","?","M","R","E","M","R","BOSS","M","?","?","?","?","R","E","?","T","R","M","M","E","?","R","BOSS"],"items_purchased_type":["Card","Relic"],"build_version":"2020-12-22","purchased_purges":1,"victory":false,"max_hp_per_floor":[66,66,66,66,66,66,66,66,66,66,66,66,66,66,66,66,66,66,66,66,66,66,66,66,66,66,66,66,66,66,66,66,66,66],"relic_stats":{"Blood Vial":34,"Tough Bandages":[177],"counters":[17,78],"MealTicket":45,"obtain_stats":[{"Blood Vial":0,"Tough Bandages":13,"MealTicket":7,"Coffee Dripper":17,"Ancient Tea Set":24,"InkBottle":9,"White Beast Statue":20,"Toy Ornithopter":30,"Ring of the Snake":0},{"Blood Vial":0,"Tough Bandages":7,"MealTicket":5,"Coffee Dripper":9,"Ancient Tea Set":13,"InkBottle":5,"White Beast Statue":10,"Toy Ornithopter":16,"Ring of the Snake":0},{"Blood Vial":0,"Tough Bandages":31,"MealTicket":22,"Coffee Dripper":44,"Ancient Tea Set":62,"InkBottle":22,"White Beast Statue":48,"Toy Ornithopter":71,"Ring of the Snake":0}],"InkBottle":[21],"Toy Ornithopter":10,"Ring of the Snake":[34]},"card_choices":[{"not_picked":["Bane","Slice"],"picked":"Poisoned Stab","floor":1.0},{"not_picked":["Prepared","Outmaneuver"],"picked":"Flying Knee","floor":2.0},{"not_picked":["Deflect","Blade Dance"],"picked":"Terror","floor":3.0},{"not_picked":["Backflip","Dagger Throw"],"picked":"Crippling Poison","floor":5.0},{"not_picked":["Storm of Steel","Flechettes","Dagger Throw"],"picked":"SKIP","floor":7.0},{"not_picked":["Poisoned Stab","Dagger Throw","Sucker Punch"],"picked":"SKIP","floor":11.0},{"not_picked":["Dodge and Roll","Setup","Sucker Punch"],"picked":"SKIP","floor":13},{"not_picked":["Slice","Expertise"],"picked":"Deadly Poison","floor":14},{"not_picked":["Storm of Steel","Bullet Time"],"picked":"Phantasmal Killer","floor":16},{"not_picked":["Prepared","Choke"],"picked":"Backflip","floor":18},{"not_picked":["Sucker Punch","Quick Slash"],"picked":"Acrobatics","floor":21},{"not_picked":["Deadly Poison+1","Masterful Stab"],"picked":"Calculated Gamble+1","floor":22},{"not_picked":["Outmaneuver","Envenom"],"picked":"Adrenaline","floor":24},{"not_picked":["Sucker Punch","Underhanded Strike","Slice"],"picked":"SKIP","floor":28},{"not_picked":["Sucker Punch","Slice"],"picked":"Underhanded Strike","floor":28},{"not_picked":["Deflect","Footwork"],"picked":"Outmaneuver+1","floor":29},{"not_picked":["Flechettes","Footwork"],"picked":"Heel Hook+1","floor":30}],"player_experience":207356,"relics_obtained":[{"floor":7.0,"key":"MealTicket"},{"floor":9.0,"key":"InkBottle"},{"floor":13,"key":"Tough Bandages"},{"floor":24,"key":"Ancient Tea Set"},{"floor":30,"key":"Toy Ornithopter"}],"event_choices":[{"damage_healed":0.0,"max_hp_gain":0.0,"max_hp_loss":0.0,"gold_gain":0.0,"event_name":"Lab","player_choice":"Got Potions","floor":8.0,"gold_loss":0.0,"damage_taken":0.0},{"damage_healed":0,"gold_gain":50,"player_choice":"Pray","damage_taken":0,"max_hp_gain":0,"max_hp_loss":0,"event_name":"Golden Shrine","floor":19,"gold_loss":0},{"cards_removed":["Strike_G"],"damage_healed":0,"gold_gain":0,"player_choice":"Gave Gold","damage_taken":0,"max_hp_gain":0,"max_hp_loss":0,"event_name":"Beggar","floor":31,"gold_loss":75}],"is_beta":false,"boss_relics":[{"not_picked":["Cursed Key","Busted Crown"],"picked":"Coffee Dripper"}],"items_purged_floors":[4],"is_endless":false,"potions_floor_spawned":[1,3,7,13,21,22,24,28,29,30],"killed_by":"Collector","ascension_level":20}}