{"host":"ThePatvocate","time":1612402264,"event":{"mods":["2.2 Compatiblity","AchievementEnabler","BaseMod","Better Match","Better Note","Better Sensory Stone","Better Third Choice","Block Reminder","Colored Map","Colored Powertips","Emptier Cage","Highlight Path","Minty Spire (QoL Compilation)","Permanent Neow","Quick Restart","Rare Cards Sparkle","StSLib"],"gold_per_floor":[115,134,147,147,147,183,183,207,207,138,138,63,63,63],"floor_reached":13,"language":"ENG","playtime":524,"items_purged":["Strike_R"],"score":166,"play_id":"38b4242f-0531-4edd-8721-dd75b2080651","local_time":"20210203173104","is_ascension_mode":true,"campfire_choices":[{"data":"Rampage","floor":7,"key":"SMITH"},{"floor":11,"key":"REST"}],"circlet_count":0,"master_deck":["AscendersBane","Strike_R","Strike_R","Strike_R","Strike_R","Defend_R","Defend_R","Defend_R","Defend_R","Bash","Offering","Battle Trance","Iron Wave","Iron Wave","Rampage+1","Headbutt"],"relics":["Burning Blood","Golden Idol","Boot","Juzu Bracelet"],"acts_visited":["Exordium"],"potions_floor_usage":[6,6],"damage_taken":[{"damage":13,"enemies":"Jaw Worm","floor":1,"turns":3},{"damage":3,"enemies":"2 Louse","floor":2,"turns":4},{"damage":0,"enemies":"Small Slimes","floor":3,"turns":3},{"damage":26,"enemies":"Lagavulin","floor":6,"turns":7},{"damage":14,"enemies":"3 Louse","floor":8,"turns":4},{"damage":32,"enemies":"Gremlin Nob","floor":13,"turns":4}],"seed_played":"-5667856282811627723","potions_obtained":[{"floor":1,"key":"LiquidMemories"},{"floor":3,"key":"SpeedPotion"}],"is_trial":false,"path_per_floor":["M","M","M","?","?","E","R","M","T","?","R","$","E"],"character_chosen":"IRONCLAD","items_purchased":[],"campfire_rested":1,"item_purchase_floors":[],"current_hp_per_floor":[61,64,70,70,44,24,24,16,16,16,38,38,6,6],"gold":63,"neow_bonus":"ONE_RANDOM_RARE_CARD","is_daily":false,"chose_seed":false,"campfire_upgraded":1,"win_rate":0.0,"timestamp":1612402264,"path_taken":["M","M","M","?","?","E","R","M","T","?","R","$","E"],"items_purchased_type":[],"build_version":"2020-12-18","purchased_purges":1,"victory":false,"max_hp_per_floor":[75,75,75,75,75,75,75,75,75,75,75,75,75,75],"card_choices":[{"not_picked":["Bloodletting","Heavy Blade"],"picked":"Battle Trance","floor":1},{"not_picked":["Clash","Feel No Pain"],"picked":"Iron Wave","floor":2},{"not_picked":["Clash","Cleave"],"picked":"Iron Wave","floor":3},{"not_picked":["Twin Strike","Heavy Blade"],"picked":"Rampage","floor":6},{"not_picked":["Rupture","Iron Wave"],"picked":"Headbutt","floor":8}],"player_experience":1050279,"relics_obtained":[{"floor":6,"key":"Boot"},{"floor":9,"key":"Juzu Bracelet"}],"event_choices":[{"damage_healed":0,"gold_gain":0,"player_choice":"Ignored","damage_taken":147,"max_hp_gain":0,"max_hp_loss":0,"event_name":"betterThird:BetterSerpent","floor":4,"gold_loss":0},{"damage_healed":0,"gold_gain":0,"player_choice":"Take Damage","damage_taken":26,"relics_obtained":["Golden Idol"],"max_hp_gain":0,"max_hp_loss":0,"event_name":"Golden Idol","floor":5,"gold_loss":0},{"damage_healed":0,"gold_gain":0,"player_choice":"Left","damage_taken":0,"max_hp_gain":0,"max_hp_loss":0,"event_name":"betterThird:BetterGoop","floor":10,"gold_loss":69}],"is_beta":true,"boss_relics":[],"items_purged_floors":[12],"is_endless":false,"potions_floor_spawned":[1,3],"killed_by":"Gremlin Nob","ascension_level":20}}