{"host":"k919bq8mkuzdqhzi","time":1612478382,"event":{"mods":["AchievementEnabler","BaseMod","Colored Map","Colored Powertips","DeckTracker","Minty Spire (QoL Compilation)","Relic Sorter","SuperFastMode"],"gold_per_floor":[130,161,189,201,213,255,267,289,355,367,390,402,414,106,106,207,207,223,239,250,260,276,276,24,24,24,40,40,40,40,40,40,137,137,152,169,92,105,105,105,124,135,135,135,146,146,0,16,16,16,16],"floor_reached":50,"language":"ENG","playtime":3150,"items_purged":["Strike_G","Strike_G"],"score":446,"play_id":"4309da3d-aa58-4f1e-9de9-10ed48e92645","local_time":"20210204173942","is_ascension_mode":false,"campfire_choices":[{"data":"Cloak And Dagger","floor":7,"key":"SMITH"},{"floor":10,"key":"REST"},{"data":"Neutralize","floor":13,"key":"SMITH"},{"data":"Noxious Fumes","floor":15,"key":"SMITH"},{"data":"Dash","floor":23,"key":"SMITH"},{"data":"Terror","floor":25,"key":"SMITH"},{"data":"Skewer","floor":32,"key":"SMITH"},{"floor":40,"key":"REST"},{"floor":46,"key":"REST"},{"floor":49,"key":"REST"}],"circlet_count":0,"master_deck":["Strike_G","Defend_G","Defend_G","Defend_G","Defend_G","Defend_G","Survivor","Neutralize+1","Terror+1","Cloak And Dagger+1","Bouncing Flask+1","Deflect+1","Leg Sweep+1","Crippling Poison+1","Noxious Fumes+1","Blade Dance+1","Flechettes","Dash+1","Corpse Explosion+1","Noxious Fumes","Dagger Spray+1","Quick Slash+1","Decay","Skewer+1","Deadly Poison+1","Envenom","Riddle With Holes+1","Footwork","Poisoned Stab","Parasite","Blur+1","Writhe","Backstab+1"],"relics":["Ring of the Snake","MawBank","Toxic Egg 2","Anchor","Cursed Key","HandDrill","Pantograph","MutagenicStrength","SlaversCollar","Bottled Tornado","Red Mask"],"acts_visited":["Exordium","TheCity","TheBeyond"],"potions_floor_usage":[6,16,33,33,33,45,48,48],"damage_taken":[{"damage":0,"enemies":"2 Louse","floor":1,"turns":4},{"damage":0,"enemies":"Cultist","floor":2,"turns":5},{"damage":0,"enemies":"Small Slimes","floor":3,"turns":3},{"damage":25,"enemies":"3 Sentries","floor":6,"turns":11},{"damage":8,"enemies":"3 Louse","floor":8,"turns":4},{"damage":1,"enemies":"Large Slime","floor":11,"turns":4},{"damage":16,"enemies":"Slime Boss","floor":16,"turns":8},{"damage":0,"enemies":"3 Byrds","floor":18,"turns":2},{"damage":0,"enemies":"Shell Parasite","floor":19,"turns":3},{"damage":0,"enemies":"Chosen and Byrds","floor":20,"turns":4},{"damage":0,"enemies":"Centurion and Healer","floor":21,"turns":4},{"damage":0,"enemies":"3 Cultists","floor":22,"turns":3},{"damage":1,"enemies":"Snake Plant","floor":27,"turns":4},{"damage":69,"enemies":"Collector","floor":33,"turns":7},{"damage":27,"enemies":"3 Darklings","floor":35,"turns":4},{"damage":15,"enemies":"Orb Walker","floor":36,"turns":3},{"damage":0,"enemies":"3 Darklings","floor":38,"turns":2},{"damage":7,"enemies":"Writhing Mass","floor":41,"turns":6},{"damage":16,"enemies":"Spire Growth","floor":42,"turns":4},{"damage":23,"enemies":"Sphere and 2 Shapes","floor":45,"turns":5},{"damage":12,"enemies":"Transient","floor":48,"turns":5},{"damage":64,"enemies":"Donu and Deca","floor":50,"turns":7}],"seed_played":"5832365180970646226","potions_obtained":[{"floor":1,"key":"Explosive Potion"},{"floor":8,"key":"SpeedPotion"},{"floor":16,"key":"Explosive Potion"},{"floor":20,"key":"Weak Potion"},{"floor":21,"key":"FearPotion"},{"floor":38,"key":"SpeedPotion"},{"floor":41,"key":"PowerPotion"},{"floor":45,"key":"PowerPotion"}],"is_trial":false,"path_per_floor":["M","M","M","?","?","E","R","M","T","R","M","?","R","$","R","B",null,"M","M","M","M","M","R","$","R","T","M","?","?","?","?","R","B",null,"M","M","$","M","?","R","M","M","T","?","M","R","?","M","R","B"],"character_chosen":"THE_SILENT","items_purchased":["Noxious Fumes","Blade Dance+1","Flechettes","Dash","HandDrill","Footwork"],"campfire_rested":4,"item_purchase_floors":[14,14,14,14,24,37],"current_hp_per_floor":[70,70,70,70,70,45,45,37,37,58,57,70,70,70,70,54,70,70,70,70,70,70,70,70,70,70,69,69,69,69,69,69,1,70,43,28,28,28,28,49,42,26,26,26,3,24,24,12,33,0,0],"gold":16,"neow_bonus":"RANDOM_COMMON_RELIC","is_daily":false,"chose_seed":false,"campfire_upgraded":6,"win_rate":0.0,"timestamp":1612478382,"path_taken":["M","M","M","?","?","E","R","M","T","R","?","?","R","$","R","BOSS","M","M","M","M","M","R","$","R","T","M","?","?","?","?","R","BOSS","M","M","$","M","?","R","M","M","T","?","M","R","?","M","R","BOSS"],"items_purchased_type":["Card","Card","Card","Card","Relic","Card"],"build_version":"2020-12-22","purchased_purges":2,"victory":false,"max_hp_per_floor":[70,70,70,70,70,70,70,70,70,70,70,70,70,70,70,70,70,70,70,70,70,70,70,70,70,70,70,70,70,70,70,70,70,70,70,70,70,70,70,70,70,70,70,70,70,70,70,70,70,70,70],"card_choices":[{"not_picked":["Eviscerate","Dagger Spray"],"picked":"Terror","floor":1},{"not_picked":["Distraction","Dagger Throw"],"picked":"Cloak And Dagger","floor":2},{"not_picked":["Outmaneuver","Riddle With Holes"],"picked":"Bouncing Flask","floor":3},{"not_picked":["Prepared+1","Bane"],"picked":"Deflect+1","floor":6},{"not_picked":["Predator","Acrobatics+1"],"picked":"Leg Sweep+1","floor":8},{"not_picked":["Unload","Dagger Throw"],"picked":"Crippling Poison+1","floor":11},{"not_picked":["A Thousand Cuts","Doppelganger+1"],"picked":"Corpse Explosion+1","floor":16},{"not_picked":["Backflip+1","Prepared+1"],"picked":"Noxious Fumes","floor":18},{"not_picked":["Bane","All Out Attack"],"picked":"Dagger Spray+1","floor":19},{"not_picked":["Expertise+1","Bouncing Flask+1","Cloak And Dagger+1"],"picked":"SKIP","floor":20},{"not_picked":["Slice+1","Noxious Fumes+1"],"picked":"Quick Slash+1","floor":21},{"not_picked":["Quick Slash","Prepared+1","Endless Agony"],"picked":"SKIP","floor":22},{"not_picked":["Deflect+1","Dagger Spray"],"picked":"Skewer","floor":27},{"not_picked":["Bullet Time+1","Adrenaline+1"],"picked":"Envenom","floor":33},{"not_picked":["Backflip+1","Infinite Blades","Deadly Poison+1"],"picked":"SKIP","floor":35},{"not_picked":["Flying Knee","Cloak And Dagger+1"],"picked":"Riddle With Holes+1","floor":36},{"not_picked":["Endless Agony","Skewer+1"],"picked":"Poisoned Stab","floor":38},{"not_picked":["Choke+1","Flying Knee+1","Bouncing Flask+1"],"picked":"SKIP","floor":41},{"not_picked":["Flying Knee","Heel Hook+1"],"picked":"Blur+1","floor":42},{"not_picked":["Bane+1","Deflect+1","Prepared+1"],"picked":"SKIP","floor":45},{"not_picked":["Bouncing Flask+1","Prepared+1"],"picked":"Backstab+1","floor":48}],"player_experience":97983,"relics_obtained":[{"floor":6,"key":"Toxic Egg 2"},{"floor":9,"key":"Anchor"},{"floor":26,"key":"Pantograph"},{"floor":43,"key":"Bottled Tornado"}],"event_choices":[{"damage_healed":0,"gold_gain":0,"player_choice":"Grow","damage_taken":0,"max_hp_gain":0,"max_hp_loss":0,"event_name":"Living Wall","floor":4,"gold_loss":0,"cards_upgraded":["Bouncing Flask"]},{"cards_removed":["Strike_G"],"damage_healed":0,"gold_gain":0,"player_choice":"Purged","damage_taken":0,"max_hp_gain":0,"max_hp_loss":0,"event_name":"Purifier","floor":5,"gold_loss":0},{"damage_healed":23,"gold_gain":0,"player_choice":"Banana","damage_taken":0,"max_hp_gain":0,"max_hp_loss":0,"event_name":"Big Fish","floor":12,"gold_loss":0},{"damage_healed":0,"gold_gain":0,"player_choice":"Ignored","damage_taken":0,"max_hp_gain":0,"max_hp_loss":0,"event_name":"Ghosts","floor":28,"gold_loss":0},{"damage_healed":0,"gold_gain":0,"player_choice":"Inject Mutagens","damage_taken":0,"relics_obtained":["MutagenicStrength"],"max_hp_gain":0,"max_hp_loss":0,"event_name":"Drug Dealer","floor":29,"gold_loss":0},{"damage_healed":0,"gold_gain":0,"player_choice":"Read","damage_taken":0,"max_hp_gain":0,"max_hp_loss":0,"event_name":"The Library","floor":30,"gold_loss":0,"cards_obtained":["Deadly Poison"]},{"damage_healed":0,"gold_gain":0,"player_choice":"Ignored","damage_taken":0,"max_hp_gain":0,"max_hp_loss":0,"event_name":"NoteForYourself","floor":31,"gold_loss":0},{"cards_removed":["Strike_G"],"damage_healed":0,"gold_gain":0,"player_choice":"Removed Attack","damage_taken":0,"max_hp_gain":0,"max_hp_loss":0,"event_name":"Falling","floor":39,"gold_loss":0},{"damage_healed":0,"gold_gain":0,"player_choice":"Memory 1","damage_taken":0,"max_hp_gain":0,"max_hp_loss":0,"event_name":"SensoryStone","floor":44,"gold_loss":0},{"damage_healed":0,"gold_gain":0,"player_choice":"Paid","damage_taken":0,"relics_obtained":["Red Mask"],"max_hp_gain":0,"max_hp_loss":0,"event_name":"Tomb of Lord Red Mask","floor":47,"gold_loss":146}],"is_beta":false,"boss_relics":[{"not_picked":["Calling Bell","SacredBark"],"picked":"Cursed Key"},{"not_picked":["WristBlade","Runic Pyramid"],"picked":"SlaversCollar"}],"items_purged_floors":[14,24],"is_endless":false,"potions_floor_spawned":[1,8,16,20,21,27,38,41,45],"killed_by":"Donu and Deca","ascension_level":0}}