{"host":"szuedzjmkye50eqq","time":1612460069,"event":{"mods":["BaseMod","Downfall","Googly Eyes","Minty Spire (QoL Compilation)","StSLib"],"gold_per_floor":[112,62,82,94,19,44,64,239,239,239,1,1,20,36,36,139,139,150,5,23,23],"floor_reached":20,"language":"ENG","playtime":1642,"items_purged":["Defend_P","Doubt"],"score":176,"play_id":"69b23e65-e0b1-4bd5-82a7-086ad075a016","local_time":"20210204183429","is_ascension_mode":false,"campfire_choices":[{"floor":10.0,"key":"REST"},{"floor":15.0,"key":"REST"}],"circlet_count":0,"master_deck":["Strike_P","Strike_P","Strike_P","Strike_P","Defend_P","Defend_P","Eruption","Vigilance","ForeignInfluence","Evaluate","Evaluate","JustLucky","MasterReality","FlurryOfBlows","Prostrate+1","Scrawl+1"],"relics":["PureWater","NeowsBlessing","Pear","Mercury Hourglass","Toxic Egg 2","Sozu","Vajra"],"acts_visited":[],"potions_floor_usage":[],"damage_taken":[{"damage":0.0,"enemies":"Jaw Worm","floor":1.0,"turns":1.0},{"damage":0.0,"enemies":"Small Slimes","floor":3.0,"turns":1.0},{"damage":0.0,"enemies":"Cultist","floor":4.0,"turns":1.0},{"damage":52.0,"enemies":"Gremlin Nob","floor":6.0,"turns":6.0},{"damage":3.0,"enemies":"3 Louse","floor":7.0,"turns":4.0},{"damage":2.0,"enemies":"Lots of Slimes","floor":13.0,"turns":3.0},{"damage":16.0,"enemies":"Exordium Wildlife","floor":14.0,"turns":4.0},{"damage":44.0,"enemies":"Hexaghost","floor":16.0,"turns":11.0},{"damage":5.0,"enemies":"Shell Parasite","floor":18.0,"turns":5.0},{"damage":3.0,"enemies":"Chosen","floor":20.0,"turns":4.0}],"seed_played":"8842340841003620557","potions_obtained":[{"floor":1.0,"key":"LiquidBronze"},{"floor":13.0,"key":"Energy Potion"},{"floor":14.0,"key":"FearPotion"}],"is_trial":false,"path_per_floor":["M","?","M","M","$","E","M","?","T","R","$","T","M","M","R","B",null,"M","$","M"],"character_chosen":"WATCHER","items_purchased":["MasterReality","Vajra"],"campfire_rested":2,"item_purchase_floors":[11,19],"current_hp_per_floor":[72,72,72,72,72,30,27,27,27,51,51,51,49,33,57,13,82,77,77,74,74],"gold":23,"neow_bonus":"THREE_ENEMY_KILL","is_daily":false,"chose_seed":false,"campfire_upgraded":0,"win_rate":0.0,"timestamp":1612460069,"path_taken":["M","?","M","M","$","E","M","?","T","R","?","?","M","?","R","BOSS","M","$","M"],"items_purchased_type":["Card","Relic"],"build_version":"2020-12-22","purchased_purges":2,"victory":false,"max_hp_per_floor":[72,72,72,72,72,82,82,82,82,82,82,82,82,82,82,82,82,82,82,82,82],"card_choices":[{"not_picked":["SignatureMove","FlurryOfBlows"],"picked":"ForeignInfluence","floor":1.0},{"not_picked":["Meditate","EmptyMind"],"picked":"Evaluate","floor":3.0},{"not_picked":["FlurryOfBlows","BowlingBash"],"picked":"Evaluate","floor":4.0},{"not_picked":["Fasting2","Conclude","Indignation"],"picked":"SKIP","floor":6.0},{"not_picked":["WindmillStrike","SignatureMove"],"picked":"JustLucky","floor":7.0},{"not_picked":["JustLucky","Indignation+1"],"picked":"FlurryOfBlows","floor":13.0},{"not_picked":["EmptyFist","EmptyBody+1"],"picked":"Prostrate+1","floor":14.0},{"not_picked":["LessonLearned","Omniscience+1"],"picked":"Scrawl+1","floor":16.0},{"not_picked":["Fasting2+1","JustLucky+1","FlyingSleeves"],"picked":"SKIP","floor":18.0}],"player_experience":48819,"relics_obtained":[{"floor":6.0,"key":"Pear"},{"floor":9.0,"key":"Mercury Hourglass"},{"floor":12.0,"key":"Toxic Egg 2"}],"event_choices":[{"cards_removed":["Defend_P"],"damage_healed":0.0,"max_hp_gain":0.0,"max_hp_loss":0.0,"gold_gain":0.0,"event_name":"The Cleric","player_choice":"Card Removal","floor":2.0,"gold_loss":50.0,"damage_taken":0.0},{"damage_healed":0.0,"max_hp_gain":0.0,"max_hp_loss":0.0,"gold_gain":175.0,"event_name":"Liars Game","player_choice":"AGREE","floor":8.0,"gold_loss":0.0,"damage_taken":0.0,"cards_obtained":["Doubt"]}],"is_beta":false,"boss_relics":[{"not_picked":["Runic Pyramid","Fusion Hammer"],"picked":"Sozu"}],"items_purged_floors":[5,11],"is_endless":false,"potions_floor_spawned":[1,13,14,20],"killed_by":"Chosen","ascension_level":0}}