{"host":"8d3fefv2347kqkpz","time":1612424961,"event":{"mods":["AchievementEnabler","Act Like it!","Aspiration","BaseMod","Better Vampires","Colored Map","Colored Powertips","Conspire","GifTheSpireLib","Highlight Path","Hubris","Mimic Mod","Minty Spire (QoL Compilation)","Quick Restart","Rare Cards Sparkle","Relic Stats","Replay The Spire","Spicy Shops","StSLib","The Jungle","Waifu the Spire"],"gold_per_floor":[111,128,145,156,8,8,8],"floor_reached":6,"language":"ZHS","playtime":93,"items_purged":[],"score":40,"play_id":"f91dba69-42f7-487b-bb59-bef062f90f69","local_time":"20210204154921","is_ascension_mode":true,"campfire_choices":[],"circlet_count":0,"master_deck":["Strike_R","Strike_R","Strike_R","Strike_R","Strike_R","Defend_R","Defend_R","Defend_R","Defend_R","Bash","hubris:ReadiedAction","hubris:ReadiedAction"],"relics":["Burning Blood","NeowsBlessing","PrismaticShard"],"acts_visited":["Exordium"],"potions_floor_usage":[],"damage_taken":[{"damage":0.0,"enemies":"Cultist","floor":1.0,"turns":1.0},{"damage":0.0,"enemies":"2 Louse","floor":2.0,"turns":1.0},{"damage":0.0,"enemies":"Small Slimes","floor":3.0,"turns":1.0},{"damage":13.0,"enemies":"Red Slaver","floor":4.0,"turns":4.0},{"damage":0,"enemies":"3 Sentries","floor":6,"turns":1}],"seed_played":"5771268410665344488","potions_obtained":[{"floor":2.0,"key":"SteroidPotion"},{"floor":4.0,"key":"Elixir"}],"is_trial":false,"path_per_floor":["M","M","M","M","$","E"],"character_chosen":"IRONCLAD","items_purchased":["PrismaticShard"],"campfire_rested":0,"item_purchase_floors":[5],"current_hp_per_floor":[80,80,80,73,73,73,73],"gold":8,"neow_bonus":"THREE_ENEMY_KILL","is_daily":false,"chose_seed":false,"campfire_upgraded":0,"win_rate":0.0,"timestamp":1612424961,"path_taken":["M","M","M","?","$","E"],"items_purchased_type":["Relic"],"build_version":"2020-12-22","purchased_purges":0,"victory":false,"max_hp_per_floor":[80,80,80,80,80,80,80],"relic_stats":{"counters":[5,7],"obtain_stats":[{"NeowsBlessing":0,"PrismaticShard":5,"Burning Blood":0},{"NeowsBlessing":0,"PrismaticShard":4,"Burning Blood":0},{"NeowsBlessing":0,"PrismaticShard":7,"Burning Blood":0}],"Burning Blood":6},"card_choices":[{"not_picked":["Heavy Blade","Feel No Pain","Twin Strike"],"picked":"SKIP","floor":1.0},{"not_picked":["Carnage","ReplayTheSpireMod:Stacked"],"picked":"hubris:ReadiedAction","floor":2.0},{"not_picked":["Reckless Charge","Havoc","Run Through"],"picked":"SKIP","floor":3.0},{"not_picked":["Twin Strike","Cleave"],"picked":"hubris:ReadiedAction","floor":4.0}],"player_experience":245735,"relics_obtained":[],"event_choices":[],"is_beta":false,"boss_relics":[],"items_purged_floors":[],"is_endless":false,"potions_floor_spawned":[2,4],"killed_by":"3 Sentries","ascension_level":1}}