{"host":"mi0eibewekhugwl1","time":1612446665,"event":{"mods":["AchievementEnabler","BaseMod","Colored Map","Colored Powertips","DeckTracker","Keyboard Shortcuts","Minty Spire (QoL Compilation)","Quick Restart","Rare Cards Sparkle","Relic Stats","StSLib","SuperFastMode","everything is the same but u backflip on backflip"],"gold_per_floor":[211,19,33,43,58,78,78,78,130,165,165,165,191,201,201,273,273,284,296,296,296],"floor_reached":20,"language":"KOR","playtime":485,"items_purged":[],"score":422,"play_id":"bfacb8fd-3fa9-48be-8c95-400208dac1af","local_time":"20210204225105","is_ascension_mode":true,"campfire_choices":[{"data":"Dash","floor":7,"key":"SMITH"},{"data":"Calculated Gamble","floor":11,"key":"SMITH"},{"data":"Noxious Fumes","floor":15,"key":"SMITH"}],"circlet_count":0,"master_deck":["AscendersBane","Strike_G","Strike_G","Strike_G","Strike_G","Defend_G","Defend_G","Defend_G","Defend_G","Defend_G","Survivor","Neutralize","Dash+1","Poisoned Stab","Dagger Throw","Calculated Gamble+1","Tactician","Footwork","Noxious Fumes+1","Venomology","Backflip"],"relics":["Ring of the Snake","Omamori","PreservedInsect","Letter Opener","Smiling Mask","Calling Bell","Ancient Tea Set","Darkstone Periapt","Ice Cream"],"acts_visited":["Exordium","TheCity"],"potions_floor_usage":[5,10,18,19,20],"damage_taken":[{"damage":0,"enemies":"Jaw Worm","floor":1,"turns":6},{"damage":0,"enemies":"Cultist","floor":3,"turns":5},{"damage":0,"enemies":"Small Slimes","floor":4,"turns":3},{"damage":0,"enemies":"2 Fungi Beasts","floor":5,"turns":3},{"damage":2,"enemies":"Exordium Wildlife","floor":6,"turns":4},{"damage":0,"enemies":"Gremlin Nob","floor":10,"turns":3},{"damage":11,"enemies":"3 Sentries","floor":13,"turns":8},{"damage":0,"enemies":"Large Slime","floor":14,"turns":6},{"damage":34,"enemies":"The Guardian","floor":16,"turns":13},{"damage":12,"enemies":"Shell Parasite","floor":18,"turns":7},{"damage":26,"enemies":"3 Byrds","floor":19,"turns":4},{"damage":33,"enemies":"Centurion and Healer","floor":20,"turns":6}],"seed_played":"-3474867014354062181","potions_obtained":[{"floor":1,"key":"SteroidPotion"},{"floor":4,"key":"Weak Potion"},{"floor":5,"key":"CunningPotion"},{"floor":16,"key":"DistilledChaos"}],"is_trial":false,"path_per_floor":["M","$","M","M","M","M","R","?","T","E","R","?","E","M","R","B",null,"M","M","M"],"character_chosen":"THE_SILENT","items_purchased":["Omamori","Poisoned Stab"],"campfire_rested":0,"item_purchase_floors":[2,2],"current_hp_per_floor":[59,59,59,59,59,57,57,62,62,62,62,62,51,51,51,17,58,46,20,0,0],"gold":296,"neow_bonus":"HUNDRED_GOLD","is_daily":false,"chose_seed":false,"campfire_upgraded":3,"win_rate":0.0,"timestamp":1612446665,"path_taken":["M","$","M","M","M","M","R","?","T","E","R","?","E","M","R","BOSS","M","?","M"],"items_purchased_type":["Relic","Card"],"build_version":"2020-12-22","purchased_purges":0,"victory":false,"max_hp_per_floor":[66,66,66,66,66,66,66,71,71,71,71,71,71,71,71,71,71,71,71,71,71],"relic_stats":{"Darkstone Periapt":0,"counters":[12,68],"PreservedInsect":56,"Letter Opener":[40],"Smiling Mask":0,"obtain_stats":[{"Calling Bell":17,"Darkstone Periapt":17,"Ice Cream":17,"PreservedInsect":9,"Omamori":2,"Letter Opener":10,"Smiling Mask":13,"Ancient Tea Set":17,"Ring of the Snake":0},{"Calling Bell":9,"Darkstone Periapt":9,"Ice Cream":9,"PreservedInsect":5,"Omamori":1,"Letter Opener":6,"Smiling Mask":7,"Ancient Tea Set":9,"Ring of the Snake":0},{"Calling Bell":51,"Darkstone Periapt":51,"Ice Cream":51,"PreservedInsect":21,"Omamori":6,"Letter Opener":24,"Smiling Mask":32,"Ancient Tea Set":51,"Ring of the Snake":0}],"Ring of the Snake":[24]},"card_choices":[{"not_picked":["Expertise","PiercingWail"],"picked":"Dash","floor":1},{"not_picked":["Cloak And Dagger","Dash","Distraction"],"picked":"SKIP","floor":3},{"not_picked":["PiercingWail","Prepared"],"picked":"Dagger Throw","floor":4},{"not_picked":["All Out Attack","Poisoned Stab"],"picked":"Calculated Gamble","floor":5},{"not_picked":["Outmaneuver","Finisher","Poisoned Stab"],"picked":"SKIP","floor":6},{"not_picked":["Poisoned Stab","Endless Agony"],"picked":"Tactician","floor":10},{"not_picked":["Underhanded Strike","Expertise"],"picked":"Footwork","floor":13},{"not_picked":["Heel Hook","Dagger Throw"],"picked":"Noxious Fumes","floor":14},{"not_picked":["Night Terror","Envenom"],"picked":"Venomology","floor":16},{"not_picked":["Dash","Acrobatics"],"picked":"Backflip","floor":18},{"not_picked":["Infinite Blades","Flying Knee","Skewer"],"picked":"SKIP","floor":19}],"player_experience":1785358,"relics_obtained":[{"floor":9,"key":"PreservedInsect"},{"floor":10,"key":"Letter Opener"},{"floor":13,"key":"Smiling Mask"},{"floor":17,"key":"Ancient Tea Set"},{"floor":17,"key":"Darkstone Periapt"},{"floor":17,"key":"Ice Cream"}],"event_choices":[{"damage_healed":0,"gold_gain":0,"player_choice":"Donut","damage_taken":0,"max_hp_gain":5,"max_hp_loss":0,"event_name":"Big Fish","floor":8,"gold_loss":0},{"cards_removed":["Strike_G"],"damage_healed":0,"gold_gain":0,"player_choice":"Offered Basic","damage_taken":0,"max_hp_gain":0,"max_hp_loss":0,"event_name":"Bonfire Elementals","floor":12,"gold_loss":0}],"is_beta":false,"boss_relics":[{"not_picked":["Empty Cage","Fusion Hammer"],"picked":"Calling Bell"}],"items_purged_floors":[],"is_endless":false,"potions_floor_spawned":[1,4,5,16],"killed_by":"Centurion and Healer","ascension_level":20}}