{"host":"xgnmnr8f8w1a0eo3","time":1612414657,"event":{"mods":["BaseMod","Downfall","Highlight Path","Minty Spire (QoL Compilation)","Permanent Neow","Relic Stats","StSLib","everything is the same but u backflip on backflip"],"gold_per_floor":[0,15,15,33,133,163,163,163,198,217,217,228,228,257,275,379,379,379,395,395,83,99,113,113,128,128,146,146,146,146],"floor_reached":28,"language":"ENG","playtime":2019,"items_purged":["downfall:Malfunctioning"],"score":252,"play_id":"1838494a-aa86-4583-8e19-1b127d6d3f45","local_time":"20210203205737","is_ascension_mode":true,"campfire_choices":[{"data":"sneckomod:TailWhip","floor":1.0,"key":"SMITH"},{"floor":11.0,"key":"REST"},{"data":"sneckomod:Mudshield","floor":18.0,"key":"SMITH"},{"floor":26.0,"key":"REST"}],"circlet_count":0,"master_deck":["sneckomod:Strike","sneckomod:Strike+1","sneckomod:Defend","sneckomod:Defend","sneckomod:TailWhip+1","sneckomod:SnekBite","sneckomod:Unknown","sneckomod:Unknown+1","sneckomod:SlitherStrike","sneckomod:UnknownCommonAttack","sneckomod:UnknownDexterity+1","sneckomod:UnknownStrike","sneckomod:UnknownBlock","sneckomod:UnknownStrike","sneckomod:QuickMove","sneckomod:Unknown0Cost","sneckomod:Mudshield+1","sneckomod:Rotation+1","sneckomod:UnknownBlock","sneckomod:CheapStock","sneckomod:QuickMove","sneckomod:UnknownStrength","sneckomod:CheapStock+1"],"relics":["sneckomod:SneckoSoul","Mummified Hand","Art of War","Turnip","Shuriken","HornCleat","Happy Flower","Black Star","Membership Card","Bronze Scales","Bird Faced Urn"],"acts_visited":["Exordium","TheCity"],"potions_floor_usage":[28],"damage_taken":[{"damage":3.0,"enemies":"Jaw Worm","floor":2.0,"turns":2.0},{"damage":0.0,"enemies":"Small Slimes","floor":4.0,"turns":2.0},{"damage":17.0,"enemies":"3 Sentries","floor":6.0,"turns":5.0},{"damage":10.0,"enemies":"Gremlin Nob","floor":9.0,"turns":3.0},{"damage":0.0,"enemies":"2 Louse","floor":10.0,"turns":1.0},{"damage":19.0,"enemies":"Blue Slaver","floor":12.0,"turns":3.0},{"damage":2.0,"enemies":"3 Sentries","floor":14.0,"turns":3.0},{"damage":0.0,"enemies":"2 Fungi Beasts","floor":15.0,"turns":3.0},{"damage":46.0,"enemies":"IC_STATUS_ARCHETYPE","floor":16.0,"turns":9.0},{"damage":33.0,"enemies":"3 Byrds","floor":19.0,"turns":8.0},{"damage":0.0,"enemies":"downfall:FleeingMerchant","floor":21.0,"turns":4.0},{"damage":45.0,"enemies":"Cultist and Chosen","floor":22.0,"turns":5.0},{"damage":5.0,"enemies":"Centurion and Healer","floor":23.0,"turns":7.0},{"damage":21.0,"enemies":"Snake Plant","floor":25.0,"turns":3.0},{"damage":13.0,"enemies":"Chosen and Byrds","floor":27.0,"turns":4.0},{"damage":48,"enemies":"Slavers","floor":28,"turns":3}],"seed_played":"-2866983070962379995","potions_obtained":[{"floor":4.0,"key":"CultistPotion"},{"floor":6.0,"key":"GamblersBrew"},{"floor":9.0,"key":"hexamod:SoulburnPotion"},{"floor":15.0,"key":"DistilledChaos"},{"floor":16.0,"key":"Swift Potion"},{"floor":19.0,"key":"FairyPotion"},{"floor":27.0,"key":"SneckoOil"}],"is_trial":false,"path_per_floor":["R","M","?","M","?","E","T","?","E","M","R","M","T","E","M","B",null,"R","M","?","$","M","M","T","M","R","M","E"],"character_chosen":"THE_SNECKO","items_purchased":["Membership Card","sneckomod:CheapStock","Bronze Scales"],"campfire_rested":2,"item_purchase_floors":[21,21,21],"current_hp_per_floor":[90,87,75,75,75,58,58,58,48,48,75,56,56,54,54,8,90,90,57,57,57,12,7,7,20,47,38,0,0,0],"gold":146,"neow_bonus":"REMOVE_TWO","is_daily":false,"chose_seed":false,"campfire_upgraded":2,"win_rate":0.0,"timestamp":1612414657,"path_taken":["R","M","?","M","?","E","T","?","E","?","R","M","?","E","M","BOSS","R","M","?","?","M","M","T","M","R","M","E"],"items_purchased_type":["Relic","Card","Relic"],"build_version":"2020-12-22","purchased_purges":1,"victory":false,"max_hp_per_floor":[90,90,90,90,90,90,90,90,90,90,90,90,90,90,90,90,90,90,90,90,90,90,90,90,90,90,90,90,90,90],"relic_stats":{"Happy Flower":[15],"counters":[16,65],"Mummified Hand":[26],"Shuriken":[19],"Bronze Scales":[83],"Bird Faced Urn":[10],"Turnip":[6],"Art of War":[2],"Black Star":0,"obtain_stats":[{"HornCleat":13,"Happy Flower":14,"Mummified Hand":3,"Shuriken":9,"Bronze Scales":21,"Bird Faced Urn":24,"Turnip":7,"Art of War":6,"Black Star":17,"Membership Card":21,"sneckomod:SneckoSoul":0},{"HornCleat":6,"Happy Flower":7,"Mummified Hand":1,"Shuriken":4,"Bronze Scales":11,"Bird Faced Urn":13,"Turnip":3,"Art of War":3,"Black Star":9,"Membership Card":11,"sneckomod:SneckoSoul":0},{"HornCleat":16,"Happy Flower":19,"Mummified Hand":2,"Shuriken":12,"Bronze Scales":43,"Bird Faced Urn":55,"Turnip":9,"Art of War":9,"Black Star":31,"Membership Card":43,"sneckomod:SneckoSoul":0}]},"card_choices":[{"not_picked":["sneckomod:QuickBite","sneckomod:DiceBlock"],"picked":"sneckomod:SlitherStrike","floor":2.0},{"not_picked":["sneckomod:WideSting","sneckomod:UnknownExhaust"],"picked":"sneckomod:UnknownCommonAttack","floor":4.0},{"not_picked":["sneckomod:Cheat","sneckomod:SoulCleanse"],"picked":"sneckomod:UnknownDexterity","floor":6.0},{"not_picked":["sneckomod:Nope","sneckomod:UnknownDexterity"],"picked":"sneckomod:UnknownStrike","floor":9.0},{"not_picked":["sneckomod:SoulRoll","sneckomod:WideSting"],"picked":"sneckomod:UnknownBlock","floor":10.0},{"not_picked":["sneckomod:Unknown2Cost","sneckomod:Unknown1Cost"],"picked":"sneckomod:UnknownStrike","floor":12.0},{"not_picked":["sneckomod:UnknownDraw","sneckomod:UnknownCommonSkill"],"picked":"sneckomod:QuickMove","floor":14.0},{"not_picked":["sneckomod:Unknown2Cost","sneckomod:RainOfDice"],"picked":"sneckomod:Unknown0Cost","floor":15.0},{"not_picked":["sneckomod:Restock","sneckomod:MorePower"],"picked":"sneckomod:Mudshield","floor":16.0},{"not_picked":["sneckomod:SoulDraw+1","sneckomod:Unknown1Cost+1"],"picked":"sneckomod:Rotation+1","floor":19.0},{"not_picked":["sneckomod:DiceBoulder+1","sneckomod:IronFang"],"picked":"sneckomod:UnknownBlock","floor":21.0},{"not_picked":["sneckomod:RainOfDice","sneckomod:ImprovisedAttack"],"picked":"sneckomod:QuickMove","floor":22.0},{"not_picked":["sneckomod:SerpentIdol","sneckomod:PureSnecko","sneckomod:RainOfDice"],"picked":"SKIP","floor":23.0},{"not_picked":["sneckomod:DiceBlock","sneckomod:RainOfDice"],"picked":"sneckomod:UnknownStrength","floor":25.0},{"not_picked":["sneckomod:RainOfDice","sneckomod:SoulCleanse+1"],"picked":"sneckomod:CheapStock+1","floor":27.0}],"player_experience":1208532,"relics_obtained":[{"floor":6.0,"key":"Art of War"},{"floor":7.0,"key":"Turnip"},{"floor":9.0,"key":"Shuriken"},{"floor":13.0,"key":"HornCleat"},{"floor":14.0,"key":"Happy Flower"},{"floor":24.0,"key":"Bird Faced Urn"}],"event_choices":[{"damage_healed":0.0,"max_hp_gain":0.0,"max_hp_loss":0.0,"gold_gain":0.0,"event_name":"Scrap Ooze","player_choice":"Success","floor":3.0,"gold_loss":0.0,"damage_taken":12.0,"relics_obtained":["Mummified Hand"]},{"damage_healed":0.0,"max_hp_gain":0.0,"max_hp_loss":0.0,"gold_gain":0.0,"event_name":"Vampires","player_choice":"Ignored","floor":20.0,"gold_loss":0.0,"damage_taken":0.0}],"is_beta":false,"boss_relics":[{"not_picked":["Cursed Key","Calling Bell"],"picked":"Black Star"}],"items_purged_floors":[21],"is_endless":false,"potions_floor_spawned":[4,6,9,15,16,19,23,27],"killed_by":"Slavers","ascension_level":1}}