{"host":"9ndbo4kgsfoemf7y","time":1612433548,"event":{"mods":["AchievementEnabler","BaseMod","Colored Map","DeckTracker","Keyboard Shortcuts","Minty Spire (QoL Compilation)","Permanent Neow","Quick Restart","Relic Stats","StSLib","SuperFastMode"],"gold_per_floor":[119,136,155,173,192,226,242,242,242,242,273,273,292,292,292],"floor_reached":14,"language":"KOR","playtime":395,"items_purged":[],"score":151,"play_id":"248c9388-dbbd-4177-947e-b5c90e2bd917","local_time":"20210204191228","is_ascension_mode":true,"campfire_choices":[{"floor":10,"key":"REST"},{"data":"Apotheosis","floor":12,"key":"SMITH"}],"circlet_count":0,"master_deck":["Strike_B","Strike_B","Strike_B","Strike_B","Defend_B","Defend_B","Defend_B","Defend_B","Zap","Dualcast","Apotheosis+1","Glacier","Loop","Beam Cell","Defragment","Double Energy","White Noise","Seek"],"relics":["Cracked Core","Lantern","Darkstone Periapt","Omamori"],"acts_visited":["Exordium"],"potions_floor_usage":[11],"damage_taken":[{"damage":7.0,"enemies":"Jaw Worm","floor":1.0,"turns":4.0},{"damage":6.0,"enemies":"Small Slimes","floor":2.0,"turns":4.0},{"damage":0.0,"enemies":"2 Louse","floor":3.0,"turns":4.0},{"damage":0.0,"enemies":"Large Slime","floor":4.0,"turns":4.0},{"damage":21.0,"enemies":"Lots of Slimes","floor":5.0,"turns":4.0},{"damage":26.0,"enemies":"Gremlin Nob","floor":6.0,"turns":4.0},{"damage":0.0,"enemies":"Looter","floor":7.0,"turns":4.0},{"damage":1,"enemies":"Lagavulin","floor":11,"turns":5},{"damage":13,"enemies":"3 Louse","floor":13,"turns":5},{"damage":18,"enemies":"Gremlin Nob","floor":14,"turns":3}],"seed_played":"7944378708674051590","potions_obtained":[{"floor":3.0,"key":"DuplicationPotion"},{"floor":5.0,"key":"LiquidBronze"},{"floor":7.0,"key":"AttackPotion"}],"is_trial":false,"path_per_floor":["M","M","M","M","M","E","M","?","T","R","E","R","M","E"],"character_chosen":"DEFECT","items_purchased":[],"campfire_rested":1,"item_purchase_floors":[],"current_hp_per_floor":[61,55,55,55,34,8,8,8,8,28,27,27,14,0,0],"gold":292,"neow_bonus":"RANDOM_COLORLESS_2","is_daily":false,"chose_seed":false,"campfire_upgraded":1,"win_rate":0.0,"timestamp":1612433548,"path_taken":["M","M","M","M","M","E","M","?","T","R","E","R","M","E"],"items_purchased_type":[],"build_version":"2020-12-22","purchased_purges":0,"victory":false,"max_hp_per_floor":[68,68,68,68,68,68,68,68,68,68,68,68,68,68,68],"relic_stats":{"Darkstone Periapt":0,"counters":[10,39],"obtain_stats":[{"Darkstone Periapt":9,"Lantern":6,"Omamori":11,"Cracked Core":0},{"Darkstone Periapt":7,"Lantern":6,"Omamori":8,"Cracked Core":0},{"Darkstone Periapt":26,"Lantern":23,"Omamori":31,"Cracked Core":0}]},"card_choices":[{"not_picked":["Panache","Sadistic Nature"],"picked":"Apotheosis","floor":0.0},{"not_picked":["Stack","Static Discharge"],"picked":"Glacier","floor":1.0},{"not_picked":["Steam Power","Conserve Battery"],"picked":"Loop","floor":2.0},{"not_picked":["BootSequence","Conserve Battery"],"picked":"Beam Cell","floor":3.0},{"not_picked":["Static Discharge","Streamline"],"picked":"Defragment","floor":4.0},{"not_picked":["Compile Driver","Leap"],"picked":"Double Energy","floor":5.0},{"not_picked":["Streamline","Aggregate","Heatsinks"],"picked":"SKIP","floor":6.0},{"not_picked":["Gash","Rip and Tear"],"picked":"White Noise","floor":7.0},{"not_picked":["Streamline","FTL"],"picked":"Seek","floor":11},{"not_picked":["Leap","Beam Cell","Storm"],"picked":"SKIP","floor":13}],"player_experience":856319,"relics_obtained":[{"floor":6.0,"key":"Lantern"},{"floor":9,"key":"Darkstone Periapt"},{"floor":11,"key":"Omamori"}],"event_choices":[{"damage_healed":0,"gold_gain":0,"player_choice":"Fled","damage_taken":0,"max_hp_gain":0,"max_hp_loss":0,"event_name":"Scrap Ooze","floor":8,"gold_loss":0}],"is_beta":false,"boss_relics":[],"items_purged_floors":[],"is_endless":false,"potions_floor_spawned":[3,5,7],"killed_by":"Gremlin Nob","ascension_level":9}}