{"host":"roto7j7840a50pxh","time":1612447931,"event":{"mods":["Act Like it!","BaseMod","Better Altar","Better Note","Better Sensory Stone","Better Skull","Better Third Choice","BetterRewards","Colored Map","Colored Powertips","Downfall","Elementarium","Hermit","Highlight Path","Hubris","Infinite Spire","Minty Spire (QoL Compilation)","Replay The Spire","Shade Mod","Spicy Shops","StSLib","The Construct","The Hierophant","The Jungle","The Necromancer"],"gold_per_floor":[99,99,99,99,99,99,99,99,34,34,63,74,74,101,114,214,214,214,229,229,63,63,63,63,96,96,109,9,9,9,9,26,126,126,126,146,164,214,228,238,238,138,138,1,1,27,97,111,125,125],"floor_reached":51,"language":"ENG","playtime":5885,"items_purged":[],"score":834,"play_id":"45608273-bba3-4f72-9898-b52143066895","local_time":"20210204091211","is_ascension_mode":true,"campfire_choices":[{"data":"bronze:Flail","floor":6.0,"key":"SMITH"},{"data":"bronze:Repair","floor":8.0,"key":"SMITH"},{"data":"bronze:Separator","floor":10.0,"key":"SMITH"},{"data":"bronze:Mutator","floor":26.0,"key":"SMITH"},{"data":"infinitespire:TheBestDefense","floor":28.0,"key":"SMITH"},{"data":"bronze:BuggyMess","floor":30.0,"key":"SMITH"},{"floor":35.0,"key":"RECALL"},{"floor":42.0,"key":"REST"},{"floor":45.0,"key":"REST"}],"circlet_count":0,"master_deck":["bronze:Strike","bronze:Strike","bronze:Defend","bronze:Defend","bronze:Defend","bronze:Defend","bronze:Replicate","bronze:Goto","BootSequence","bronze:Repair+1","bronze:Overheat+1","bronze:Separator+1","bronze:Flail+1","bronze:BuggyMess+1","bronze:DelayedSlice","bronze:Frontload","bronze:Overheat","bronze:Mutator+1","bronze:BugBarrage","bronze:Break","bronze:Shield+1","champ:HoldFirm","bronze:WhirlingStrike","infinitespire:TheBestDefense+1","bronze:BronzeArmor","bronze:BugBarrage+1","bronze:BugBarrage","bronze:Library","bronze:Boost","bronze:DelayedSlice+1","bronze:ChildClass","bronze:FineTuning+1","bronze:ChildClass","AscendersBane","bronze:Repair","bronze:Return+1","bronze:InfiniteLoop","bronze:Library","bronze:ItsAFeature+1","bronze:BitShift","bronze:OilSpill"],"relics":["bronze:BronzeCore","downfall:HeartsMalice","Omamori","champ:DeflectingBracers","Quantum Egg","hubris:CrystalStatue","Replay:Fungal Core","Membership Card","Bird Faced Urn","hubris:ToyBattleship","downfall:HeartBlessingBlue","sneckomod:BabySnecko","WarpedTongs","Fusion Hammer","Unceasing Top","Replay:Wax Seal","downfall:HeartBlessingRed","Guardian:PocketSentry","Frozen Egg 2"],"acts_visited":["Exordium","TheCity","TheBeyond"],"potions_floor_usage":[46,50],"damage_taken":[{"damage":0.0,"enemies":"Jaw Worm","floor":2.0,"turns":1.0},{"damage":0.0,"enemies":"Cultist","floor":3.0,"turns":1.0},{"damage":0.0,"enemies":"Small Slimes","floor":5.0,"turns":1.0},{"damage":0.0,"enemies":"downfall:FleeingMerchant","floor":9.0,"turns":4.0},{"damage":32.0,"enemies":"Gremlin Nob","floor":11.0,"turns":4.0},{"damage":0.0,"enemies":"Blue Slaver","floor":12.0,"turns":2.0},{"damage":17.0,"enemies":"3 Sentries","floor":14.0,"turns":7.0},{"damage":0.0,"enemies":"Large Slime","floor":15.0,"turns":3.0},{"damage":28.0,"enemies":"IC_STATUS_ARCHETYPE","floor":16.0,"turns":6.0},{"damage":7.0,"enemies":"Shell Parasite","floor":19.0,"turns":3.0},{"damage":8.0,"enemies":"downfall:FleeingMerchant","floor":21.0,"turns":4.0},{"damage":22.0,"enemies":"Nightmare","floor":25.0,"turns":12.0},{"damage":0.0,"enemies":"Centurion and Healer","floor":27.0,"turns":4.0},{"damage":0.0,"enemies":"3 Cultists","floor":32.0,"turns":4.0},{"damage":55.0,"enemies":"SI_MIRROR_ARCHETYPE","floor":33.0,"turns":10.0},{"damage":8.0,"enemies":"3 Darklings","floor":36.0,"turns":3.0},{"damage":2.0,"enemies":"3 Shapes","floor":37.0,"turns":3.0},{"damage":0.0,"enemies":"3 Shapes","floor":38.0,"turns":4.0},{"damage":6.0,"enemies":"Spire Growth","floor":39.0,"turns":4.0},{"damage":1.0,"enemies":"Sphere and 2 Shapes","floor":40.0,"turns":4.0},{"damage":4.0,"enemies":"downfall:FleeingMerchant","floor":44.0,"turns":4.0},{"damage":39,"enemies":"Nightmare","floor":46,"turns":10},{"damage":0,"enemies":"Writhing Mass","floor":48,"turns":5},{"damage":10,"enemies":"Transient","floor":49,"turns":5},{"damage":35,"enemies":"WA_ARCHETYPE_DIVINITY","floor":50,"turns":14}],"seed_played":"-1690395234296843840","potions_obtained":[{"floor":11.0,"key":"SteroidPotion"},{"floor":12.0,"key":"FearPotion"},{"floor":15.0,"key":"Ancient Potion"},{"floor":16.0,"key":"bronze:BurnAndBuffPotion"},{"floor":25.0,"key":"Explosive Potion"},{"floor":27.0,"key":"Strength Potion"},{"floor":32.0,"key":"Adrenaline Potion"},{"floor":36.0,"key":"Dexterity Potion"},{"floor":38.0,"key":"Guardian:BlockOnCardUsePotion"},{"floor":46,"key":"Energy Potion"}],"is_trial":false,"path_per_floor":["R_BF","M","M","?","M","R","T","R","$","R","E","M","?","E","M","B",null,"R_BF","M","?","$","?","AVR","T","NM","R","M","R","?","R","?","M","B",null,"R","M","M","?","M","M","T","R","?","$","R","NM","T","M","M","B",null],"character_chosen":"THE_AUTOMATON","items_purchased":["bronze:DelayedSlice","Membership Card","bronze:InfiniteLoop","bronze:Library"],"campfire_rested":2,"item_purchase_floors":[9,21,44,44],"current_hp_per_floor":[61,61,61,61,61,61,61,61,70,70,38,48,48,41,41,23,58,70,63,63,62,62,62,62,50,50,60,70,70,70,70,80,34,69,69,61,71,71,75,78,78,80,80,80,80,57,57,71,74,69],"gold":125,"neow_bonus":"THREE_ENEMY_KILL","is_daily":false,"chose_seed":false,"campfire_upgraded":6,"win_rate":0.0,"timestamp":1612447931,"path_taken":["R_BF","M","M","?","M","R","T","R","$","R","E","M","?","E","M","BOSS","R_BF","M","?","$","?","AVR","T","NM","R","M","R","?","R","?","M","BOSS","R","M","M","?","M","M","T","R","?","?","R","NM","?","?","M","BOSS"],"items_purchased_type":["Card","Relic","Card","Card"],"build_version":"2020-12-22","purchased_purges":0,"victory":true,"max_hp_per_floor":[70,70,70,70,70,70,70,70,70,70,70,70,70,70,70,70,70,70,70,70,70,70,70,70,70,70,70,80,80,80,80,80,80,80,80,80,80,80,80,80,80,80,80,80,80,80,80,80,80,80],"card_choices":[{"not_picked":["bronze:WildBeam","bronze:Iterate"],"picked":"bronze:Repair","floor":2.0},{"not_picked":["bronze:FineTuning","bronze:Turbo"],"picked":"bronze:Overheat","floor":3.0},{"not_picked":["bronze:DelayedSlice","bronze:Terminator"],"picked":"bronze:Flail","floor":5.0},{"not_picked":["bronze:Iterate","bronze:Virus"],"picked":"bronze:BuggyMess","floor":9.0},{"not_picked":["bronze:FineTuning","bronze:CloningBeam"],"picked":"bronze:Frontload","floor":11.0},{"not_picked":["bronze:Frontload","bronze:MaxOutput"],"picked":"bronze:Overheat","floor":12.0},{"not_picked":["bronze:Invalidate","bronze:ForLoop"],"picked":"bronze:Mutator","floor":14.0},{"not_picked":["bronze:CutThrough","bronze:Turbo"],"picked":"bronze:BugBarrage","floor":15.0},{"not_picked":["bronze:Assembly","bronze:Mutator"],"picked":"bronze:Break","floor":16.0},{"not_picked":["bronze:CutThrough+1","bronze:Turbo"],"picked":"bronze:Shield+1","floor":19.0},{"not_picked":["bronze:ForceShield","bronze:BuggyMess"],"picked":"bronze:WhirlingStrike","floor":21.0},{"not_picked":["bronze:FineTuning","bronze:DelayedGuard"],"picked":"bronze:BronzeArmor","floor":25.0},{"not_picked":["bronze:WhirlingStrike","bronze:ForceShield"],"picked":"bronze:BugBarrage+1","floor":27.0},{"not_picked":["bronze:MaxOutput","bronze:OilSpill"],"picked":"bronze:BugBarrage","floor":32.0},{"not_picked":["bronze:SpaghettiCode","bronze:CleanCode"],"picked":"bronze:Library","floor":33.0},{"not_picked":["bronze:CutThrough+1","bronze:DelayedGuard+1"],"picked":"bronze:Boost","floor":36.0},{"not_picked":["bronze:Terminator","bronze:DarkDash"],"picked":"bronze:DelayedSlice+1","floor":37.0},{"not_picked":["bronze:WildBeam+1","bronze:CutThrough+1"],"picked":"bronze:ChildClass","floor":38.0},{"not_picked":["bronze:WhirlingStrike","bronze:Overheat+1"],"picked":"bronze:FineTuning+1","floor":39.0},{"not_picked":["bronze:ForLoop","bronze:WhirlingStrike"],"picked":"bronze:ChildClass","floor":40.0},{"not_picked":["bronze:Deprecate","bronze:Shield+1"],"picked":"bronze:Return+1","floor":44.0},{"not_picked":["bronze:Format","bronze:Repulsor+1"],"picked":"bronze:ItsAFeature+1","floor":46},{"not_picked":["bronze:Deprecate","bronze:ForceShield+1"],"picked":"bronze:BitShift","floor":48},{"not_picked":["bronze:Constructor","bronze:Overheat"],"picked":"bronze:OilSpill","floor":49}],"player_experience":1577403,"relics_obtained":[{"floor":7.0,"key":"champ:DeflectingBracers"},{"floor":11.0,"key":"Quantum Egg"},{"floor":14.0,"key":"hubris:CrystalStatue"},{"floor":25.0,"key":"hubris:ToyBattleship"},{"floor":38.0,"key":"Unceasing Top"},{"floor":41.0,"key":"Replay:Wax Seal"},{"floor":46,"key":"Guardian:PocketSentry"},{"floor":47,"key":"Frozen Egg 2"}],"event_choices":[{"cards_removed":["bronze:Mutator"],"damage_healed":0.0,"max_hp_gain":0.0,"max_hp_loss":0.0,"gold_gain":0.0,"event_name":"betterNote:BetterNote","player_choice":"Take \u0026 Give","floor":20.0,"gold_loss":0.0,"damage_taken":0.0,"cards_obtained":["champ:HoldFirm"]},{"damage_healed":0.0,"max_hp_gain":0.0,"max_hp_loss":0.0,"gold_gain":0.0,"event_name":"Vampires","player_choice":"Ignored","floor":22.0,"gold_loss":0.0,"damage_taken":0.0},{"damage_healed":0.0,"max_hp_gain":0.0,"max_hp_loss":0.0,"gold_gain":3.0,"event_name":"betterStone:BetterStone","player_choice":"3","floor":43.0,"gold_loss":0.0,"damage_taken":0.0,"cards_obtained":["bronze:Repair"]}],"is_beta":false,"boss_relics":[{"not_picked":["Busted Crown","construct:WeddingRing"],"picked":"Replay:Fungal Core"},{"not_picked":["Sozu","Cursed Key"],"picked":"Fusion Hammer"}],"items_purged_floors":[],"is_endless":false,"potions_floor_spawned":[11,12,15,16,25,27,32,36,38,46],"ascension_level":5}}