{"host":"yb8bkkdvr1qiclnk","time":1612403665,"event":{"mods":["BaseMod","Colored Map","Colored Powertips","DeckTracker","Downfall","Faster Ascension Climbing","Highlight Path","Jorbs\u0027s Wanderer Trilogy","Minty Spire (QoL Compilation)","Quick Restart","Relic Stats","StSLib","UnlockEverythingMod"],"gold_per_floor":[99,115,127,138,153,24,24,124,24,57,57,157,184,184,195,296,346,246,260,279,297,61,61,130,185,185,238,31,31,84,137,156,251,251,251,251,251,305,305,395,395,395,427,341,400,455,522,422,432,432,432,432,432,432],"floor_reached":52,"language":"ENG","playtime":6588,"items_purged":["hexamod:Defend","downfall:Malfunctioning","hexamod:Strike"],"score":824,"play_id":"62e78079-fbcf-4b1b-ae02-b85e86d50afc","local_time":"20210203205425","is_ascension_mode":false,"campfire_choices":[{"data":"hexamod:Float","floor":1,"key":"SMITH"},{"floor":9,"key":"RECALL"},{"floor":18,"key":"DIG"},{"floor":26,"key":"REST"},{"floor":29,"key":"REST"},{"data":"hexamod:ForkedFlame","floor":35,"key":"SMITH"},{"data":"hexamod:RainOfEmbers","floor":42,"key":"SMITH"},{"floor":48,"key":"REST"}],"circlet_count":0,"master_deck":["hexamod:Strike+1","hexamod:Strike+1","hexamod:Defend+1","hexamod:Defend+1","hexamod:Sear+1","hexamod:Float+1","hexamod:ThermalTransfer+1","hexamod:InspiringFlames","hexamod:GhostOfSpireFuture","hexamod:PhantomCloak","hexamod:BacktrackSmack","hexamod:DynamicBlow","hexamod:EmpoweredFlame+1","hexamod:BurningTouch+1","hexamod:NightmareGuise","hexamod:Hexaguard+1","hexamod:BacktrackSmack","hexamod:GhostOfSpirePresent","hexamod:BurningTouch","hexamod:SpectersWail","hexamod:Hexaguard+1","hexamod:TimeOfNeed+1","hexamod:ForkedFlame+1","hexamod:RainOfEmbers+1","hexamod:GhostOfSpireFuture+1","hexamod:SoulSteal+1","hexamod:SixthSeal","hexamod:HeatMetal+1","expansioncontent:AwakenDeath","hexamod:FastForward+1","hexamod:UnleashSpirits","hexamod:GhostOfSpirePast+1","Thinking Ahead","hexamod:Hexaguard+1","hexamod:GhostOfSpirePast+1","Parasite","hexamod:PhantomFireball"],"relics":["hexamod:SpiritBrand","downfall:HeartBlessingBlue","Shovel","Blood Vial","StrikeDummy","Tiny House","downfall:HeartBlessingRed","Regal Pillow","Frozen Eye","downfall:KnowingSkull","Pantograph","Membership Card","Velvet Choker","hexamod:SoulConsumer","Kunai","Anchor","Potion Belt","Bag of Preparation","HandDrill","Turnip","downfall:HeartBlessingGreen"],"acts_visited":["Exordium","TheCity","TheBeyond","TheEnding"],"potions_floor_usage":[10,27,32,33,33,43,47,50,50],"damage_taken":[{"damage":1,"enemies":"Jaw Worm","floor":2,"turns":3},{"damage":1,"enemies":"2 Louse","floor":3,"turns":3},{"damage":0,"enemies":"Cultist","floor":4,"turns":3},{"damage":2,"enemies":"Blue Slaver","floor":5,"turns":4},{"damage":0,"enemies":"downfall:FleeingMerchant","floor":6,"turns":4},{"damage":25,"enemies":"downfall:Heads","floor":8,"turns":7},{"damage":4,"enemies":"Lagavulin","floor":10,"turns":4},{"damage":15,"enemies":"3 Sentries","floor":13,"turns":10},{"damage":0,"enemies":"Large Slime","floor":15,"turns":4},{"damage":28,"enemies":"DF_ARCHETYPE_STREAMLINE","floor":16,"turns":12},{"damage":12,"enemies":"Chosen","floor":19,"turns":7},{"damage":13,"enemies":"3 Cultists","floor":20,"turns":5},{"damage":19,"enemies":"Chosen and Byrds","floor":21,"turns":6},{"damage":0,"enemies":"downfall:FleeingMerchant","floor":22,"turns":4},{"damage":16,"enemies":"Centurion and Healer","floor":25,"turns":7},{"damage":41,"enemies":"Shelled Parasite and Fungi","floor":27,"turns":7},{"damage":13,"enemies":"downfall:FleeingMerchant","floor":28,"turns":4},{"damage":20,"enemies":"Snake Plant","floor":30,"turns":4},{"damage":18,"enemies":"3 Cultists","floor":31,"turns":5},{"damage":18,"enemies":"Cultist and Chosen","floor":32,"turns":6},{"damage":48,"enemies":"IC_MUSHROOM_ARCHETYPE","floor":33,"turns":7},{"damage":28,"enemies":"3 Shapes","floor":38,"turns":4},{"damage":13,"enemies":"3 Shapes","floor":40,"turns":7},{"damage":46,"enemies":"Nemesis","floor":43,"turns":6},{"damage":3,"enemies":"downfall:FleeingMerchant","floor":44,"turns":3},{"damage":20,"enemies":"Orb Walker","floor":45,"turns":4},{"damage":3,"enemies":"3 Darklings","floor":46,"turns":5},{"damage":54,"enemies":"Giant Head","floor":47,"turns":9},{"damage":5,"enemies":"Writhing Mass","floor":49,"turns":4},{"damage":106,"enemies":"SI_POISON_ARCHETYPE","floor":50,"turns":7},{"damage":152,"enemies":"downfall:CharBossMerchant","floor":52,"turns":8}],"seed_played":"-7825928463337891845","potions_obtained":[{"floor":2,"key":"hexamod:SoulburnPotion"},{"floor":5,"key":"EssenceOfSteel"},{"floor":8,"key":"FearPotion"},{"floor":13,"key":"Strength Potion"},{"floor":17,"key":"Regen Potion"},{"floor":20,"key":"bronze:BurnAndBuffPotion"},{"floor":40,"key":"DuplicationPotion"}],"is_trial":false,"path_per_floor":["R","M","M","M","M","$","T","?","R","E","?","?","E","?","M","B",null,"R","M","M","M","$","?","T","M","R","M","$","R","M","M","M","B",null,"R","?","?","M","?","?","T","R","E","$","M","M","E","R","M","B",null,"E"],"character_chosen":"THE_SPIRIT","items_purchased":["hexamod:DynamicBlow","Frozen Eye","hexamod:TimeOfNeed","Membership Card","Weak Potion","Potion Belt","Weak Potion","SpeedPotion","DuplicationPotion","Bag of Preparation","HandDrill","Thinking Ahead"],"campfire_rested":3,"item_purchase_floors":[6,22,22,28,28,44,44,44,44,44,44,44],"current_hp_per_floor":[77,76,75,75,73,73,73,48,58,54,51,51,38,38,40,14,92,92,80,69,52,54,47,47,33,75,48,37,79,61,45,29,8,92,92,92,92,64,54,68,68,68,28,31,17,20,14,56,53,24,92,0,0,0],"gold":432,"neow_bonus":"TEN_PERCENT_HP_BONUS","is_daily":false,"chose_seed":false,"campfire_upgraded":3,"win_rate":0.0,"timestamp":1612403665,"path_taken":["R","M","M","M","M","$","T","?","R","E","?","?","E","?","M","BOSS","R","M","M","M","$","?","T","M","R","M","$","R","?","M","M","BOSS","R","?","?","M","?","?","T","R","E","?","M","M","E","R","M","BOSS","E"],"items_purchased_type":["Card","Relic","Card","Relic","Potion","Relic","Potion","Potion","Potion","Relic","Relic","Card"],"build_version":"2020-12-22","purchased_purges":3,"victory":false,"max_hp_per_floor":[77,77,77,77,77,77,77,77,87,87,87,87,87,87,87,87,92,92,92,92,92,92,92,92,92,92,92,92,92,92,92,92,92,92,92,92,92,92,92,92,92,92,92,92,92,92,92,92,92,92,92,92,92,92],"relic_stats":{"Blood Vial":42,"Regal Pillow":45,"Shovel":1,"counters":[31,173],"Pantograph":75,"Turnip":[0],"Bag of Preparation":[12],"HandDrill":[24],"Kunai":[4],"obtain_stats":[{"Potion Belt":44,"Regal Pillow":18,"Tiny House":17,"downfall:HeartBlessingRed":18,"Velvet Choker":34,"downfall:HeartBlessingGreen":48,"Bag of Preparation":44,"Blood Vial":11,"Frozen Eye":22,"Anchor":43,"Shovel":10,"downfall:HeartBlessingBlue":9,"Pantograph":24,"downfall:KnowingSkull":23,"Turnip":47,"HandDrill":44,"Membership Card":28,"hexamod:SoulConsumer":40,"Kunai":41,"StrikeDummy":13,"hexamod:SpiritBrand":0},{"Potion Belt":25,"Regal Pillow":10,"Tiny House":10,"downfall:HeartBlessingRed":10,"Velvet Choker":21,"downfall:HeartBlessingGreen":28,"Bag of Preparation":25,"Blood Vial":7,"Frozen Eye":14,"Anchor":24,"Shovel":7,"downfall:HeartBlessingBlue":6,"Pantograph":14,"downfall:KnowingSkull":14,"Turnip":28,"HandDrill":25,"Membership Card":17,"hexamod:SoulConsumer":23,"Kunai":23,"StrikeDummy":8,"hexamod:SpiritBrand":0},{"Potion Belt":136,"Regal Pillow":54,"Tiny House":54,"downfall:HeartBlessingRed":54,"Velvet Choker":116,"downfall:HeartBlessingGreen":154,"Bag of Preparation":136,"Blood Vial":28,"Frozen Eye":76,"Anchor":133,"Shovel":28,"downfall:HeartBlessingBlue":24,"Pantograph":76,"downfall:KnowingSkull":76,"Turnip":154,"HandDrill":136,"Membership Card":94,"hexamod:SoulConsumer":127,"Kunai":127,"StrikeDummy":38,"hexamod:SpiritBrand":0}]},"card_choices":[{"not_picked":["hexamod:CatchUp","hexamod:SoulSteal"],"picked":"hexamod:ThermalTransfer","floor":2},{"not_picked":["hexamod:AdvancingGuard","hexamod:NightmareStrike"],"picked":"hexamod:InspiringFlames","floor":3},{"not_picked":["hexamod:AdvancingGuard","hexamod:NightmareGuise"],"picked":"hexamod:GhostOfSpireFuture","floor":4},{"not_picked":["hexamod:Firestarter","hexamod:CatchUp"],"picked":"hexamod:PhantomCloak","floor":5},{"not_picked":["hexamod:FourthSeal","hexamod:GhostShield"],"picked":"hexamod:BacktrackSmack","floor":6},{"not_picked":["hexamod:AdvancingGuard","hexamod:FastForward"],"picked":"hexamod:BurningTouch","floor":8},{"not_picked":["hexamod:UnlimitedPower","hexamod:InspiringFlames"],"picked":"hexamod:NightmareGuise","floor":10},{"not_picked":["hexamod:Haunt","hexamod:HeatShield"],"picked":"hexamod:Hexaguard","floor":13},{"not_picked":["hexamod:SecondSeal","hexamod:RetreatToShadows"],"picked":"hexamod:BacktrackSmack","floor":15},{"not_picked":["hexamod:SixthSeal","hexamod:GhostflameInferno"],"picked":"hexamod:GhostOfSpirePresent","floor":16},{"not_picked":["hexamod:SecondSeal","hexamod:EtherealExpedition"],"picked":"hexamod:BurningTouch","floor":17},{"not_picked":["hexamod:HeatMetal","hexamod:GhostShield"],"picked":"hexamod:SpectersWail","floor":19},{"not_picked":["hexamod:GhostOfSpireFuture","hexamod:AdvancingGuard","hexamod:GhostShield+1"],"picked":"SKIP","floor":20},{"not_picked":["hexamod:ThermalTransfer","hexamod:Hexaguard","hexamod:FourthSeal"],"picked":"SKIP","floor":21},{"not_picked":["hexamod:BurningTouch","hexamod:StepThrough"],"picked":"hexamod:Hexaguard+1","floor":22},{"not_picked":["hexamod:BacktrackSmack+1","hexamod:ThermalTransfer","hexamod:NecessarySacrifice"],"picked":"SKIP","floor":25},{"not_picked":["hexamod:RadiantFlame","hexamod:SoulSteal"],"picked":"hexamod:ForkedFlame","floor":27},{"not_picked":["hexamod:SwordOfDarkness","hexamod:EtherealExpedition","hexamod:NightmareGuise"],"picked":"SKIP","floor":28},{"not_picked":["hexamod:RetreatToShadows","hexamod:Firestarter"],"picked":"hexamod:RainOfEmbers","floor":30},{"not_picked":["hexamod:AdvancingGuard","hexamod:Incineration"],"picked":"hexamod:GhostOfSpireFuture+1","floor":31},{"not_picked":["hexamod:SpectralAdrenaline","hexamod:Again"],"picked":"hexamod:SoulSteal+1","floor":32},{"not_picked":["hexamod:WildfireWeapon","hexamod:TimeOfNeed"],"picked":"hexamod:SixthSeal","floor":33},{"not_picked":["hexamod:SpectersWail+1","hexamod:RecurringNightmare"],"picked":"hexamod:HeatMetal+1","floor":38},{"not_picked":["expansioncontent:PrepareCrush","expansioncontent:GuardianWhirl"],"picked":"expansioncontent:AwakenDeath","floor":39},{"not_picked":["hexamod:HauntingEcho","hexamod:AdvancingGuard"],"picked":"hexamod:FastForward+1","floor":40},{"not_picked":["hexamod:ThirdSeal","hexamod:PhantomCloak+1"],"picked":"hexamod:UnleashSpirits","floor":43},{"not_picked":["hexamod:NightmareGuise+1","hexamod:ShieldOfDarkness"],"picked":"hexamod:GhostOfSpirePast+1","floor":44},{"not_picked":["hexamod:AdvancingGuard","hexamod:SwordOfDarkness"],"picked":"hexamod:Hexaguard+1","floor":45},{"not_picked":["hexamod:SpectersWail+1","hexamod:SkipABeat","hexamod:HeatMetal+1"],"picked":"SKIP","floor":46},{"not_picked":["hexamod:ThermalTransfer","hexamod:StepThrough"],"picked":"hexamod:GhostOfSpirePast+1","floor":47},{"not_picked":["hexamod:InspiringFlames","hexamod:SpectralAdrenaline"],"picked":"hexamod:PhantomFireball","floor":49}],"player_experience":78782,"relics_obtained":[{"floor":10,"key":"Shovel"},{"floor":13,"key":"StrikeDummy"},{"floor":18,"key":"Regal Pillow"},{"floor":24,"key":"Pantograph"},{"floor":40,"key":"hexamod:SoulConsumer"},{"floor":41,"key":"Kunai"},{"floor":43,"key":"Anchor"},{"floor":47,"key":"Turnip"}],"event_choices":[{"damage_healed":0,"gold_gain":0,"player_choice":"Success","damage_taken":3,"relics_obtained":["Blood Vial"],"max_hp_gain":0,"max_hp_loss":0,"event_name":"Scrap Ooze","floor":11,"gold_loss":0}],"is_beta":false,"boss_relics":[{"not_picked":["bronze:MakeshiftBattery","Black Star"],"picked":"Tiny House"},{"not_picked":["Empty Cage","Calling Bell"],"picked":"Velvet Choker"}],"items_purged_floors":[6,28,44],"is_endless":false,"potions_floor_spawned":[2,5,8,13,15,20,25,30,31,40,45,46,49],"killed_by":"downfall:CharBossMerchant","ascension_level":0}}