{"host":"r4aerl4ckfvw1dw3","time":1612403456,"event":{"mods":["BaseMod","BetterRewards","Minty Spire (QoL Compilation)","Quick Restart","StSLib"],"gold_per_floor":[112,112,129,143,160,191,203,244,332,304,316,354,378,403,415,531,543,572,599,624,646,240,240,275,295,319,344,269,292,36,79,79,184,184,205,230,255,69,0,35,63,63,86,127,186,205,205,262,262,262,262,262,79,117,117],"floor_reached":56,"language":"ENG","playtime":7162,"items_purged":["Strike_R","Strike_R"],"score":1649,"play_id":"d9be2d1d-28b5-4d00-b734-e76235d38ac7","local_time":"20210203175056","is_ascension_mode":true,"campfire_choices":[{"data":"Carnage","floor":7,"key":"SMITH"},{"data":"Bash","floor":11,"key":"SMITH"},{"data":"True Grit","floor":15,"key":"SMITH"},{"data":"True Grit","floor":23,"key":"SMITH"},{"data":"Pommel Strike","floor":32,"key":"SMITH"},{"floor":42,"key":"RECALL"},{"data":"Inflame","floor":47,"key":"SMITH"},{"data":"Brutality","floor":49,"key":"SMITH"},{"data":"Power Through","floor":52,"key":"SMITH"}],"circlet_count":0,"master_deck":["Strike_R","Strike_R","Defend_R","Defend_R","Defend_R","Defend_R","Bash+1","Cleave+1","Carnage+1","Pommel Strike","Hemokinesis","Feel No Pain","Feed+1","True Grit+1","Pommel Strike+1","Barricade","Headbutt+1","Feed","True Grit+1","Shockwave","Impervious","Dual Wield+1","Shockwave+1","Inflame+1","Brutality+1","Armaments+1","Power Through+1","Shrug It Off","Metallicize","Second Wind+1","Rupture+1","Shockwave+1","Sword Boomerang+1","Pommel Strike+1","Body Slam+1","Dark Embrace","Corruption"],"relics":["Burning Blood","Regal Pillow","MawBank","Torii","Letter Opener","Ancient Tea Set","Snecko Eye","ClockworkSouvenir","Whetstone","Gambling Chip","CeramicFish","Bag of Marbles","Lantern","Sozu","Bag of Preparation","Red Mask","Molten Egg 2","Blood Vial","Ginger","Charon\u0027s Ashes","Mango","Medical Kit","Toy Ornithopter"],"acts_visited":["Exordium","TheCity","TheBeyond","TheEnding"],"potions_floor_usage":[8,10,12,16,16,18,54],"damage_taken":[{"damage":0,"enemies":"2 Louse","floor":1,"turns":2},{"damage":8,"enemies":"Jaw Worm","floor":3,"turns":4},{"damage":1,"enemies":"Cultist","floor":4,"turns":3},{"damage":6,"enemies":"3 Louse","floor":5,"turns":3},{"damage":30,"enemies":"3 Sentries","floor":6,"turns":7},{"damage":32,"enemies":"Lagavulin","floor":8,"turns":4},{"damage":20,"enemies":"3 Sentries","floor":12,"turns":4},{"damage":9,"enemies":"2 Fungi Beasts","floor":13,"turns":2},{"damage":4,"enemies":"Blue Slaver","floor":14,"turns":4},{"damage":18,"enemies":"The Guardian","floor":16,"turns":8},{"damage":13,"enemies":"3 Byrds","floor":18,"turns":3},{"damage":10,"enemies":"Spheric Guardian","floor":19,"turns":4},{"damage":0,"enemies":"Snecko","floor":20,"turns":2},{"damage":32,"enemies":"Snake Plant","floor":21,"turns":5},{"damage":4,"enemies":"Book of Stabbing","floor":24,"turns":3},{"damage":0,"enemies":"Shelled Parasite and Fungi","floor":25,"turns":11},{"damage":1,"enemies":"Slavers","floor":27,"turns":7},{"damage":0,"enemies":"3 Cultists","floor":29,"turns":3},{"damage":19,"enemies":"Book of Stabbing","floor":31,"turns":5},{"damage":2,"enemies":"Collector","floor":33,"turns":7},{"damage":1,"enemies":"Orb Walker","floor":35,"turns":3},{"damage":1,"enemies":"3 Darklings","floor":36,"turns":2},{"damage":32,"enemies":"Writhing Mass","floor":37,"turns":7},{"damage":14,"enemies":"Giant Head","floor":40,"turns":7},{"damage":4,"enemies":"Transient","floor":41,"turns":5},{"damage":19,"enemies":"Reptomancer","floor":44,"turns":6},{"damage":1,"enemies":"Mind Bloom Boss Battle","floor":45,"turns":10},{"damage":4,"enemies":"Maw","floor":46,"turns":6},{"damage":19,"enemies":"2 Orb Walkers","floor":48,"turns":5},{"damage":61,"enemies":"Awakened One","floor":50,"turns":10},{"damage":53,"enemies":"Shield and Spear","floor":54,"turns":5},{"damage":15,"enemies":"The Heart","floor":55,"turns":7}],"seed_played":"-8405322259314746257","potions_obtained":[{"floor":3,"key":"SpeedPotion"},{"floor":4,"key":"LiquidBronze"},{"floor":6,"key":"PowerPotion"},{"floor":10,"key":"BloodPotion"},{"floor":10,"key":"Block Potion"},{"floor":10,"key":"SteroidPotion"},{"floor":13,"key":"ColorlessPotion"},{"floor":20,"key":"AttackPotion"},{"floor":21,"key":"BlessingOfTheForge"},{"floor":24,"key":"Regen Potion"},{"floor":29,"key":"BloodPotion"}],"is_trial":false,"path_per_floor":["M","?","M","M","M","E","R","E","T","?","R","E","M","M","R","B",null,"M","M","M","M","$","R","E","M","T","E","?","M","$","E","R","B",null,"M","M","M","$","?","E","M","R","T","E","?","M","R","?","R","B",null,"R","$","E","B",null],"character_chosen":"IRONCLAD","items_purchased":["ClockworkSouvenir","Whetstone","Energy Potion","Bag of Marbles","Bag of Preparation","Metallicize","Dark Embrace","Medical Kit"],"campfire_rested":0,"item_purchase_floors":[22,22,22,30,38,38,53,53],"current_hp_per_floor":[80,80,78,80,80,56,56,30,30,46,46,32,32,37,37,28,74,70,69,75,52,52,52,57,70,70,82,82,95,95,86,86,94,121,129,137,114,114,114,110,112,112,112,105,115,123,123,129,129,79,151,151,151,114,111],"gold":117,"neow_bonus":"RANDOM_COMMON_RELIC","is_daily":false,"chose_seed":false,"campfire_upgraded":8,"win_rate":0.0,"timestamp":1612403456,"path_taken":["M","?","M","M","M","E","R","E","T","?","R","E","?","M","R","BOSS","M","M","M","M","$","R","E","M","T","E","?","M","$","E","R","BOSS","M","M","M","$","?","E","M","R","T","E","?","M","R","?","R","BOSS","R","$","E","BOSS"],"items_purchased_type":["Relic","Relic","Potion","Relic","Relic","Card","Card","Relic"],"build_version":"2020-12-22","purchased_purges":2,"victory":true,"max_hp_per_floor":[80,80,80,80,80,80,80,80,80,80,80,80,83,86,86,89,89,92,95,95,98,98,98,101,108,108,115,115,122,122,126,126,130,130,133,137,140,140,140,144,144,144,144,148,151,155,155,172,172,175,175,175,175,183,187],"card_choices":[{"not_picked":["Twin Strike","Rage"],"picked":"Cleave","floor":1},{"not_picked":["Perfected Strike","Clothesline"],"picked":"Carnage","floor":3},{"not_picked":["Dual Wield","Havoc","Flex"],"picked":"SKIP","floor":4},{"not_picked":["Body Slam","Feel No Pain"],"picked":"Pommel Strike","floor":5},{"not_picked":["Cleave","True Grit"],"picked":"Hemokinesis","floor":6},{"not_picked":["True Grit","Fire Breathing"],"picked":"Feel No Pain","floor":8},{"not_picked":["Fire Breathing","Metallicize"],"picked":"Feed","floor":12},{"not_picked":["Sword Boomerang","Warcry"],"picked":"True Grit","floor":13},{"not_picked":["Infernal Blade","Metallicize"],"picked":"Pommel Strike","floor":14},{"not_picked":["Brutality","Bludgeon"],"picked":"Barricade","floor":16},{"not_picked":["Flex","Clash"],"picked":"Headbutt+1","floor":18},{"not_picked":["Combust","Hemokinesis"],"picked":"Feed","floor":19},{"not_picked":["Rupture","Iron Wave"],"picked":"True Grit","floor":20},{"not_picked":["Wild Strike+1","Pommel Strike"],"picked":"Shockwave","floor":21},{"not_picked":["Cleave","Second Wind"],"picked":"Impervious","floor":24},{"not_picked":["Power Through+1","Carnage"],"picked":"Dual Wield+1","floor":25},{"not_picked":["Sever Soul","Thunderclap","Headbutt"],"picked":"SKIP","floor":27},{"not_picked":["Dropkick","Cleave"],"picked":"Shockwave+1","floor":29},{"not_picked":["Ghostly Armor","Cleave"],"picked":"Inflame","floor":31},{"not_picked":["Bludgeon","Double Tap"],"picked":"Brutality","floor":33},{"not_picked":["Flex","Reckless Charge"],"picked":"Armaments+1","floor":35},{"not_picked":["Thunderclap","Warcry"],"picked":"Power Through","floor":36},{"not_picked":["Havoc","Carnage"],"picked":"Shrug It Off","floor":37},{"not_picked":["Warcry+1","Combust"],"picked":"Second Wind+1","floor":40},{"not_picked":["Warcry+1","Twin Strike+1"],"picked":"Rupture+1","floor":41},{"not_picked":["Dual Wield","Combust"],"picked":"Shockwave+1","floor":44},{"not_picked":["Thunderclap+1","Cleave+1"],"picked":"Sword Boomerang+1","floor":45},{"not_picked":["Pummel+1","Cleave+1"],"picked":"Pommel Strike+1","floor":46},{"not_picked":["Clothesline+1","Rupture+1"],"picked":"Body Slam+1","floor":48},{"not_picked":["Flex+1","Sword Boomerang+1"],"picked":"Corruption","floor":54}],"player_experience":487484,"relics_obtained":[{"floor":6,"key":"MawBank"},{"floor":8,"key":"Torii"},{"floor":9,"key":"Letter Opener"},{"floor":12,"key":"Ancient Tea Set"},{"floor":24,"key":"Gambling Chip"},{"floor":27,"key":"CeramicFish"},{"floor":31,"key":"Lantern"},{"floor":40,"key":"Molten Egg 2"},{"floor":43,"key":"Blood Vial"},{"floor":44,"key":"Ginger"},{"floor":45,"key":"Charon\u0027s Ashes"},{"floor":48,"key":"Mango"},{"floor":54,"key":"Toy Ornithopter"}],"event_choices":[{"damage_healed":0,"gold_gain":0,"player_choice":"Ignored","damage_taken":0,"max_hp_gain":0,"max_hp_loss":0,"event_name":"Golden Wing","floor":2,"gold_loss":0},{"damage_healed":0,"gold_gain":0,"player_choice":"Bought 3 Potions","damage_taken":0,"max_hp_gain":0,"max_hp_loss":0,"event_name":"The Woman in Blue","floor":10,"gold_loss":0},{"cards_removed":["Strike_R"],"damage_healed":0,"gold_gain":0,"player_choice":"Gave Gold","damage_taken":0,"max_hp_gain":0,"max_hp_loss":0,"event_name":"Beggar","floor":28,"gold_loss":75},{"damage_healed":0,"gold_gain":0,"player_choice":"Paid","damage_taken":0,"relics_obtained":["Red Mask"],"max_hp_gain":0,"max_hp_loss":0,"event_name":"Tomb of Lord Red Mask","floor":39,"gold_loss":69},{"damage_healed":0,"gold_gain":0,"player_choice":"Fight","damage_taken":0,"max_hp_gain":0,"max_hp_loss":0,"event_name":"MindBloom","floor":45,"gold_loss":0},{"damage_healed":0,"gold_gain":0,"player_choice":"Fight","damage_taken":0,"max_hp_gain":0,"max_hp_loss":0,"event_name":"Mysterious Sphere","floor":48,"gold_loss":0}],"is_beta":false,"boss_relics":[{"not_picked":["Fusion Hammer","Ectoplasm"],"picked":"Snecko Eye"},{"not_picked":["Astrolabe","Mark of Pain"],"picked":"Sozu"}],"items_purged_floors":[22,30],"is_endless":false,"potions_floor_spawned":[3,4,6,13,20,21,24,29,33,40,41,46,54],"ascension_level":5}}