{"host":"fv4u04bzswzfg5qa","time":1612414847,"event":{"mods":["BaseMod","Colored Map","Colored Powertips","Highlight Path","Minty Spire (QoL Compilation)","StSLib","Synergy Search"],"gold_per_floor":[112,131,52,72,91,91,108,133,133,133,149,149,149,165,165,264,264,278,22,33,53,53,53,65,65,92,92,112,135,148,158,158,262,262,279,279,329,340,340,340,360,360,387,387,397,412,431,463,463,463],"floor_reached":51,"language":"ENG","playtime":3243,"items_purged":[],"score":785,"play_id":"6a514d22-0058-4632-81e5-297eee6d3493","local_time":"20210204000047","is_ascension_mode":false,"campfire_choices":[{"data":"Eruption","floor":6.0,"key":"SMITH"},{"data":"Alpha","floor":10.0,"key":"SMITH"},{"data":"FlurryOfBlows","floor":12.0,"key":"SMITH"},{"data":"SignatureMove","floor":15.0,"key":"SMITH"},{"data":"BattleHymn","floor":23.0,"key":"SMITH"},{"data":"ConjureBlade","floor":27.0,"key":"SMITH"},{"data":"PathToVictory","floor":32.0,"key":"SMITH"},{"data":"FollowUp","floor":40,"key":"SMITH"},{"data":"FollowUp","floor":42,"key":"SMITH"},{"data":"LikeWater","floor":44,"key":"SMITH"},{"data":"ConjureBlade","floor":49,"key":"SMITH"}],"circlet_count":0,"master_deck":["Strike_P","Strike_P+1","Strike_P","Strike_P","Defend_P","Defend_P+1","Defend_P","Defend_P","Eruption+1","Vigilance","Protect","EmptyBody","LikeWater+1","FlurryOfBlows+1","FollowUp+1","Study","Alpha+1","SignatureMove+1","Crescendo","ConjureBlade+1","BattleHymn+1","Adaptation","ClearTheMind","WreathOfFlame+1","Study","Writhe","Pray+1","EmptyFist+1","ReachHeaven+1","PathToVictory+1","MasterReality","Vengeance","BowlingBash+1","FollowUp+1","Consecrate+1","Fasting2+1","Pray+1","EmptyFist","ConjureBlade+1"],"relics":["Snecko Eye","Tiny Chest","StoneCalendar","Sozu","Bronze Scales","Pocketwatch","Kunai","Omamori","Bag of Marbles","Runic Pyramid","GoldenEye","Blood Vial","Blue Candle"],"acts_visited":["Exordium","TheCity","TheBeyond"],"potions_floor_usage":[50],"damage_taken":[{"damage":0.0,"enemies":"Small Slimes","floor":1.0,"turns":2.0},{"damage":15.0,"enemies":"Jaw Worm","floor":2.0,"turns":7.0},{"damage":0.0,"enemies":"Cultist","floor":4.0,"turns":4.0},{"damage":11.0,"enemies":"Gremlin Gang","floor":5.0,"turns":8.0},{"damage":0.0,"enemies":"Exordium Thugs","floor":7.0,"turns":3.0},{"damage":0.0,"enemies":"Gremlin Nob","floor":8.0,"turns":5.0},{"damage":0.0,"enemies":"2 Fungi Beasts","floor":11.0,"turns":5.0},{"damage":0.0,"enemies":"Looter","floor":14.0,"turns":3.0},{"damage":0.0,"enemies":"Hexaghost","floor":16.0,"turns":5.0},{"damage":20.0,"enemies":"2 Thieves","floor":18.0,"turns":5.0},{"damage":0.0,"enemies":"Spheric Guardian","floor":20.0,"turns":4.0},{"damage":7.0,"enemies":"Shelled Parasite and Fungi","floor":21.0,"turns":5.0},{"damage":40.0,"enemies":"Centurion and Healer","floor":24.0,"turns":5.0},{"damage":0.0,"enemies":"Chosen and Byrds","floor":28.0,"turns":5.0},{"damage":14.0,"enemies":"Sentry and Sphere","floor":30.0,"turns":5.0},{"damage":8.0,"enemies":"Centurion and Healer","floor":31.0,"turns":5.0},{"damage":115.0,"enemies":"Collector","floor":33.0,"turns":9.0},{"damage":70.0,"enemies":"3 Shapes","floor":35.0,"turns":6.0},{"damage":33,"enemies":"Mind Bloom Boss Battle","floor":37,"turns":6},{"damage":29,"enemies":"3 Darklings","floor":38,"turns":4},{"damage":67,"enemies":"Writhing Mass","floor":41,"turns":6},{"damage":1,"enemies":"Maw","floor":45,"turns":4},{"damage":22,"enemies":"Jaw Worm Horde","floor":46,"turns":5},{"damage":12,"enemies":"Sphere and 2 Shapes","floor":47,"turns":4},{"damage":16,"enemies":"Giant Head","floor":48,"turns":7},{"damage":66,"enemies":"Time Eater","floor":50,"turns":7}],"seed_played":"2060006126511828669","potions_obtained":[{"floor":2.0,"key":"GamblersBrew"},{"floor":5.0,"key":"Dexterity Potion"},{"floor":8.0,"key":"EssenceOfSteel"},{"floor":14.0,"key":"ColorlessPotion"}],"is_trial":false,"path_per_floor":["M","M","$","M","M","R","M","E","T","R","M","R","?","M","R","B",null,"M","$","M","M","?","R","M","T","T","R","M","T","M","M","R","B",null,"M","$","?","M","?","R","M","R","T","R","M","M","M","E","R","B",null],"character_chosen":"WATCHER","items_purchased":["LikeWater","Bronze Scales","Adaptation","ClearTheMind"],"campfire_rested":0,"item_purchase_floors":[3,19,19,19],"current_hp_per_floor":[72,57,57,57,46,46,46,46,46,46,46,46,32,32,32,32,72,72,72,72,72,72,72,72,72,72,72,72,72,72,72,72,72,72,72,72,72,72,72,72,72,72,72,72,72,72,72,72,72,72],"gold":463,"neow_bonus":"BOSS_RELIC","is_daily":false,"chose_seed":false,"campfire_upgraded":11,"win_rate":0.0,"timestamp":1612414847,"path_taken":["M","M","$","M","M","R","M","E","T","R","M","R","?","M","R","BOSS","M","$","M","M","?","R","M","?","T","R","M","?","M","M","R","BOSS","M","$","?","M","?","R","M","R","T","R","?","M","M","E","R","BOSS"],"items_purchased_type":["Card","Relic","Card","Card"],"build_version":"2020-12-22","purchased_purges":0,"victory":true,"max_hp_per_floor":[72,72,72,72,72,72,72,72,72,72,72,72,72,72,72,72,72,72,72,72,72,72,72,72,72,72,72,72,72,72,72,72,72,72,72,72,72,72,72,72,72,72,72,72,72,72,72,72,72,72],"card_choices":[{"not_picked":["Evaluate","FlyingSleeves"],"picked":"Protect","floor":1.0},{"not_picked":["FlurryOfBlows","ClearTheMind"],"picked":"EmptyBody","floor":2.0},{"not_picked":["ClearTheMind","JustLucky"],"picked":"FlurryOfBlows","floor":4.0},{"not_picked":["TalkToTheHand","CutThroughFate"],"picked":"FollowUp","floor":5.0},{"not_picked":["CutThroughFate","BowlingBash"],"picked":"Study","floor":7.0},{"not_picked":["Perseverance","CutThroughFate"],"picked":"Alpha","floor":8.0},{"not_picked":["JustLucky","Halt"],"picked":"SignatureMove","floor":11.0},{"not_picked":["Pray","Halt"],"picked":"Crescendo","floor":14.0},{"not_picked":["SpiritShield","Brilliance"],"picked":"ConjureBlade","floor":16.0},{"not_picked":["JustLucky","EmptyBody+1"],"picked":"BattleHymn","floor":18.0},{"not_picked":["Weave","Tantrum"],"picked":"WreathOfFlame+1","floor":20.0},{"not_picked":["EmptyBody","Consecrate"],"picked":"Study","floor":21.0},{"not_picked":["LikeWater","Crescendo+1"],"picked":"Pray+1","floor":24.0},{"not_picked":["LikeWater","Crescendo+1"],"picked":"EmptyFist+1","floor":28.0},{"not_picked":["JustLucky","SpiritShield"],"picked":"ReachHeaven+1","floor":30.0},{"not_picked":["Halt+1","ClearTheMind"],"picked":"PathToVictory","floor":31.0},{"not_picked":["ConjureBlade","Scrawl"],"picked":"MasterReality","floor":33.0},{"not_picked":["Consecrate+1","WindmillStrike"],"picked":"Vengeance","floor":35.0},{"not_picked":["Halt","ThirdEye"],"picked":"BowlingBash+1","floor":37},{"not_picked":["SandsOfTime","EmptyFist+1"],"picked":"FollowUp","floor":38},{"not_picked":["Meditate","Halt"],"picked":"Consecrate+1","floor":41},{"not_picked":["CutThroughFate+1","Crescendo+1"],"picked":"Fasting2+1","floor":45},{"not_picked":["Evaluate","DeceiveReality"],"picked":"Pray+1","floor":46},{"not_picked":["Halt+1","EmptyBody+1"],"picked":"EmptyFist","floor":47},{"not_picked":["EmptyFist","SashWhip+1"],"picked":"ConjureBlade","floor":48}],"player_experience":231724,"relics_obtained":[{"floor":8.0,"key":"Tiny Chest"},{"floor":9.0,"key":"StoneCalendar"},{"floor":25.0,"key":"Kunai"},{"floor":26.0,"key":"Omamori"},{"floor":29.0,"key":"Bag of Marbles"},{"floor":37,"key":"GoldenEye"},{"floor":43,"key":"Blood Vial"},{"floor":48,"key":"Blue Candle"}],"event_choices":[{"damage_healed":0.0,"max_hp_gain":0.0,"max_hp_loss":0.0,"gold_gain":0.0,"event_name":"Shining Light","player_choice":"Entered Light","floor":13.0,"gold_loss":0.0,"damage_taken":14.0,"cards_upgraded":["Defend_P","Strike_P"]},{"damage_healed":0.0,"max_hp_gain":0.0,"max_hp_loss":0.0,"gold_gain":0.0,"event_name":"The Mausoleum","player_choice":"Opened","floor":22.0,"gold_loss":0.0,"damage_taken":0.0,"relics_obtained":["Pocketwatch"],"cards_obtained":["Writhe"]},{"damage_healed":0,"gold_gain":0,"player_choice":"Fight","damage_taken":0,"max_hp_gain":0,"max_hp_loss":0,"event_name":"MindBloom","floor":37,"gold_loss":0},{"damage_healed":0,"gold_gain":0,"player_choice":"Got Potions","damage_taken":0,"max_hp_gain":0,"max_hp_loss":0,"event_name":"Lab","floor":39,"gold_loss":0}],"is_beta":false,"boss_relics":[{"not_picked":["Fusion Hammer","SacredBark"],"picked":"Sozu"},{"not_picked":["Busted Crown","VioletLotus"],"picked":"Runic Pyramid"}],"items_purged_floors":[],"is_endless":false,"potions_floor_spawned":[2,5,8,14,24,28,30,31,37,46,48],"ascension_level":0}}