{"host":"alk2ftu785mujiir","time":1612460358,"event":{"mods":["BaseMod","Colored Map","Downfall","Minty Spire (QoL Compilation)","StSLib"],"gold_per_floor":[99,110,125,140,140,40,40,53,88,88,102,121,121,52,69,173,173,173,184,26,43,61,61,110,110,23,57,72,89,89,124,137,239,239,139,153,153,164,164,164,164,164,175,207,207,232,247,262,279,279],"floor_reached":51,"language":"ENG","playtime":2662,"items_purged":[],"score":906,"play_id":"35dd7d6e-522c-417a-bbf2-fa9c1191e2f3","local_time":"20210204123918","is_ascension_mode":true,"campfire_choices":[{"floor":1,"key":"RECALL"},{"data":"Guardian:PrismaticBarrier","floor":6,"key":"SMITH"},{"floor":13,"key":"REST"},{"data":"Guardian:ConstructionForm","floor":18,"key":"SMITH"},{"data":"Guardian:ChargeUp","floor":25,"key":"SMITH"},{"data":"Guardian:WalkerClaw","floor":30,"key":"SMITH"},{"data":"Guardian:CompilePackage","floor":35,"key":"SMITH"},{"data":"Guardian:ChargeUp","floor":40,"key":"SMITH"},{"floor":45,"key":"REST"}],"circlet_count":0,"master_deck":["Guardian:Strike_Guardian","Guardian:Strike_Guardian","Guardian:Defend_Guardian","Guardian:Defend_Guardian","Guardian:Defend_Guardian","Guardian:CurlUp","Guardian:TwinSlam","Guardian:PiercingHide","Guardian:ShieldCharger","Guardian:PrismaticBarrier+1","Guardian:Orbwalk","Guardian:WalkerClaw+1","Guardian:HyperBeam_Guardian+1","Guardian:PiercingHide","Guardian:AncientConstruct","Guardian:ChargeCore","Guardian:ChargeUp+1","Guardian:ConstructionForm+1","Guardian:PrismaticBeam+1","Guardian:ChargeUp+1","Guardian:DonusPower+1","Guardian:CompilePackage+1","Guardian:EvasiveProtocol","Guardian:DecasProtection","Guardian:ConstructionForm+1"],"relics":["Guardian:ModeShifter","downfall:HeartBlessingRed","Matryoshka","Gremlin Horn","Runic Dome","Blood Vial","Boot","Pen Nib","Prayer Wheel","Ice Cream","Philosopher\u0027s Stone","downfall:HeartBlessingGreen","Anchor","Ornamental Fan","Frozen Egg 2","Question Card"],"acts_visited":["Exordium","TheCity","TheBeyond"],"potions_floor_usage":[28,31,38,42,44,49,50,50],"damage_taken":[{"damage":3,"enemies":"2 Louse","floor":2,"turns":3},{"damage":3,"enemies":"Small Slimes","floor":3,"turns":5},{"damage":0,"enemies":"Cultist","floor":4,"turns":4},{"damage":14,"enemies":"Lots of Slimes","floor":8,"turns":6},{"damage":16,"enemies":"Gremlin Nob","floor":9,"turns":5},{"damage":2,"enemies":"3 Louse","floor":11,"turns":2},{"damage":0,"enemies":"Gremlin Gang","floor":12,"turns":1},{"damage":0,"enemies":"downfall:FleeingMerchant","floor":14,"turns":4},{"damage":0,"enemies":"Red Slaver","floor":15,"turns":4},{"damage":24,"enemies":"WA_ARCHETYPE_RETAIN","floor":16,"turns":9},{"damage":0,"enemies":"Spheric Guardian","floor":19,"turns":6},{"damage":0,"enemies":"downfall:FleeingMerchant","floor":20,"turns":4},{"damage":0,"enemies":"Chosen","floor":21,"turns":5},{"damage":7,"enemies":"3 Cultists","floor":22,"turns":4},{"damage":0,"enemies":"downfall:FleeingMerchant","floor":26,"turns":4},{"damage":0,"enemies":"Gremlin Leader","floor":27,"turns":7},{"damage":0,"enemies":"Centurion and Healer","floor":28,"turns":2},{"damage":12,"enemies":"Shelled Parasite and Fungi","floor":29,"turns":5},{"damage":24,"enemies":"Book of Stabbing","floor":31,"turns":6},{"damage":11,"enemies":"Snake Plant","floor":32,"turns":4},{"damage":10,"enemies":"IC_MUSHROOM_ARCHETYPE","floor":33,"turns":7},{"damage":14,"enemies":"3 Darklings","floor":36,"turns":4},{"damage":3,"enemies":"Orb Walker","floor":38,"turns":4},{"damage":0,"enemies":"Spire Growth","floor":42,"turns":1},{"damage":0,"enemies":"Sphere and 2 Shapes","floor":43,"turns":4},{"damage":14,"enemies":"Giant Head","floor":44,"turns":7},{"damage":26,"enemies":"Reptomancer","floor":46,"turns":5},{"damage":12,"enemies":"4 Shapes","floor":47,"turns":2},{"damage":0,"enemies":"Spire Growth","floor":48,"turns":4},{"damage":0,"enemies":"3 Darklings","floor":49,"turns":3},{"damage":19,"enemies":"DF_ARCHETYPE_ORBS","floor":50,"turns":8}],"seed_played":"-2878494678497700798","potions_obtained":[{"floor":2,"key":"GamblersBrew"},{"floor":12,"key":"BlessingOfTheForge"},{"floor":15,"key":"SmokeBomb"},{"floor":16,"key":"FearPotion"},{"floor":22,"key":"DuplicationPotion"},{"floor":28,"key":"LiquidMemories"},{"floor":33,"key":"Weak Potion"},{"floor":43,"key":"GamblersBrew"},{"floor":44,"key":"BlessingOfTheForge"},{"floor":49,"key":"AttackPotion"}],"is_trial":false,"path_per_floor":["R","M","M","M","?","R","T","M","E","?","M","M","R","$","M","B",null,"R","M","$","M","M","?","T","R","$","E","M","M","R","E","M","B",null,"R","M","?","M","?","R","T","M","M","E","R","E","M","M","M","B",null],"character_chosen":"GUARDIAN","items_purchased":["Guardian:ChargeCore","Blood Vial","Guardian:Gem_Red","Guardian:Gem_Lightblue"],"campfire_rested":2,"item_purchase_floors":[14,20,26,26],"current_hp_per_floor":[72,69,66,66,66,66,66,52,36,36,34,34,62,62,62,38,96,96,96,96,96,89,89,89,89,91,93,95,84,84,62,53,45,96,96,82,74,73,73,73,73,75,77,65,93,69,59,61,63,46],"gold":279,"neow_bonus":"TWENTY_PERCENT_HP_BONUS","is_daily":false,"chose_seed":false,"campfire_upgraded":6,"win_rate":0.0,"timestamp":1612460358,"path_taken":["R","M","M","M","?","R","T","M","E","?","M","M","R","$","M","BOSS","R","M","$","M","M","?","T","R","$","E","M","M","R","E","M","BOSS","R","M","?","?","?","R","T","?","M","E","R","E","M","M","M","BOSS"],"items_purchased_type":["Card","Relic","Card","Card"],"build_version":"2020-12-22","purchased_purges":0,"victory":true,"max_hp_per_floor":[96,96,96,96,96,96,96,96,96,96,96,96,96,96,96,96,96,96,96,96,96,96,96,96,96,96,96,96,96,96,96,96,96,96,96,96,96,96,96,96,96,96,96,96,96,96,96,96,96,96],"card_choices":[{"not_picked":["Guardian:GuardianWhirl","Guardian:TemporalStrike"],"picked":"Guardian:PiercingHide","floor":2},{"not_picked":["Guardian:Suspension","Guardian:Gem_Lightblue"],"picked":"Guardian:ShieldCharger","floor":3},{"not_picked":["Guardian:FastForward","Guardian:Planning"],"picked":"Guardian:PrismaticBarrier","floor":4},{"not_picked":["Guardian:ArmoredProtocol","Guardian:Incinerate"],"picked":"Guardian:Orbwalk","floor":8},{"not_picked":["Guardian:Suspension","Guardian:Planning"],"picked":"Guardian:WalkerClaw","floor":9},{"not_picked":["Guardian:Recover","Guardian:BronzeArmor"],"picked":"Guardian:Gem_Cyan","floor":11},{"not_picked":["Guardian:VentSteam","Guardian:CrystalBeam"],"picked":"Guardian:PiercingHide","floor":12},{"not_picked":["Guardian:Planning","Guardian:PrismaticBarrier"],"picked":"Guardian:AncientConstruct","floor":14},{"not_picked":["Guardian:Gem_Crimson","Guardian:Incinerate"],"picked":"Guardian:ChargeUp","floor":15},{"not_picked":["Guardian:GatlingBeam","Guardian:FierceBash"],"picked":"Guardian:ConstructionForm","floor":16},{"not_picked":["Guardian:Clone","Guardian:Planning+1"],"picked":"Guardian:Gem_Purple","floor":19},{"not_picked":["Guardian:FloatingOrbs","Guardian:Suspension+1"],"picked":"Guardian:Gem_Cyan","floor":20},{"not_picked":["Guardian:Reroute","Guardian:RefractedBeam"],"picked":"Guardian:PrismaticBeam+1","floor":21},{"not_picked":["Guardian:Recover","Guardian:PrismaticBarrier","Guardian:ChargeCore+1"],"picked":"SKIP","floor":22},{"not_picked":["Guardian:CrystalBeam+1","Guardian:Reroute+1","Guardian:GemFire"],"picked":"SKIP","floor":26},{"not_picked":["Guardian:Reroute","Guardian:EvasiveProtocol+1"],"picked":"Guardian:ChargeUp","floor":27},{"not_picked":["Guardian:Planning","Guardian:VentSteam"],"picked":"Guardian:Gem_Cyan","floor":28},{"not_picked":["Guardian:ChargeCore","Guardian:WalkerClaw","Guardian:PrismaticBarrier"],"picked":"SKIP","floor":28},{"not_picked":["Guardian:PiercingHide","Guardian:TemporalStrike"],"picked":"Guardian:Gem_Purple","floor":29},{"not_picked":["Guardian:MultiBeam+1","Guardian:PrimingBeam+1"],"picked":"Guardian:Gem_Purple","floor":29},{"not_picked":["Guardian:Gem_White","Guardian:SpikerProtocol"],"picked":"Guardian:DonusPower+1","floor":31},{"not_picked":["Guardian:Recover","Guardian:WalkerClaw"],"picked":"Guardian:Gem_Blue","floor":32},{"not_picked":["Guardian:Reroute","Guardian:RollAttack"],"picked":"Guardian:Gem_Cyan","floor":32},{"not_picked":["Guardian:Gem_Synthetic","Guardian:ExploitGems"],"picked":"Guardian:CompilePackage","floor":33},{"not_picked":["Guardian:CrystalBeam","Guardian:Gem_Lightblue"],"picked":"Guardian:EvasiveProtocol","floor":36},{"not_picked":["Guardian:CrystalBeam+1","Guardian:TimeCapacitor+1","Guardian:WalkerClaw+1"],"picked":"SKIP","floor":36},{"not_picked":["Guardian:CrystalBeam","Guardian:ShieldCharger+1","Guardian:BodySlam"],"picked":"SKIP","floor":38},{"not_picked":["Guardian:TimeCapacitor","Guardian:Gem_Green","Guardian:WalkerClaw"],"picked":"SKIP","floor":38},{"not_picked":["Guardian:Gem_Red","Guardian:ChargeCore","Guardian:FuturePlans+1"],"picked":"SKIP","floor":43},{"not_picked":["Guardian:Reroute","Guardian:TemporalStrike+1","Guardian:Recover+1"],"picked":"SKIP","floor":43},{"not_picked":["Guardian:Suspension","Guardian:StasisEngine+1","Guardian:Gem_Crimson"],"picked":"SKIP","floor":44},{"not_picked":["Guardian:Harden","Guardian:TemporalShield","Guardian:SentryBeam+1"],"picked":"SKIP","floor":46},{"not_picked":["Guardian:TemporalShield","Guardian:Gem_Green","Guardian:Recover+1","Guardian:RollAttack+1"],"picked":"SKIP","floor":47},{"not_picked":["Guardian:TemporalShield+1","Guardian:DonusPower+1","Guardian:SentryBeam+1","Guardian:Gem_Red"],"picked":"SKIP","floor":47},{"not_picked":["Guardian:VentSteam+1","Guardian:Gem_Cyan","Guardian:Planning+1","Guardian:Suspension"],"picked":"SKIP","floor":48},{"not_picked":["Guardian:Clone+1","Guardian:PrismaticBarrier","Guardian:FuturePlans+1","Guardian:PolyBeam"],"picked":"SKIP","floor":48},{"not_picked":["Guardian:Suspension","Guardian:Gem_Lightblue","Guardian:Reroute+1"],"picked":"Guardian:DecasProtection","floor":49},{"not_picked":["Guardian:Recover","Guardian:Gem_Crimson","Guardian:PiercingHide+1"],"picked":"Guardian:ConstructionForm+1","floor":49}],"player_experience":1799838,"relics_obtained":[{"floor":7,"key":"Matryoshka"},{"floor":9,"key":"Gremlin Horn"},{"floor":24,"key":"Boot"},{"floor":24,"key":"Pen Nib"},{"floor":27,"key":"Prayer Wheel"},{"floor":31,"key":"Ice Cream"},{"floor":41,"key":"Anchor"},{"floor":41,"key":"Ornamental Fan"},{"floor":44,"key":"Frozen Egg 2"},{"floor":46,"key":"Question Card"}],"event_choices":[],"is_beta":false,"boss_relics":[{"not_picked":["SacredBark","Tiny House"],"picked":"Runic Dome"},{"not_picked":["Guardian:StasisSlotReductionRelic","Sozu"],"picked":"Philosopher\u0027s Stone"}],"items_purged_floors":[],"is_endless":false,"potions_floor_spawned":[2,12,15,16,22,27,28,33,43,44,49],"ascension_level":2}}