{"host":"17uu0q65fspg4e3h","time":1612443873,"event":{"mods":["Alarm Clock","BaseMod","Colored Map","Colored Powertips","Highlight Path","Minty Spire (QoL Compilation)","Quick Restart","Relic Stats","SOS（斯巴达之子）","Shop Mod","StSLib","The Administrix","The Runesmith","篝火指南"],"gold_per_floor":[113,113,188,204,204,238,238,277,277,293,144,144,158,182,182,306,306,327,327,327,327,327,327,327],"floor_reached":23,"language":"ZHS","playtime":976,"items_purged":[],"score":333,"play_id":"6be24530-b2ae-4b74-bfe9-7b7a19498336","local_time":"20210204210433","is_ascension_mode":true,"campfire_choices":[{"data":"Bash","floor":7,"key":"SMITH"},{"floor":12,"key":"REST"},{"floor":15,"key":"REST"}],"circlet_count":0,"master_deck":["AscendersBane","Strike_R","Strike_R","Strike_R","Strike_R","Defend_R","Defend_R","Defend_R","Bash+1","Shrug It Off","Heavy Blade","Reckless Charge","Sword Boomerang","Flex","Havoc","Headbutt","Limit Break","Burning Pact+1","RitualDagger","Inflame"],"relics":["Burning Blood","NeowsBlessing","Golden Idol","White Beast Statue","Torii","Blood Vial","Medical Kit","Mark of Pain","MutagenicStrength"],"acts_visited":["Exordium","TheCity"],"potions_floor_usage":[8,14,16,16,18],"damage_taken":[{"damage":0,"enemies":"Small Slimes","floor":1,"turns":1},{"damage":0,"enemies":"Jaw Worm","floor":4,"turns":1},{"damage":0,"enemies":"Gremlin Nob","floor":6,"turns":1},{"damage":56,"enemies":"3 Sentries","floor":8,"turns":12},{"damage":1,"enemies":"2 Louse","floor":10,"turns":3},{"damage":2,"enemies":"Blue Slaver","floor":13,"turns":5},{"damage":1,"enemies":"Red Slaver","floor":14,"turns":4},{"damage":59,"enemies":"Hexaghost","floor":16,"turns":12},{"damage":11,"enemies":"3 Byrds","floor":18,"turns":5},{"damage":73,"enemies":"Gremlin Leader","floor":23,"turns":6}],"seed_played":"9145542725719253362","potions_obtained":[{"floor":4,"key":"Fruit Juice"},{"floor":6,"key":"ElixirPotion"},{"floor":8,"key":"Ancient Potion"},{"floor":10,"key":"PowerPotion"},{"floor":14,"key":"Energy Potion"},{"floor":16,"key":"LiquidBronze"},{"floor":18,"key":"Ancient Potion"}],"is_trial":false,"path_per_floor":["M","?","?","M","?","E","R","E","T","M","$","R","M","M","R","B",null,"M","?","?","?","?","E"],"character_chosen":"IRONCLAD","items_purchased":["Medical Kit"],"campfire_rested":2,"item_purchase_floors":[11],"current_hp_per_floor":[78,71,60,66,46,52,52,7,7,14,14,39,45,52,77,26,70,67,67,61,61,61,0,0],"gold":327,"neow_bonus":"THREE_ENEMY_KILL","is_daily":false,"chose_seed":false,"campfire_upgraded":1,"win_rate":0.0,"timestamp":1612443873,"path_taken":["M","?","?","M","?","E","R","E","T","?","?","R","?","M","R","BOSS","M","?","?","?","?","E"],"items_purchased_type":["Relic"],"build_version":"2020-12-22","purchased_purges":0,"victory":false,"max_hp_per_floor":[80,80,80,80,80,80,80,85,85,85,85,85,85,85,85,85,85,85,85,85,85,85,85,85],"relic_stats":{"Blood Vial":12,"Torii":41,"counters":[10,50],"Golden Idol":55,"Medical Kit":[18],"obtain_stats":[{"Blood Vial":9,"NeowsBlessing":0,"Torii":8,"Golden Idol":5,"MutagenicStrength":21,"Mark of Pain":17,"Medical Kit":11,"Burning Blood":0,"White Beast Statue":6},{"Blood Vial":4,"NeowsBlessing":0,"Torii":4,"Golden Idol":2,"MutagenicStrength":9,"Mark of Pain":8,"Medical Kit":5,"Burning Blood":0,"White Beast Statue":3},{"Blood Vial":15,"NeowsBlessing":0,"Torii":15,"Golden Idol":2,"MutagenicStrength":44,"Mark of Pain":39,"Medical Kit":18,"Burning Blood":0,"White Beast Statue":3}],"Burning Blood":54},"card_choices":[{"not_picked":["Flex","Sword Boomerang"],"picked":"Shrug It Off","floor":1},{"not_picked":["True Grit","Burning Pact"],"picked":"Heavy Blade","floor":4},{"not_picked":["Armaments","Sentinel"],"picked":"Reckless Charge","floor":6},{"not_picked":["Uppercut","Warcry"],"picked":"Sword Boomerang","floor":8},{"not_picked":["Havoc","Clothesline"],"picked":"Flex","floor":10},{"not_picked":["Clothesline","Brutality"],"picked":"Havoc","floor":13},{"not_picked":["Rupture","Metallicize"],"picked":"Headbutt","floor":14},{"not_picked":["Impervious","Corruption"],"picked":"Limit Break","floor":16},{"not_picked":["Shockwave+1","Rupture"],"picked":"Burning Pact+1","floor":18}],"player_experience":652041,"relics_obtained":[{"floor":6,"key":"White Beast Statue"},{"floor":8,"key":"Torii"},{"floor":9,"key":"Blood Vial"}],"event_choices":[{"cards_removed":["Defend_R"],"damage_healed":0,"gold_gain":0,"player_choice":"Card Removal","damage_taken":7,"max_hp_gain":0,"max_hp_loss":0,"event_name":"Golden Wing","floor":2,"gold_loss":0},{"damage_healed":0,"gold_gain":75,"player_choice":"Gather Gold","damage_taken":11,"max_hp_gain":0,"max_hp_loss":0,"event_name":"World of Goop","floor":3,"gold_loss":0},{"damage_healed":0,"gold_gain":0,"player_choice":"Take Damage","damage_taken":20,"relics_obtained":["Golden Idol"],"max_hp_gain":0,"max_hp_loss":0,"event_name":"Golden Idol","floor":5,"gold_loss":0},{"cards_removed":["Strike_R"],"damage_healed":0,"gold_gain":0,"player_choice":"Elegance","damage_taken":0,"max_hp_gain":0,"max_hp_loss":0,"event_name":"Back to Basics","floor":19,"gold_loss":0},{"damage_healed":0,"gold_gain":0,"player_choice":"Joined the Cult","damage_taken":6,"max_hp_gain":0,"max_hp_loss":0,"event_name":"Nest","floor":20,"gold_loss":0,"cards_obtained":["RitualDagger"]},{"damage_healed":0,"gold_gain":0,"player_choice":"Inject Mutagens","damage_taken":0,"relics_obtained":["MutagenicStrength"],"max_hp_gain":0,"max_hp_loss":0,"event_name":"Drug Dealer","floor":21,"gold_loss":0},{"damage_healed":0,"gold_gain":0,"player_choice":"Read","damage_taken":0,"max_hp_gain":0,"max_hp_loss":0,"event_name":"The Library","floor":22,"gold_loss":0,"cards_obtained":["Inflame"]}],"is_beta":false,"boss_relics":[{"not_picked":["Black Blood","Sozu"],"picked":"Mark of Pain"}],"items_purged_floors":[],"is_endless":false,"potions_floor_spawned":[4,6,8,10,13,14,16,18],"killed_by":"Gremlin Leader","ascension_level":10}}