{"host":"zsnmfqgcm92hlreo","time":1612479062,"event":{"mods":["AchievementEnabler","BaseMod","Bestiary","Block Reminder","Colored Map","Colored Powertips","Minty Spire (QoL Compilation)","Permanent Neow","Quick Restart","Relic Stats","StSLib","Weighted Paths"],"gold_per_floor":[119,130,141,152,169,202,202,234,234,234,252,302,317,317,317],"floor_reached":14,"language":"ENG","playtime":370,"items_purged":[],"score":208,"play_id":"1ded8622-df38-413f-833a-8e243b0ec438","local_time":"20210204165102","is_ascension_mode":true,"campfire_choices":[{"data":"Fission","floor":7.0,"key":"SMITH"},{"floor":10.0,"key":"REST"}],"circlet_count":0,"master_deck":["AscendersBane","Strike_B","Strike_B","Strike_B","Strike_B","Defend_B","Defend_B","Defend_B","Defend_B","Zap","Dualcast","Hyperbeam","Coolheaded","Self Repair","Conserve Battery","Fission+1","Reinforced Body","Coolheaded","Seek","Cold Snap","Coolheaded"],"relics":["Cracked Core","Frozen Egg 2","Art of War","Blue Candle"],"acts_visited":["Exordium"],"potions_floor_usage":[],"damage_taken":[{"damage":0.0,"enemies":"Cultist","floor":1.0,"turns":2.0},{"damage":12.0,"enemies":"Jaw Worm","floor":2.0,"turns":2.0},{"damage":0.0,"enemies":"2 Louse","floor":3.0,"turns":1.0},{"damage":0.0,"enemies":"2 Fungi Beasts","floor":4.0,"turns":2.0},{"damage":0.0,"enemies":"Gremlin Gang","floor":5.0,"turns":1.0},{"damage":13.0,"enemies":"3 Sentries","floor":6.0,"turns":4.0},{"damage":28.0,"enemies":"Lagavulin","floor":8.0,"turns":8.0},{"damage":6.0,"enemies":"Looter","floor":11.0,"turns":3.0},{"damage":0.0,"enemies":"3 Louse","floor":13.0,"turns":1.0},{"damage":53,"enemies":"Gremlin Nob","floor":14,"turns":4}],"seed_played":"-6737320694906769412","potions_obtained":[{"floor":2.0,"key":"AttackPotion"},{"floor":5.0,"key":"LiquidMemories"},{"floor":11.0,"key":"Fruit Juice"}],"is_trial":false,"path_per_floor":["M","M","M","M","M","E","R","E","T","R","M","?","M","E"],"character_chosen":"DEFECT","items_purchased":[],"campfire_rested":1,"item_purchase_floors":[],"current_hp_per_floor":[64,52,52,59,59,53,53,32,32,51,50,44,44,0,0],"gold":317,"neow_bonus":"THREE_RARE_CARDS","is_daily":false,"chose_seed":false,"campfire_upgraded":1,"win_rate":0.0,"timestamp":1612479062,"path_taken":["M","M","M","M","M","E","R","E","T","R","M","?","M","E"],"items_purchased_type":[],"build_version":"2020-12-22","purchased_purges":0,"victory":false,"max_hp_per_floor":[64,64,64,64,64,64,64,64,64,64,69,69,69,69,69],"relic_stats":{"counters":[10,28],"Blue Candle":[0],"Art of War":[1],"obtain_stats":[{"Blue Candle":9,"Art of War":8,"Frozen Egg 2":6,"Cracked Core":0},{"Blue Candle":7,"Art of War":7,"Frozen Egg 2":6,"Cracked Core":0},{"Blue Candle":20,"Art of War":20,"Frozen Egg 2":12,"Cracked Core":0}]},"card_choices":[{"not_picked":["Meteor Strike","Thunder Strike"],"picked":"Hyperbeam","floor":0.0},{"not_picked":["Conserve Battery","Compile Driver"],"picked":"Coolheaded","floor":1.0},{"not_picked":["Reinforced Body","Stack"],"picked":"Self Repair","floor":2.0},{"not_picked":["Barrage","Reprogram"],"picked":"Conserve Battery","floor":3.0},{"not_picked":["Heatsinks","Turbo"],"picked":"Fission","floor":4.0},{"not_picked":["Leap","Compile Driver"],"picked":"Reinforced Body","floor":5.0},{"not_picked":["Sweeping Beam","Steam Power"],"picked":"Coolheaded","floor":6.0},{"not_picked":["Ball Lightning","Barrage"],"picked":"Seek","floor":8.0},{"not_picked":["Streamline","Rebound"],"picked":"Cold Snap","floor":11.0},{"not_picked":["Conserve Battery","Leap"],"picked":"Coolheaded","floor":13.0}],"player_experience":1018490,"relics_obtained":[{"floor":6.0,"key":"Frozen Egg 2"},{"floor":8.0,"key":"Art of War"},{"floor":9.0,"key":"Blue Candle"}],"event_choices":[{"damage_healed":0.0,"max_hp_gain":0.0,"max_hp_loss":0.0,"gold_gain":50.0,"event_name":"FaceTrader","player_choice":"Touch","floor":12.0,"gold_loss":0.0,"damage_taken":6.0}],"is_beta":false,"boss_relics":[],"items_purged_floors":[],"is_endless":false,"potions_floor_spawned":[2,5,11],"killed_by":"Gremlin Nob","ascension_level":20}}