{"host":"6azrrw3tf7wb0f4b","time":1612417538,"event":{"mods":["BaseMod","DeckTracker","Minty Spire (QoL Compilation)","SuperFastMode"],"gold_per_floor":[113,83,8,8,21,47,61,80,80,107,107,107,123,123,123,219,219,234,249,273,296,26,26,62,62,62],"floor_reached":25,"language":"KOR","playtime":1401,"items_purged":["Strike_B"],"score":464,"play_id":"3293a755-9b75-485e-a1f5-5e618daaf221","local_time":"20210204144538","is_ascension_mode":true,"campfire_choices":[{"data":"Defragment","floor":12,"key":"SMITH"},{"data":"Defragment","floor":15,"key":"SMITH"},{"floor":23,"key":"REST"}],"circlet_count":0,"master_deck":["AscendersBane","Strike_B","Strike_B","Strike_B","Defend_B","Defend_B","Defend_B","Defend_B","Zap","Dualcast","Glacier","Defragment+1","Defragment+1","BootSequence","Storm","Reboot","Ball Lightning","Cold Snap","Ball Lightning+1","White Noise"],"relics":["FrozenCore","NeowsBlessing","Anchor","The Courier","Incense Burner","Golden Idol","Dead Branch","Mummified Hand"],"acts_visited":["Exordium","TheCity"],"potions_floor_usage":[8,10,16,25,25],"damage_taken":[{"damage":0,"enemies":"2 Louse","floor":1,"turns":1},{"damage":0,"enemies":"Cultist","floor":5,"turns":1},{"damage":0,"enemies":"Lagavulin","floor":6,"turns":1},{"damage":0,"enemies":"Jaw Worm","floor":7,"turns":2},{"damage":3,"enemies":"Gremlin Gang","floor":8,"turns":7},{"damage":24,"enemies":"3 Sentries","floor":10,"turns":16},{"damage":1,"enemies":"Looter","floor":13,"turns":4},{"damage":31,"enemies":"Slime Boss","floor":16,"turns":12},{"damage":4,"enemies":"2 Thieves","floor":18,"turns":5},{"damage":3,"enemies":"Shell Parasite","floor":19,"turns":9},{"damage":6,"enemies":"Centurion and Healer","floor":20,"turns":9},{"damage":19,"enemies":"Shelled Parasite and Fungi","floor":21,"turns":7},{"damage":25,"enemies":"Gremlin Leader","floor":24,"turns":8},{"damage":13,"enemies":"Snake Plant","floor":25,"turns":2}],"seed_played":"4121186024854156941","potions_obtained":[{"floor":2,"key":"Block Potion"},{"floor":2,"key":"EssenceOfSteel"},{"floor":4,"key":"Weak Potion"},{"floor":8,"key":"PotionOfCapacity"},{"floor":18,"key":"SteroidPotion"},{"floor":20,"key":"SteroidPotion"}],"is_trial":false,"path_per_floor":["M","?","$","?","M","E","M","M","T","E","?","R","M","?","R","B",null,"M","M","M","M","$","R","E","M"],"character_chosen":"DEFECT","items_purchased":["Dead Branch"],"campfire_rested":1,"item_purchase_floors":[22],"current_hp_per_floor":[64,64,64,64,64,64,64,61,61,37,37,37,36,36,36,5,49,45,42,36,17,17,36,11,0,0],"gold":62,"neow_bonus":"THREE_ENEMY_KILL","is_daily":false,"chose_seed":false,"campfire_upgraded":2,"win_rate":0.0,"timestamp":1612417538,"path_taken":["M","?","?","?","?","E","M","M","T","E","?","R","M","?","R","BOSS","M","M","M","M","$","R","E","M"],"items_purchased_type":["Relic"],"build_version":"2020-12-22","purchased_purges":1,"victory":false,"max_hp_per_floor":[71,71,71,71,71,71,71,71,71,71,64,64,64,64,64,64,64,64,64,64,64,64,64,64,64,64],"card_choices":[{"not_picked":["Redo","Reprogram","Hologram"],"picked":"SKIP","floor":1},{"not_picked":["Beam Cell","Conserve Battery"],"picked":"Glacier","floor":5},{"not_picked":["White Noise","Recycle"],"picked":"Defragment","floor":6},{"not_picked":["BootSequence","Streamline"],"picked":"Defragment","floor":7},{"not_picked":["Double Energy","Turbo"],"picked":"BootSequence","floor":8},{"not_picked":["Coolheaded","Heatsinks"],"picked":"Storm","floor":10},{"not_picked":["Hello World","Compile Driver","Steam"],"picked":"SKIP","floor":13},{"not_picked":["Fission","Thunder Strike"],"picked":"Reboot","floor":16},{"not_picked":["Streamline","Glacier"],"picked":"Ball Lightning","floor":18},{"not_picked":["Streamline","Steam"],"picked":"Cold Snap","floor":19},{"not_picked":["Conserve Battery","Turbo"],"picked":"Ball Lightning+1","floor":20},{"not_picked":["Fusion","Sunder+1","Conserve Battery"],"picked":"SKIP","floor":21},{"not_picked":["Blizzard","Coolheaded"],"picked":"White Noise","floor":24}],"player_experience":755852,"relics_obtained":[{"floor":6,"key":"Anchor"},{"floor":9,"key":"The Courier"},{"floor":10,"key":"Incense Burner"},{"floor":24,"key":"Mummified Hand"}],"event_choices":[{"damage_healed":0,"gold_gain":0,"player_choice":"Bought 2 Potions","damage_taken":0,"max_hp_gain":0,"max_hp_loss":0,"event_name":"The Woman in Blue","floor":2,"gold_loss":0},{"damage_healed":0,"gold_gain":0,"player_choice":"Got Potions","damage_taken":0,"max_hp_gain":0,"max_hp_loss":0,"event_name":"Lab","floor":4,"gold_loss":0},{"damage_healed":0,"gold_gain":0,"player_choice":"Lose Max HP","damage_taken":0,"relics_obtained":["Golden Idol"],"max_hp_gain":0,"max_hp_loss":7,"event_name":"Golden Idol","floor":11,"gold_loss":0},{"damage_healed":0,"gold_gain":0,"player_choice":"Ignored","damage_taken":0,"max_hp_gain":0,"max_hp_loss":0,"event_name":"Liars Game","floor":14,"gold_loss":0}],"is_beta":false,"boss_relics":[{"not_picked":["Black Star","Runic Dome"],"picked":"FrozenCore"}],"items_purged_floors":[3],"is_endless":false,"potions_floor_spawned":[6,8,18,20,24],"killed_by":"Snake Plant","ascension_level":16}}