{"host":"cfluht5kr2kfk9p9","time":1612447347,"event":{"mods":["ATMod(°¢èªMod)","Act Like it!","Arknights","BaseMod","Gensokyo","GungeonMod","GungeonMod Extend","Highlight Path","Library of Ruina","Library of Ruina Extra","Lobotomy","LobotomyExtend","Minty Spire (QoL Compilation)","Quick Restart","Rare Cards Sparkle","Reimu£¨²©ÀöÁéÃÎ£©","Relic Stats","RumiaBox-Â¶Ã×æ«µÄÉñÃØºÐ×Ó","Spicy Shops","StSLib","TestMod","¡¾¹¦ÄÜMod¡¿»ìãçÖ®»·ÐÞ¸´²¹¶¡"],"gold_per_floor":[115,15,26,426,436,436,469,469,521,546,562,562,34,34,34,133,133,153,153,165,181,131,160,178,213,283,283,283,283],"floor_reached":28,"language":"ZHS","playtime":1695,"items_purged":["Funeral","LightDefense"],"score":356,"play_id":"e335293a-338b-4a50-ac21-22e38c93f239","local_time":"20210204220227","is_ascension_mode":false,"campfire_choices":[{"data":"AT_FamilyPortrait","floor":6,"key":"SMITH"},{"data":"FocusedStrikes","floor":8,"key":"SMITH"},{"data":"UnforgettableMelody","floor":12,"key":"SMITH"},{"floor":15,"key":"REST"},{"data":"ForTheFamily","floor":27,"key":"SMITH"}],"circlet_count":0,"master_deck":["Woodsman","BodiesMountain","BigBird","Dodge","LightAttack","LightAttack","LightAttack","LightDefense","LightDefense","LightDefense","ChargeAndCover","FocusedStrikes+1","Fence","UniverseFragment","MHz","Suppress","RepressedFlesh","UnforgettableMelody","BigBadWolf","StructuralAnalysis+1","UnforgettableMelody+1","ForTheFamily+1"],"relics":["PageOfLibrarian","testmod-TestBox","testmod-IndustrialRevolution","CogitoBucket","Baka","LetterFromLob","MagicDraw3","SolemnVow_r","Darkstone Periapt","AT_ChloranthyRing","Omamori","PageOfDeadButterflies","PageOfMercenary","testmod-Prudence","Lamp_r","TreeSap","Gensokyo:RedStar","Mummified Hand","TheSmile_r","AT_EbonyIvory","DemoMod:GreenGuonStone","The Courier","Logging_r"],"acts_visited":["Exordium","Gensokyo:Gensokyo","Gensokyo:Gensokyoer"],"potions_floor_usage":[28],"damage_taken":[{"damage":0,"enemies":"Gensokyo:Python","floor":1,"turns":5},{"damage":0,"enemies":"Gensokyo:2_Kodama","floor":3,"turns":2},{"damage":0,"enemies":"Gensokyo:3_Fairies","floor":5,"turns":4},{"damage":5,"enemies":"Gensokyo:Mamizou","floor":7,"turns":8},{"damage":66,"enemies":"Gensokyo:LivingMonolith","floor":11,"turns":6},{"damage":7,"enemies":"Gensokyo:Reimu","floor":16,"turns":5},{"damage":0,"enemies":"Gensokyo:2_Gloops","floor":18,"turns":7},{"damage":19,"enemies":"Gensokyo:3_Dogs","floor":20,"turns":6},{"damage":8,"enemies":"Gensokyo:3_Gloops","floor":21,"turns":4},{"damage":12,"enemies":"Gensokyo:Reisen","floor":23,"turns":5},{"damage":20,"enemies":"Gensokyo:Slime_Group","floor":24,"turns":4},{"damage":44,"enemies":"Gensokyo:Koishi","floor":25,"turns":8},{"damage":133,"enemies":"DemoMod:Veteran_shot_gun_kin_and_red_shotgun_kin","floor":28,"turns":10}],"seed_played":"293897496756431486","potions_obtained":[{"floor":3,"key":"Dexterity Potion"},{"floor":11,"key":"Block Potion"},{"floor":20,"key":"ZuzhouPotion:ReiMu"},{"floor":23,"key":"DistilledChaos"}],"is_trial":false,"path_per_floor":["M","?","M","?","M","R","E","R","T","T","M","R","$","?","R","B",null,"M","?","M","M","?","E","M","E","T","R","M"],"character_chosen":"Librarian","items_purchased":["DemoMod:GnawedKey","PageOfMercenary"],"campfire_rested":1,"item_purchase_floors":[13,13],"current_hp_per_floor":[60,60,60,60,62,62,65,65,65,65,2,2,2,2,36,29,105,105,105,92,96,103,91,71,51,112,112,25,25],"gold":283,"neow_bonus":"","is_daily":false,"chose_seed":false,"campfire_upgraded":4,"win_rate":0.0,"timestamp":1612447347,"path_taken":["M","?","M","?","M","R","E","R","T","?","M","R","$","?","R","BOSS","M","?","?","M","?","E","M","E","T","R","M"],"items_purchased_type":["Relic","Relic"],"build_version":"2020-12-22","purchased_purges":2,"victory":false,"max_hp_per_floor":[60,60,100,100,114,114,114,114,114,114,114,114,114,114,114,105,105,105,105,105,105,112,112,112,112,112,112,112,112],"relic_stats":{"Darkstone Periapt":0,"counters":[15,76],"Mummified Hand":[11],"obtain_stats":[{"Darkstone Periapt":7,"DemoMod:GreenGuonStone":25,"AT_ATBox":0,"SolemnVow_r":7,"DemoMod:GlassGuonStoneRelic":20,"MagicDraw3":2,"PageOfDeadButterflies":11,"Lamp_r":18,"Frozen Eye":25,"CogitoBucket":0,"PageOfMercenary":13,"testmod-Prudence":17,"Mummified Hand":23,"TreeSap":18,"DemoMod:GnawedKey":13,"AT_ChloranthyRing":9,"Logging_r":28,"testmod-TestBox":0,"AT_EbonyIvory":25,"The Courier":26,"Baka":1,"Omamori":10,"testmod-IndustrialRevolution":0,"Gensokyo:RedStar":19,"PageOfLibrarian":0,"TheSmile_r":25,"LetterFromLob":1},{"Darkstone Periapt":4,"DemoMod:GreenGuonStone":13,"AT_ATBox":0,"SolemnVow_r":4,"DemoMod:GlassGuonStoneRelic":9,"MagicDraw3":1,"PageOfDeadButterflies":5,"Lamp_r":8,"Frozen Eye":12,"CogitoBucket":0,"PageOfMercenary":5,"testmod-Prudence":6,"Mummified Hand":11,"TreeSap":8,"DemoMod:GnawedKey":5,"AT_ChloranthyRing":4,"Logging_r":15,"testmod-TestBox":0,"AT_EbonyIvory":13,"The Courier":13,"Baka":1,"Omamori":4,"testmod-IndustrialRevolution":0,"Gensokyo:RedStar":8,"PageOfLibrarian":0,"TheSmile_r":13,"LetterFromLob":1},{"Darkstone Periapt":19,"DemoMod:GreenGuonStone":65,"AT_ATBox":0,"SolemnVow_r":19,"DemoMod:GlassGuonStoneRelic":44,"MagicDraw3":5,"PageOfDeadButterflies":25,"Lamp_r":38,"Frozen Eye":57,"CogitoBucket":0,"PageOfMercenary":25,"testmod-Prudence":30,"Mummified Hand":53,"TreeSap":38,"DemoMod:GnawedKey":25,"AT_ChloranthyRing":19,"Logging_r":73,"testmod-TestBox":0,"AT_EbonyIvory":65,"The Courier":65,"Baka":5,"Omamori":19,"testmod-IndustrialRevolution":0,"Gensokyo:RedStar":38,"PageOfLibrarian":0,"TheSmile_r":65,"LetterFromLob":5}]},"card_choices":[{"not_picked":["CherryBlossoms","Freischutz","Murderer"],"picked":"Singing Bowl","floor":1},{"not_picked":["HighKick","SharpenedBlade","EnergyShield"],"picked":"UnforgettableMelody","floor":1},{"not_picked":["CherryBlossoms","OSAHOGD"],"picked":"Funeral","floor":3},{"not_picked":["EmotionalTurbulence","ViolentFlame","EnergyShield"],"picked":"Fence","floor":3},{"not_picked":["MHz","CherryBlossoms"],"picked":"UniverseFragment","floor":5},{"not_picked":["HighKick","ViolentFlame","Eliminate","TheRedNotes"],"picked":"SKIP","floor":5},{"not_picked":["Bloodbath","OldLady","SnowQueen"],"picked":"Singing Bowl","floor":7},{"not_picked":["FieryBird","MeatLantern"],"picked":"MHz","floor":7},{"not_picked":["Fence","ForcefulGesture","QuickAttack","TendonChords"],"picked":"SKIP","floor":7},{"not_picked":["Fence","ForcefulGesture","QuickAttack","TendonChords"],"picked":"SKIP","floor":7},{"not_picked":["ShyLook","Scorched"],"picked":"QueenOfHatred","floor":11},{"not_picked":["ChargeUp","DarkCloud","TendonChords","Multislash"],"picked":"SKIP","floor":11},{"not_picked":["ShyLook","OldLady"],"picked":"BigBird","floor":16},{"not_picked":["EmotionalTurbulence","ChargeUp"],"picked":"Suppress","floor":16},{"not_picked":["EmotionalTurbulence","ChargeUp"],"picked":"RepressedFlesh","floor":16},{"not_picked":["EmotionalTurbulence","Eradication"],"picked":"UnforgettableMelody","floor":16},{"not_picked":["LittleHelper","BlackSwan","Wellcheers"],"picked":"Singing Bowl","floor":18},{"not_picked":["FormingStorm","SunsetBlade","SinglePointStab","DarkCloud"],"picked":"SKIP","floor":18},{"not_picked":["Scorched","GalaxyChild","OldLady"],"picked":"Singing Bowl","floor":20},{"not_picked":["Wellcheers","Alriune"],"picked":"BigBadWolf","floor":20},{"not_picked":["TraceOfFumes","MultiHit","UpbeatPerformance"],"picked":"StructuralAnalysis+1","floor":20},{"not_picked":["BlackArmy","RedShoes","CrumblingArmor"],"picked":"Singing Bowl","floor":21},{"not_picked":["HighKick","AbsorbImpact+1","Creak","Multislash+1"],"picked":"SKIP","floor":21},{"not_picked":["Alriune","BlackArmy","Murderer"],"picked":"Singing Bowl","floor":23},{"not_picked":["Scarecrow","Yin"],"picked":"BodiesMountain","floor":23},{"not_picked":["ViolentFlame","SunsetBlade","Retaliate"],"picked":"ForTheFamily","floor":23},{"not_picked":["WallGazer","SpiderBud","FairyFestival"],"picked":"Singing Bowl","floor":24},{"not_picked":["QuickAttack+1","ViolentFlame","Parry2","TendonChords+1"],"picked":"SKIP","floor":24},{"not_picked":["LaLuna","Wellcheers","NakedNest"],"picked":"Singing Bowl","floor":25},{"not_picked":["Porccubus","CherryBlossoms"],"picked":"Woodsman","floor":25},{"not_picked":["FlowOfTheSword","SunsetBlade+1","PuppetBlockade","StrongStrike"],"picked":"SKIP","floor":25}],"player_experience":89058,"relics_obtained":[{"floor":1,"key":"Baka"},{"floor":1,"key":"LetterFromLob"},{"floor":7,"key":"Darkstone Periapt"},{"floor":9,"key":"AT_ChloranthyRing"},{"floor":10,"key":"Omamori"},{"floor":11,"key":"PageOfDeadButterflies"},{"floor":23,"key":"Mummified Hand"},{"floor":25,"key":"AT_EbonyIvory"},{"floor":25,"key":"DemoMod:GreenGuonStone"},{"floor":26,"key":"The Courier"}],"event_choices":[{"damage_healed":0,"gold_gain":400,"player_choice":"Sell","damage_taken":0,"max_hp_gain":0,"max_hp_loss":0,"event_name":"¶÷ÂåË¹µÄÅÌ×Ó","floor":4,"relics_lost":["AT_ATBox"],"gold_loss":0}],"is_beta":false,"boss_relics":[{"not_picked":["SlaversCollar","Busted Crown"],"picked":"testmod-Prudence"}],"items_purged_floors":[13,13],"is_endless":false,"potions_floor_spawned":[3,11,20,21,23],"killed_by":"DemoMod:Veteran_shot_gun_kin_and_red_shotgun_kin","ascension_level":0}}