{"host":"ia9e4s524g7bamk7","time":1612477138,"event":{"mods":["AchievementEnabler","BaseMod","Minty Spire (QoL Compilation)","Slay-I"],"gold_per_floor":[113,132,151,30,41,41,41,41,88,98,110,142,154,194,206,315,327,359,385,397,183,197,230,230,230],"floor_reached":24,"language":"ENG","playtime":4661,"items_purged":["Bash"],"score":394,"play_id":"b185f89f-7f84-40f8-8fd9-8952532b9eca","local_time":"20210204231858","is_ascension_mode":true,"campfire_choices":[{"data":"Armaments","floor":6,"key":"SMITH"},{"data":"Seeing Red","floor":8,"key":"SMITH"},{"data":"Armaments","floor":15,"key":"SMITH"}],"circlet_count":0,"master_deck":["Strike_R","Strike_R+1","Strike_R","Strike_R","Strike_R","Defend_R","Defend_R","Defend_R","Defend_R","Cleave","Seeing Red+1","Metallicize","Armaments+1","Perfected Strike+1","Armaments+1","Thunderclap","Cleave","Fiend Fire","Barricade","Warcry","Twin Strike","Spot Weakness","Flex+1","Rage+1"],"relics":["Burning Blood","Strawberry","Lantern","Blood Vial","MawBank","Smiling Mask","Cursed Key","Dream Catcher","Lee\u0027s Waffle","Whetstone"],"acts_visited":["Exordium","TheCity"],"potions_floor_usage":[12,12,19,22,24],"damage_taken":[{"damage":1,"enemies":"Cultist","floor":1,"turns":3},{"damage":0,"enemies":"Small Slimes","floor":2,"turns":3},{"damage":2,"enemies":"Jaw Worm","floor":3,"turns":3},{"damage":0,"enemies":"Large Slime","floor":5,"turns":5},{"damage":0,"enemies":"2 Fungi Beasts","floor":10,"turns":2},{"damage":7,"enemies":"Lots of Slimes","floor":11,"turns":5},{"damage":11,"enemies":"Lagavulin","floor":12,"turns":5},{"damage":26,"enemies":"Gremlin Nob","floor":14,"turns":4},{"damage":47,"enemies":"The Guardian","floor":16,"turns":15},{"damage":24,"enemies":"Spheric Guardian","floor":18,"turns":5},{"damage":15,"enemies":"Shell Parasite","floor":19,"turns":5},{"damage":17,"enemies":"Sentry and Sphere","floor":22,"turns":6},{"damage":70,"enemies":"Slavers","floor":23,"turns":5},{"damage":23,"enemies":"Centurion and Healer","floor":24,"turns":3}],"seed_played":"-4480507130120907357","potions_obtained":[{"floor":2,"key":"FearPotion"},{"floor":5,"key":"GamblersBrew"},{"floor":11,"key":"SneckoOil"},{"floor":16,"key":"Swift Potion"},{"floor":18,"key":"EssenceOfSteel"},{"floor":19,"key":"Weak Potion"}],"is_trial":false,"path_per_floor":["M","M","M","$","M","R","?","R","T","M","M","E","?","E","R","B",null,"M","M","?","$","M","E","M"],"character_chosen":"IRONCLAD","items_purchased":["Armaments","Lee\u0027s Waffle","Spot Weakness"],"campfire_rested":0,"item_purchase_floors":[4,21,21],"current_hp_per_floor":[87,87,87,87,87,87,69,69,69,77,78,75,67,49,49,10,87,69,62,62,94,83,21,0,0],"gold":230,"neow_bonus":"RANDOM_COMMON_RELIC","is_daily":false,"chose_seed":false,"campfire_upgraded":3,"win_rate":0.0,"timestamp":1612477138,"path_taken":["M","M","M","$","M","R","?","R","T","M","M","E","?","E","R","BOSS","M","M","?","$","?","E","M"],"items_purchased_type":["Card","Relic","Card"],"build_version":"2020-12-22","purchased_purges":1,"victory":false,"max_hp_per_floor":[87,87,87,87,87,87,87,87,87,87,87,87,87,87,87,87,87,87,87,87,94,94,94,94,94],"card_choices":[{"not_picked":["Bloodletting","Anger"],"picked":"Cleave","floor":1},{"not_picked":["Ghostly Armor","Clash"],"picked":"Seeing Red","floor":2},{"not_picked":["Thunderclap","Pommel Strike"],"picked":"Metallicize","floor":3},{"not_picked":["Twin Strike","Thunderclap"],"picked":"Perfected Strike","floor":5},{"not_picked":["Power Through","Bloodletting"],"picked":"Armaments","floor":10},{"not_picked":["Sword Boomerang","Dual Wield"],"picked":"Thunderclap","floor":11},{"not_picked":["Feel No Pain","Body Slam"],"picked":"Cleave","floor":12},{"not_picked":["Clash","Headbutt"],"picked":"Fiend Fire","floor":14},{"not_picked":["Feed","Berserk"],"picked":"Barricade","floor":16},{"not_picked":["True Grit","Bloodletting"],"picked":"Warcry","floor":18},{"not_picked":["Wild Strike","Inflame"],"picked":"Twin Strike","floor":19},{"not_picked":["Sword Boomerang","True Grit"],"picked":"Flex+1","floor":22},{"not_picked":["Fire Breathing","Warcry+1"],"picked":"Rage+1","floor":23}],"player_experience":243241,"relics_obtained":[{"floor":9,"key":"Blood Vial"},{"floor":12,"key":"MawBank"},{"floor":14,"key":"Smiling Mask"},{"floor":23,"key":"Whetstone"}],"event_choices":[{"damage_healed":0,"gold_gain":0,"player_choice":"Success","damage_taken":18,"relics_obtained":["Lantern"],"max_hp_gain":0,"max_hp_loss":0,"event_name":"Scrap Ooze","floor":7,"gold_loss":0},{"damage_healed":0,"gold_gain":0,"player_choice":"Damaged","damage_taken":8,"max_hp_gain":0,"max_hp_loss":0,"event_name":"Wheel of Change","floor":13,"gold_loss":0},{"damage_healed":0,"gold_gain":0,"player_choice":"Gave Potion","damage_taken":0,"relics_obtained":["Dream Catcher"],"max_hp_gain":0,"max_hp_loss":0,"event_name":"WeMeetAgain","floor":20,"gold_loss":0}],"is_beta":false,"boss_relics":[{"not_picked":["Runic Pyramid","Calling Bell"],"picked":"Cursed Key"}],"items_purged_floors":[4],"is_endless":false,"potions_floor_spawned":[2,5,11,16,18,19],"killed_by":"Centurion and Healer","ascension_level":4}}