{"host":"0ntunplbxyg40l63","time":1612436818,"event":{"mods":["BaseMod","Colored Powertips","Downfall","Minty Spire (QoL Compilation)","StSLib"],"gold_per_floor":[99,99,119,29,41,41,41,41,41,41],"floor_reached":8,"language":"ENG","playtime":529,"items_purged":[],"score":44,"play_id":"b28116c4-dd35-4a7a-bd70-68a941e0b4e0","local_time":"20210204110658","is_ascension_mode":false,"campfire_choices":[{"floor":1,"key":"RECALL"},{"data":"Slimebound:LevelUp","floor":6,"key":"SMITH"}],"circlet_count":0,"master_deck":["Slimebound:Strike_Slimebound","Slimebound:Strike_Slimebound","Slimebound:Strike_Slimebound","Slimebound:Tackle","Slimebound:Defend_Slimebound","Slimebound:Defend_Slimebound","Slimebound:Defend_Slimebound","Slimebound:Defend_Slimebound","Slimebound:Split","Slimebound:CorrosiveSpit","Pain","Regret","Slimebound:ViciousTackle","Slimebound:LevelUp+1","Slimebound:BestDefense","Slimebound:Schlurp"],"relics":["Slimebound:AbsorbEndCombat","Vajra"],"acts_visited":["Exordium"],"potions_floor_usage":[8],"damage_taken":[{"damage":8,"enemies":"2 Louse","floor":3,"turns":3},{"damage":10,"enemies":"downfall:FleeingMerchant","floor":4,"turns":4},{"damage":8,"enemies":"Small Slimes","floor":5,"turns":4},{"damage":60,"enemies":"Gremlin Nob","floor":8,"turns":5}],"seed_played":"-346016981029211197","potions_obtained":[{"floor":5,"key":"Dexterity Potion"}],"is_trial":false,"path_per_floor":["R","?","M","$","M","R","T","E"],"character_chosen":"SLIMEBOUND","items_purchased":["Slimebound:BestDefense"],"campfire_rested":0,"item_purchase_floors":[4],"current_hp_per_floor":[77,77,70,64,58,58,58,0,0,0],"gold":41,"neow_bonus":"TWENTY_PERCENT_HP_BONUS","is_daily":false,"chose_seed":false,"campfire_upgraded":1,"win_rate":0.0,"timestamp":1612436818,"path_taken":["R","?","M","$","M","R","T","E"],"items_purchased_type":["Card"],"build_version":"2020-12-22","purchased_purges":0,"victory":false,"max_hp_per_floor":[77,77,77,77,77,77,77,77,77,77],"card_choices":[{"not_picked":["Slimebound:LeechEnergy","Slimebound:FinishingTackle"],"picked":"Slimebound:ViciousTackle","floor":3},{"not_picked":["Slimebound:MinionMaster","Slimebound:PressTheAttack"],"picked":"Slimebound:LevelUp","floor":4},{"not_picked":["Slimebound:LevelUp","Slimebound:RejuvenatingLick"],"picked":"Slimebound:Schlurp","floor":5}],"player_experience":43914,"relics_obtained":[],"event_choices":[{"damage_healed":0,"gold_gain":0,"player_choice":"Box","damage_taken":0,"relics_obtained":["Vajra"],"max_hp_gain":0,"max_hp_loss":0,"event_name":"Big Fish","floor":2,"gold_loss":0,"cards_obtained":["Regret"]}],"is_beta":false,"boss_relics":[],"items_purged_floors":[],"is_endless":false,"potions_floor_spawned":[5],"killed_by":"Gremlin Nob","ascension_level":0}}