{"host":"nptej036rrbiurf5","time":1612419426,"event":{"mods":["BaseMod","Colored Map","Colored Powertips","DeckTracker","Minty Spire (QoL Compilation)","StSLib","SuperFastMode"],"gold_per_floor":[114,114,39,114,114,149,162,182,182,200,215,239,239,239],"floor_reached":13,"language":"KOR","playtime":311,"items_purged":["Strike_G"],"score":224,"play_id":"70ae9482-61f5-4102-abdb-14b332e89345","local_time":"20210204151706","is_ascension_mode":true,"campfire_choices":[],"circlet_count":0,"master_deck":["AscendersBane","Strike_G","Strike_G","Strike_G","Strike_G","Defend_G","Defend_G","Defend_G","Defend_G","Defend_G","Survivor","Neutralize","Dagger Spray","Poisoned Stab","Distraction","Crippling Poison","Adrenaline"],"relics":["Ring of the Snake","NeowsBlessing","Golden Idol","The Courier","Darkstone Periapt"],"acts_visited":["Exordium"],"potions_floor_usage":[10,12,13],"damage_taken":[{"damage":0,"enemies":"Cultist","floor":1,"turns":1},{"damage":0,"enemies":"Lagavulin","floor":6,"turns":1},{"damage":0,"enemies":"Small Slimes","floor":7,"turns":1},{"damage":1,"enemies":"Jaw Worm","floor":8,"turns":3},{"damage":9,"enemies":"Lots of Slimes","floor":10,"turns":4},{"damage":8,"enemies":"Large Slime","floor":11,"turns":8},{"damage":16,"enemies":"Exordium Thugs","floor":12,"turns":7},{"damage":28,"enemies":"3 Sentries","floor":13,"turns":4}],"seed_played":"965749524651539094","potions_obtained":[{"floor":1,"key":"FearPotion"},{"floor":7,"key":"Poison Potion"},{"floor":11,"key":"Block Potion"}],"is_trial":false,"path_per_floor":["M","?","$","?","?","E","M","M","T","M","M","M","E"],"character_chosen":"THE_SILENT","items_purchased":[],"campfire_rested":0,"item_purchase_floors":[],"current_hp_per_floor":[59,59,59,48,53,53,53,52,52,43,35,19,0,0],"gold":239,"neow_bonus":"THREE_ENEMY_KILL","is_daily":false,"chose_seed":false,"campfire_upgraded":0,"win_rate":0.0,"timestamp":1612419426,"path_taken":["M","?","$","?","?","E","?","?","T","M","M","M","E"],"items_purchased_type":[],"build_version":"2020-12-22","purchased_purges":1,"victory":false,"max_hp_per_floor":[66,60,60,60,65,65,65,65,65,65,65,65,65,65],"card_choices":[{"not_picked":["Finisher","Caltrops"],"picked":"Dagger Spray","floor":1},{"not_picked":["Tactician","Blade Dance"],"picked":"Poisoned Stab","floor":6},{"not_picked":["Dagger Spray","Blade Dance","Underhanded Strike"],"picked":"SKIP","floor":7},{"not_picked":["Eviscerate","Tools of the Trade"],"picked":"Distraction","floor":8},{"not_picked":["Skewer","Bane"],"picked":"Crippling Poison","floor":10},{"not_picked":["Sucker Punch","Outmaneuver","Quick Slash"],"picked":"SKIP","floor":11},{"not_picked":["Underhanded Strike","Flying Knee"],"picked":"Adrenaline","floor":12}],"player_experience":900780,"relics_obtained":[{"floor":6,"key":"The Courier"},{"floor":9,"key":"Darkstone Periapt"}],"event_choices":[{"damage_healed":0,"gold_gain":0,"player_choice":"Lose Max HP","damage_taken":0,"relics_obtained":["Golden Idol"],"max_hp_gain":0,"max_hp_loss":6,"event_name":"Golden Idol","floor":2,"gold_loss":0},{"damage_healed":0,"gold_gain":75,"player_choice":"Gather Gold","damage_taken":11,"max_hp_gain":0,"max_hp_loss":0,"event_name":"World of Goop","floor":4,"gold_loss":0},{"damage_healed":0,"gold_gain":0,"player_choice":"Donut","damage_taken":0,"max_hp_gain":5,"max_hp_loss":0,"event_name":"Big Fish","floor":5,"gold_loss":0}],"is_beta":false,"boss_relics":[],"items_purged_floors":[3],"is_endless":false,"potions_floor_spawned":[1,7,11],"killed_by":"3 Sentries","ascension_level":20}}