{"host":"jh7kh5nqtgzr3auj","time":1612459515,"event":{"mods":["AchievementEnabler","Act Like it!","BaseMod","CapriCore","Colored Powertips","Good Game Mod","Highlight Path","HololiveMod","Minty Spire (QoL Compilation)","Quick Restart","Relic Stats","StSLib","TestMod"],"gold_per_floor":[85,100,110,133,152,181,181,207,207,238,413,413,447,447,447,548,548,568,568,104,115,129,216,238,262,262,262,313,313,348,367,367,499,499,533,553,553,579,579,607,651,651,675,675,275,316,345,393,393,452,452,452,3,37,47],"floor_reached":56,"language":"ZHS","playtime":5088,"items_purged":["Hololive_CallCivia","Hololive_Breathe","Hololive_CallRoboco"],"score":2281,"play_id":"2aa17d78-0ed4-409d-aaf4-d1bfbf5d5cd1","local_time":"20210205012515","is_ascension_mode":true,"campfire_choices":[{"data":"testmod-Dream","floor":7,"key":"SMITH"},{"data":"Master of Strategy","floor":12,"key":"SMITH"},{"data":"Hololive_CallDoris","floor":15,"key":"SMITH"},{"data":"Hololive_Rebirth","floor":29,"key":"SMITH"},{"data":"Hololive_Yoholoon","floor":32,"key":"SMITH"},{"data":"Hololive_MaximGun","floor":42,"key":"SMITH"},{"data":"Hololive_DurableLive","floor":44,"key":"SMITH"},{"floor":49,"key":"RECALL"},{"data":"Hololive_Trident","floor":52,"key":"SMITH"}],"circlet_count":0,"master_deck":["Hololive_CallYuzukiChoco","Hololive_CallFriendA","testmod-Dream+1","Master of Strategy+1","Hololive_Trident+1","Hololive_Watashimo","Hololive_CocoNews","Hololive_MaximGun+1","Hololive_CallNakiriAyame","Hololive_CallHoshimachiSuisei","Hololive_CallDoris+1","Hololive_Rebirth+1","Hololive_FlyingPonyTail+1","Hololive_CallAZKi+1","Hololive_Yoholoon+1","Hololive_CallSakuraMiko+1","Hololive_CallSpadeEcho+1","Hololive_MaximGun","Hololive_CocoNews","Hololive_Psychosis+1","Hololive_CallMurasakiShion+1","Hololive_CallTokinoSora+1","Hololive_DurableLive+1","Hololive_ASMR+1","Hololive_AWSL","Hololive_Spy+1","Hololive_CallOkamiMio+1","Hololive_OvertimeWork","Hololive_Spy","testmod-Reflect"],"relics":["Hololive_TheStar","testmod-TestBox","REME:ComplimentaryCards","testmod-Nyarlathotep","Matryoshka","StoneCalendar","testmod-IndustrialRevolution","testmod-Fortitude","Singing Bowl","Empty Cage","Frozen Egg 2","Ancient Tea Set","MealTicket","Darkstone Periapt","Oddly Smooth Stone","testmod-OneHitWonder","Astrolabe","Letter Opener","Bag of Marbles","testmod-RainbowHikingShoes","Incense Burner","Eternal Feather"],"acts_visited":["Exordium","TheCity","TheBeyond","TheEnding"],"potions_floor_usage":[6,21,24,50,55,55,55],"damage_taken":[{"damage":0.0,"enemies":"Small Slimes","floor":1.0,"turns":3.0},{"damage":0.0,"enemies":"2 Louse","floor":2.0,"turns":2.0},{"damage":0.0,"enemies":"Cultist","floor":3.0,"turns":2.0},{"damage":0.0,"enemies":"Large Slime","floor":4.0,"turns":3.0},{"damage":0.0,"enemies":"Gremlin Gang","floor":5.0,"turns":4.0},{"damage":0,"enemies":"Lagavulin","floor":6,"turns":4},{"damage":0,"enemies":"Gremlin Nob","floor":8,"turns":4},{"damage":0,"enemies":"3 Sentries","floor":10,"turns":6},{"damage":0,"enemies":"Gremlin Nob","floor":13,"turns":3},{"damage":0,"enemies":"Slime Boss","floor":16,"turns":3},{"damage":0,"enemies":"Chosen","floor":18,"turns":3},{"damage":0,"enemies":"2 Thieves","floor":21,"turns":4},{"damage":0,"enemies":"Snake Plant","floor":22,"turns":3},{"damage":0,"enemies":"Gremlin Leader","floor":23,"turns":5},{"damage":0,"enemies":"Sentry and Sphere","floor":24,"turns":3},{"damage":0,"enemies":"3 Cultists","floor":25,"turns":4},{"damage":0,"enemies":"Slavers","floor":28,"turns":3},{"damage":0,"enemies":"Book of Stabbing","floor":30,"turns":3},{"damage":0,"enemies":"Snecko","floor":31,"turns":4},{"damage":0,"enemies":"Champ","floor":33,"turns":4},{"damage":0,"enemies":"3 Darklings","floor":35,"turns":5},{"damage":0,"enemies":"Orb Walker","floor":36,"turns":3},{"damage":0,"enemies":"Writhing Mass","floor":38,"turns":4},{"damage":0,"enemies":"Spire Growth","floor":40,"turns":4},{"damage":25,"enemies":"Nemesis","floor":41,"turns":5},{"damage":0,"enemies":"Reptomancer","floor":46,"turns":4},{"damage":0,"enemies":"3 Darklings","floor":47,"turns":3},{"damage":0,"enemies":"Maw","floor":48,"turns":5},{"damage":12,"enemies":"Awakened One","floor":50,"turns":9},{"damage":0,"enemies":"Shield and Spear","floor":54,"turns":3},{"damage":0,"enemies":"The Heart","floor":55,"turns":5}],"seed_played":"3298438756991409183","potions_obtained":[{"floor":3.0,"key":"Weak Potion"},{"floor":5.0,"key":"Fruit Juice"},{"floor":8,"key":"SkillPotion"},{"floor":13,"key":"FearPotion"},{"floor":16,"key":"DuplicationPotion"},{"floor":24,"key":"testmod-SpacePotion"},{"floor":25,"key":"testmod-TestPotion"},{"floor":28,"key":"Regen Potion"},{"floor":30,"key":"SkillPotion"},{"floor":31,"key":"AttackPotion"},{"floor":47,"key":"PowerPotion"}],"is_trial":false,"path_per_floor":["M","M","M","M","M","E","R","E","T","E","?","R","E","?","R","B",null,"M","?","$","M","M","E","M","M","T","?","E","R","E","M","R","B",null,"M","M","?","M","?","M","E","R","T","R","$","E","M","M","R","B",null,"R","$","E","B",null],"character_chosen":"Hololive_HololiveCharacter","items_purchased":["Frozen Egg 2","Hololive_CallAZKi+1","Hololive_Yoholoon","testmod-RainbowHikingShoes","Hololive_OvertimeWork","Hololive_Spy","testmod-Reflect","BlessingOfTheForge"],"campfire_rested":0,"item_purchase_floors":[20,20,20,45,53,53,53,53],"current_hp_per_floor":[32,32,32,32,37,37,37,37,37,37,37,37,37,42,42,42,42,42,42,42,42,42,42,42,44,44,44,44,44,44,44,44,44,44,47,48,48,51,51,54,32,32,32,32,47,50,53,54,54,43,60,60,65,68,69],"gold":47,"neow_bonus":"RANDOM_COLORLESS_2","is_daily":false,"chose_seed":false,"campfire_upgraded":8,"win_rate":0.0,"timestamp":1612459515,"path_taken":["M","M","M","M","M","E","R","E","T","E","?","R","E","?","R","BOSS","M","?","$","M","M","E","M","M","T","?","E","R","E","M","R","BOSS","M","?","?","M","?","M","E","R","T","R","$","E","M","M","R","BOSS","R","$","E","BOSS"],"items_purchased_type":["Relic","Card","Card","Relic","Card","Card","Card","Potion"],"build_version":"2020-12-22","purchased_purges":3,"victory":true,"max_hp_per_floor":[32,32,32,32,37,37,37,37,37,37,37,37,37,42,42,42,42,42,42,42,42,42,42,42,44,44,44,44,44,44,44,44,44,44,47,48,48,51,51,54,57,57,57,57,57,60,63,64,64,65,65,65,65,68,69],"relic_stats":{"Darkstone Periapt":0,"Singing Bowl":16,"counters":[31,119],"Astrolabe":["Hololive_ASMR","Hololive_AWSL","Hololive_StarCraft"],"StoneCalendar":[52],"MealTicket":20,"Eternal Feather":0,"Letter Opener":[161],"obtain_stats":[{"Darkstone Periapt":26,"testmod-TestBox":0,"Singing Bowl":13,"Astrolabe":34,"Oddly Smooth Stone":28,"StoneCalendar":8,"Eternal Feather":54,"Incense Burner":46,"testmod-Nyarlathotep":0,"Letter Opener":41,"Frozen Egg 2":20,"testmod-RainbowHikingShoes":45,"testmod-IndustrialRevolution":9,"Empty Cage":17,"Ancient Tea Set":23,"testmod-Fortitude":10,"REME:ComplimentaryCards":0,"Matryoshka":6,"Hololive_TheStar":0,"MealTicket":26,"Bag of Marbles":43,"testmod-OneHitWonder":30},{"Darkstone Periapt":16,"testmod-TestBox":0,"Singing Bowl":9,"Astrolabe":20,"Oddly Smooth Stone":17,"StoneCalendar":7,"Eternal Feather":30,"Incense Burner":26,"testmod-Nyarlathotep":0,"Letter Opener":25,"Frozen Egg 2":11,"testmod-RainbowHikingShoes":25,"testmod-IndustrialRevolution":7,"Empty Cage":10,"Ancient Tea Set":14,"testmod-Fortitude":8,"REME:ComplimentaryCards":0,"Matryoshka":6,"Hololive_TheStar":0,"MealTicket":16,"Bag of Marbles":25,"testmod-OneHitWonder":18},{"Darkstone Periapt":56,"testmod-TestBox":0,"Singing Bowl":31,"Astrolabe":70,"Oddly Smooth Stone":59,"StoneCalendar":22,"Eternal Feather":115,"Incense Burner":95,"testmod-Nyarlathotep":0,"Letter Opener":91,"Frozen Egg 2":37,"testmod-RainbowHikingShoes":91,"testmod-IndustrialRevolution":22,"Empty Cage":34,"Ancient Tea Set":49,"testmod-Fortitude":28,"REME:ComplimentaryCards":0,"Matryoshka":18,"Hololive_TheStar":0,"MealTicket":56,"Bag of Marbles":91,"testmod-OneHitWonder":62}]},"card_choices":[{"not_picked":["testmod-ShutDown","Metamorphosis"],"picked":"testmod-Dream","floor":0.0},{"not_picked":["Hololive_Sequa","Hololive_OvertimeWork","Hololive_StrengthChampion"],"picked":"Hololive_Trident","floor":1.0},{"not_picked":["Hololive_Drill","Hololive_CallYogiri","Hololive_Breathe"],"picked":"Hololive_Watashimo","floor":2.0},{"not_picked":["Hololive_OvertimeWork","Hololive_CallRoboco","Hololive_CallHoushouMarine"],"picked":"Hololive_CocoNews","floor":3.0},{"not_picked":["Hololive_OvertimeWork","Hololive_LuckPotion","Hololive_HuntDinosaur"],"picked":"Hololive_MaximGun","floor":4.0},{"not_picked":["Hololive_Breathe","Hololive_LuckPotion","Hololive_Trident"],"picked":"Hololive_CallNakiriAyame","floor":5.0},{"not_picked":["Hololive_LuckPotion","Hololive_CallTokoyamiTowa","Hololive_CallAmaneKanata"],"picked":"Hololive_CallHoshimachiSuisei","floor":6},{"not_picked":["Hololive_CallAmaneKanata","Hololive_HuntDinosaur","Hololive_CallManoAloe","Hololive_CallTsunomakiWatame"],"picked":"SKIP","floor":8},{"not_picked":["Hololive_OvertimeWork","Hololive_CallAyundaRisu","Hololive_ManjiGathering"],"picked":"Hololive_FlyingPonyTail","floor":10},{"not_picked":["Hololive_CallShiroganeNoel","Hololive_Trident","Hololive_CallKiryuuCoco"],"picked":"Hololive_CallDoris","floor":13},{"not_picked":["Hololive_ASMR","Hololive_Recruit","Hololive_OpenUp"],"picked":"Hololive_Rebirth","floor":16},{"not_picked":["Hololive_CallTokoyamiTowa+1","Hololive_Rebound","Hololive_StrengthChampion"],"picked":"Hololive_FlyingPonyTail+1","floor":18},{"not_picked":["Hololive_FlyingPonyTail","Hololive_Watashimo","Hololive_CocoNews"],"picked":"Hololive_CallSakuraMiko+1","floor":21},{"not_picked":["Hololive_CallShishiroBotan+1","Hololive_Psychosis","Hololive_Rebound"],"picked":"Hololive_CallSpadeEcho+1","floor":22},{"not_picked":["Hololive_StrengthChampion","Hololive_Rebound","Hololive_FlyingPonyTail"],"picked":"Hololive_MaximGun","floor":23},{"not_picked":["Hololive_Breathe+1","Hololive_Psychosis","Hololive_StrengthChampion"],"picked":"Hololive_CocoNews","floor":24},{"not_picked":["Hololive_Breathe","Hololive_BringToTrial+1","Hololive_Rebound","Hololive_StrengthChampion"],"picked":"Singing Bowl","floor":25},{"not_picked":["Hololive_StrengthChampion","Hololive_Drill","Hololive_Rebound"],"picked":"Hololive_Psychosis+1","floor":28},{"not_picked":["Hololive_Trident","Hololive_OvertimeWork+1","Hololive_HighAtkLowDef"],"picked":"Hololive_CallMurasakiShion+1","floor":30},{"not_picked":["Hololive_FlyingPonyTail","Hololive_Sequa","Hololive_OvertimeWork"],"picked":"Hololive_CallTokinoSora+1","floor":31},{"not_picked":["Hololive_ScarfAndHalo","Hololive_IdolExercise","Hololive_DDD"],"picked":"Hololive_DurableLive","floor":33},{"not_picked":["Hololive_BringToTrial","Hololive_CallShiranuiFlare+1","Hololive_Sequa+1","Hololive_LuckPotion+1"],"picked":"Singing Bowl","floor":35},{"not_picked":["Hololive_ILoveYou","Hololive_StrengthChampion+1","Hololive_CallAyundaRisu+1"],"picked":"Hololive_Spy+1","floor":36},{"not_picked":["Hololive_StrengthChampion","Hololive_ManjiGathering+1","Hololive_Sequa+1","Hololive_HuntDinosaur+1"],"picked":"Singing Bowl","floor":38},{"not_picked":["Hololive_CallArtia+1","Hololive_Drill","Hololive_LuckPotion","Hololive_CocoNews+1"],"picked":"Singing Bowl","floor":40},{"not_picked":["Hololive_SoulCatcher+1","Hololive_Drill+1","Hololive_Recruit","Hololive_CallHimemoriLuna+1"],"picked":"Singing Bowl","floor":41},{"not_picked":["Hololive_CallMoonaHoshinova+1","Hololive_Breathe+1","Hololive_Drill","Hololive_Trident+1"],"picked":"Singing Bowl","floor":46},{"not_picked":["Hololive_FlyingPonyTail","Hololive_Sequa+1","Hololive_CallKiryuuCoco+1","Hololive_CocoNews"],"picked":"Singing Bowl","floor":47},{"not_picked":["Hololive_Breathe","Hololive_Trident+1","Hololive_StrengthChampion+1"],"picked":"Hololive_CallOkamiMio+1","floor":48},{"not_picked":["Hololive_CallHimemoriLuna+1","Hololive_ASMR","Hololive_Drill+1","Hololive_Trident+1"],"picked":"Singing Bowl","floor":54}],"player_experience":298419,"relics_obtained":[{"floor":6,"key":"Matryoshka"},{"floor":8,"key":"StoneCalendar"},{"floor":9,"key":"testmod-IndustrialRevolution"},{"floor":10,"key":"testmod-Fortitude"},{"floor":13,"key":"Singing Bowl"},{"floor":23,"key":"Ancient Tea Set"},{"floor":26,"key":"MealTicket"},{"floor":26,"key":"Darkstone Periapt"},{"floor":28,"key":"Oddly Smooth Stone"},{"floor":30,"key":"testmod-OneHitWonder"},{"floor":41,"key":"Letter Opener"},{"floor":43,"key":"Bag of Marbles"},{"floor":46,"key":"Incense Burner"},{"floor":54,"key":"Eternal Feather"}],"event_choices":[{"damage_healed":0,"gold_gain":175,"player_choice":"AGREE","damage_taken":0,"max_hp_gain":0,"max_hp_loss":0,"event_name":"Liars Game","floor":11,"gold_loss":0,"cards_obtained":["Doubt"]},{"damage_healed":0,"gold_gain":0,"player_choice":"Donut","damage_taken":0,"max_hp_gain":5,"max_hp_loss":0,"event_name":"Big Fish","floor":14,"gold_loss":0},{"cards_removed":["Hololive_Strike"],"damage_healed":0,"gold_gain":0,"player_choice":"Elegance","damage_taken":0,"max_hp_gain":0,"max_hp_loss":0,"event_name":"Back to Basics","floor":19,"gold_loss":0},{"cards_removed":["Hololive_CallKiryuuCoco"],"damage_healed":0,"gold_gain":0,"player_choice":"Offered Uncommon","damage_taken":0,"max_hp_gain":0,"max_hp_loss":0,"event_name":"Bonfire Elementals","floor":27,"gold_loss":0},{"cards_removed":["Hololive_StarCraft"],"damage_healed":0,"gold_gain":0,"player_choice":"Removed Skill","damage_taken":0,"max_hp_gain":0,"max_hp_loss":0,"event_name":"Falling","floor":37,"gold_loss":0},{"damage_healed":0,"gold_gain":0,"player_choice":"Ignored","damage_taken":0,"max_hp_gain":0,"max_hp_loss":0,"event_name":"SecretPortal","floor":39,"gold_loss":0}],"is_beta":false,"boss_relics":[{"not_picked":["Sozu","testmod-DreamHouse"],"picked":"Empty Cage"},{"not_picked":["testmod-IncinerationGenerator","testmod-Recursion"],"picked":"Astrolabe"}],"items_purged_floors":[20,45,53],"is_endless":false,"potions_floor_spawned":[3,5,8,13,16,24,25,28,30,31,35,46,47,48],"ascension_level":7}}