{"host":"pletss163z7s8pvv","time":1612415633,"event":{"mods":["AchievementEnabler","BaseMod","Better Altar","Better Match","Better Note","Better Sensory Stone","Better Skull","Better Third Choice","BetterRewards","CapriCore","ChefMod","Colored Map","Colored Powertips","Conspire","Energized Spire","Evolution","GifTheSpireLib","Hermit","Ironclad Rager","Marked Mod","Minty Spire (QoL Compilation)","Retaliation","Spicy Shops","StS++","StSLib","The Alterego","The Blue Laboratory","The Cursed","The Disciple","The Forsaken"],"gold_per_floor":[116,127,139,139,139,139,165,191,191,211,235,244,244,288,288,399,399,428,37,46,75,101,101,26,26,51,51,51,20,48,11,11,121,130,159,181,199,142,23,23,48,48,48,71,97,172,200,33,33,33,33],"floor_reached":50,"language":"ENG","playtime":1262,"items_purged":[],"score":490,"play_id":"70082038-a531-42a6-b0e3-b5b93637b00b","local_time":"20210203231353","is_ascension_mode":false,"campfire_choices":[{"floor":6,"key":"RECALL"},{"floor":13,"key":"REST"},{"floor":15,"key":"REST"},{"floor":23,"key":"REST"},{"data":"StSpp:PoisonousPunch","floor":25,"key":"SMITH"},{"data":"conspire:PoisonWeapons","floor":27,"key":"SMITH"},{"floor":32,"key":"REST"},{"data":"Caltrops","floor":40,"key":"SMITH"},{"data":"conspire:PoisonWeapons","floor":42,"key":"SMITH"},{"data":"Footwork","floor":49,"key":"SMITH"}],"circlet_count":0,"master_deck":["Strike_G","Strike_G","Strike_G","Strike_G","Strike_G","Defend_G","Defend_G+1","Defend_G","Defend_G","Defend_G","Survivor","Neutralize","Noxious Fumes+1","Slice","Leg Sweep","Deadly Poison+1","Poisoned Stab","Caltrops+1","Terror","Venomology","StSpp:PoisonousPunch+1","Poisoned Stab","Dagger Spray","Slice","conspire:PoisonWeapons+1","Acrobatics","Self Repair+1","Dagger Spray","conspire:PoisonWeapons+1","Poisoned Stab","Unload","Sucker Punch","Burst","CurseOfTheBell","Backflip+1","Caltrops+1","Madness","Madness","Enlightenment+1","Malaise+1","Footwork+1","conspire:DoublingDagger+1","StSpp:PoisonousPunch","Infinite Blades+1","Deflect","Poisoned Stab"],"relics":["Ring of the Snake","EVO:Axolotl","Nunchaku","CeramicFish","theForsaken:PlagueMask","Bag of Marbles","Philosopher\u0027s Stone","Orrery","War Paint","Bronze Scales","Art of War","MutagenicStrength","Calling Bell","theForsaken:Gavel","Eternal Feather","theForsaken:Kindling","conspire:TopHat","Omamori","TwistedFunnel"],"acts_visited":["Exordium","TheCity","TheBeyond"],"potions_floor_usage":[18,21,22,22,30,33,35,35,45,50],"damage_taken":[{"damage":0,"enemies":"2 Louse","floor":1,"turns":2},{"damage":8,"enemies":"Small Slimes","floor":2,"turns":3},{"damage":0,"enemies":"Jaw Worm","floor":3,"turns":4},{"damage":22,"enemies":"Gremlin Nob","floor":7,"turns":5},{"damage":12,"enemies":"Large Slime","floor":10,"turns":7},{"damage":11,"enemies":"conspire:2 RoseBushes","floor":11,"turns":5},{"damage":15,"enemies":"conspire:MimicChest","floor":14,"turns":6},{"damage":30,"enemies":"Hexaghost","floor":16,"turns":9},{"damage":29,"enemies":"2 Thieves","floor":18,"turns":4},{"damage":2,"enemies":"Spheric Guardian","floor":21,"turns":2},{"damage":29,"enemies":"Cultist and Chosen","floor":22,"turns":5},{"damage":15,"enemies":"Centurion and Healer","floor":30,"turns":3},{"damage":62,"enemies":"Collector","floor":33,"turns":5},{"damage":27,"enemies":"3 Shapes","floor":35,"turns":5},{"damage":0,"enemies":"Orb Walker","floor":36,"turns":2},{"damage":0,"enemies":"3 Darklings","floor":41,"turns":2},{"damage":13,"enemies":"Transient","floor":44,"turns":5},{"damage":9,"enemies":"Writhing Mass","floor":45,"turns":4},{"damage":32,"enemies":"Maw","floor":47,"turns":6},{"damage":102,"enemies":"Awakened One","floor":50,"turns":4}],"seed_played":"-7021408494915685374","potions_obtained":[{"floor":0,"key":"blueLaboratory:SuffocatingSmog"},{"floor":0,"key":"FairyPotion"},{"floor":0,"key":"LiquidMemories"},{"floor":18,"key":"PowerPotion"},{"floor":22,"key":"Swift Potion"},{"floor":36,"key":"blueLaboratory:NinjaPotion"}],"is_trial":false,"path_per_floor":["M","M","M","?","?","R","E","T","T","M","M","?","R","?","R","B",null,"M","$","?","M","M","R","?","R","T","R","?","$","M","$","R","B",null,"M","M","?","?","$","R","M","R","T","M","M","?","M","$","R","B"],"character_chosen":"THE_SILENT","items_purchased":["Orrery","War Paint","Bronze Scales","Poisoned Stab","Sucker Punch","Footwork","conspire:TopHat","TwistedFunnel","Poisoned Stab"],"campfire_rested":4,"item_purchase_floors":[19,19,19,29,31,39,39,48,48],"current_hp_per_floor":[70,62,62,62,67,67,45,45,45,33,22,22,44,29,51,21,75,46,46,46,54,35,57,57,57,57,57,57,57,52,52,74,22,75,48,48,39,39,39,63,63,75,75,72,73,73,51,51,75,0,0],"gold":33,"neow_bonus":"THREE_SMALL_POTIONS","is_daily":false,"chose_seed":false,"campfire_upgraded":5,"win_rate":0.0,"timestamp":1612415633,"path_taken":["M","M","M","?","?","R","E","?","T","M","M","?","R","?","R","BOSS","M","$","?","M","M","R","?","R","T","R","?","?","M","?","R","BOSS","M","M","?","?","$","R","M","R","T","M","M","?","M","$","R","BOSS"],"items_purchased_type":["Relic","Relic","Relic","Card","Card","Card","Relic","Relic","Card"],"build_version":"2020-12-22","purchased_purges":0,"victory":false,"max_hp_per_floor":[70,70,70,70,75,75,75,75,75,75,75,75,75,75,75,75,75,75,75,75,75,75,75,75,75,75,75,75,75,75,75,75,75,75,75,75,75,75,75,75,75,75,75,75,75,75,75,75,75,75,75],"card_choices":[{"not_picked":["Sucker Punch","Prepared"],"picked":"Noxious Fumes","floor":1},{"not_picked":["Eviscerate","Prepared"],"picked":"Slice","floor":2},{"not_picked":["StSpp:Throw","Setup"],"picked":"Leg Sweep","floor":3},{"not_picked":["StSpp:Dive","Blade Dance"],"picked":"Deadly Poison","floor":7},{"not_picked":["Slice","StSpp:Dive"],"picked":"Poisoned Stab","floor":10},{"not_picked":["Underhanded Strike","Distraction"],"picked":"Caltrops","floor":11},{"not_picked":["Eviscerate","Footwork"],"picked":"Terror","floor":14},{"not_picked":["Burst","Doppelganger"],"picked":"Venomology","floor":16},{"not_picked":["Acrobatics","Catalyst"],"picked":"StSpp:PoisonousPunch","floor":18},{"not_picked":["Concentrate","Deflect"],"picked":"Poisoned Stab","floor":19},{"not_picked":["Bane+1","Predator+1"],"picked":"Dagger Spray","floor":19},{"not_picked":["Well Laid Plans","Bane"],"picked":"Slice","floor":19},{"not_picked":["conspire:DoublingDagger","Dagger Throw"],"picked":"conspire:PoisonWeapons","floor":19},{"not_picked":["Bane","Underhanded Strike"],"picked":"Acrobatics","floor":19},{"not_picked":["Acrobatics","Slice"],"picked":"Dagger Spray","floor":21},{"not_picked":["StSpp:SpareBlade","Crippling Poison"],"picked":"conspire:PoisonWeapons","floor":22},{"not_picked":["StSpp:Lure","Acrobatics"],"picked":"Unload","floor":30},{"not_picked":["Bullet Time","Storm of Steel"],"picked":"Burst","floor":33},{"not_picked":["StSpp:Dive+1","Calculated Gamble"],"picked":"Backflip+1","floor":35},{"not_picked":["StSpp:Dive","Dodge and Roll+1"],"picked":"Caltrops+1","floor":36},{"not_picked":["Finesse+1","Blind+1"],"picked":"Enlightenment+1","floor":38},{"not_picked":["Tools of the Trade+1","Grand Finale+1"],"picked":"Malaise+1","floor":38},{"not_picked":["Slice+1","Acrobatics"],"picked":"conspire:DoublingDagger+1","floor":41},{"not_picked":["Dagger Throw","Quick Slash+1"],"picked":"StSpp:PoisonousPunch","floor":44},{"not_picked":["Underhanded Strike+1","Flying Knee"],"picked":"Infinite Blades+1","floor":45},{"not_picked":["Quick Slash","Eviscerate"],"picked":"Deflect","floor":47}],"player_experience":490316,"relics_obtained":[{"floor":7,"key":"Nunchaku"},{"floor":8,"key":"CeramicFish"},{"floor":14,"key":"Bag of Marbles"},{"floor":26,"key":"Art of War"},{"floor":34,"key":"theForsaken:Gavel"},{"floor":34,"key":"Eternal Feather"},{"floor":34,"key":"theForsaken:Kindling"},{"floor":43,"key":"Omamori"}],"event_choices":[{"damage_healed":0,"gold_gain":0,"player_choice":"Grow","damage_taken":0,"max_hp_gain":0,"max_hp_loss":0,"event_name":"Living Wall","floor":4,"gold_loss":0,"cards_upgraded":["Noxious Fumes"]},{"damage_healed":0,"gold_gain":0,"player_choice":"Donut","damage_taken":0,"max_hp_gain":5,"max_hp_loss":0,"event_name":"Big Fish","floor":5,"gold_loss":0},{"damage_healed":0,"gold_gain":0,"player_choice":"Obtain Plague Curse","damage_taken":0,"max_hp_gain":0,"max_hp_loss":0,"event_name":"Plague Doctor","floor":12,"gold_loss":0,"cards_obtained":["theForsaken:PlagueCurse"]},{"cards_removed":["Venomology"],"damage_healed":0,"gold_gain":0,"player_choice":"Take \u0026 Give","damage_taken":0,"max_hp_gain":0,"max_hp_loss":0,"event_name":"betterNote:BetterNote","floor":20,"gold_loss":0,"cards_obtained":["Self Repair"]},{"cards_removed":["theForsaken:PlagueCurse"],"damage_healed":0,"gold_gain":0,"player_choice":"Gave Gold","damage_taken":0,"max_hp_gain":0,"max_hp_loss":0,"event_name":"Beggar","floor":24,"gold_loss":75},{"damage_healed":0,"gold_gain":0,"player_choice":"Inject Mutagens","damage_taken":0,"relics_obtained":["MutagenicStrength"],"max_hp_gain":0,"max_hp_loss":0,"event_name":"Drug Dealer","floor":28,"gold_loss":0},{"damage_healed":0,"gold_gain":0,"player_choice":"Embrace Madness","damage_taken":9,"max_hp_gain":0,"max_hp_loss":0,"event_name":"Winding Halls","floor":37,"gold_loss":0,"cards_obtained":["Madness","Madness"]},{"damage_healed":0,"gold_gain":0,"player_choice":"Random: Orange","damage_taken":0,"max_hp_gain":0,"max_hp_loss":0,"event_name":"betterThird:BetterPortal","floor":38,"gold_loss":0},{"damage_healed":0,"gold_gain":0,"player_choice":"2","damage_taken":0,"max_hp_gain":0,"max_hp_loss":0,"event_name":"betterMatch:BetterMatch","floor":38,"gold_loss":0,"cards_obtained":["betterMatch:ColorlessUncommonCard","betterMatch:RareCard"]}],"is_beta":false,"boss_relics":[{"not_picked":["conspire:SeveredTorchhead","energizedSpire:SpiderWeb"],"picked":"Philosopher\u0027s Stone"},{"not_picked":["conspire:SlowCooker","Pandora\u0027s Box"],"picked":"Calling Bell"}],"items_purged_floors":[],"is_endless":false,"potions_floor_spawned":[1,10,11,16,18,22,35,36],"killed_by":"Awakened One","ascension_level":0}}