{"host":"344lv32hnei0mdhu","time":1612471903,"event":{"mods":["Act Like it!","BaseMod","Better Match","Better Sensory Stone","Better Skull","Better Third Choice","Better Vampires","Colored Powertips","Highlight Path","Minty Spire (QoL Compilation)","Quick Restart","Random Character Button","Rare Cards Sparkle","StSLib"],"gold_per_floor":[118,133,149,324,25,25,55,55,78,153,184,184,184,196,196,295,295,313,325,325,325,336,336,369,13,36,36,55,69,88,101,101,200,200,216,216,266,112,122,157,157,189,189,189,221,221,221,239,239,239,239,239,20,49,49,49],"floor_reached":55,"language":"ENG","playtime":2074,"items_purged":["Doubt","True Grit"],"score":1200,"play_id":"4513365d-2605-40d7-807f-e8125ab6d31e","local_time":"20210204145143","is_ascension_mode":true,"campfire_choices":[{"data":"Inflame","floor":6.0,"key":"SMITH"},{"data":"Inflame","floor":8.0,"key":"SMITH"},{"floor":13.0,"key":"REST"},{"data":"Heavy Blade","floor":15.0,"key":"SMITH"},{"floor":27.0,"key":"RECALL"},{"floor":32.0,"key":"REST"},{"floor":41.0,"key":"REST"},{"floor":44.0,"key":"REST"},{"data":"Limit Break","floor":46.0,"key":"SMITH"},{"floor":49.0,"key":"REST"},{"floor":52.0,"key":"REST"}],"circlet_count":0,"master_deck":["AscendersBane","Strike_R","Strike_R","Strike_R","Defend_R","Defend_R","Defend_R","Defend_R+1","Bash","Shockwave","Inflame+1","Metallicize","Inflame+1","Heavy Blade+1","Heavy Blade","Immolate","Iron Wave+1","Inflame+1","Cleave","Disarm","Blood for Blood+1","Whirlwind","True Grit+1","Berserk","Disarm+1","Shrug It Off+1","Anger","Shrug It Off+1","Body Slam+1","Limit Break+1","Metallicize+1","Feed+1","Disarm"],"relics":["Black Blood","NeowsBlessing","Lee\u0027s Waffle","Centennial Puzzle","PreservedInsect","Art of War","Orichalcum","SlaversCollar","Strawberry","Kunai","Incense Burner","War Paint","Molten Egg 2","Toy Ornithopter","Regal Pillow","Ancient Tea Set","Darkstone Periapt","Membership Card","Bottled Flame"],"acts_visited":["Exordium","TheCity","TheBeyond","TheEnding"],"potions_floor_usage":[],"damage_taken":[{"damage":0.0,"enemies":"Jaw Worm","floor":1.0,"turns":1.0},{"damage":0.0,"enemies":"Small Slimes","floor":2.0,"turns":2.0},{"damage":0.0,"enemies":"2 Louse","floor":3.0,"turns":1.0},{"damage":41.0,"enemies":"3 Sentries","floor":7.0,"turns":13.0},{"damage":7.0,"enemies":"Lagavulin","floor":11.0,"turns":5.0},{"damage":0.0,"enemies":"Exordium Thugs","floor":14.0,"turns":4.0},{"damage":16.0,"enemies":"The Guardian","floor":16.0,"turns":9.0},{"damage":1.0,"enemies":"Shell Parasite","floor":18.0,"turns":3.0},{"damage":3.0,"enemies":"Chosen","floor":19.0,"turns":4.0},{"damage":24.0,"enemies":"Centurion and Healer","floor":22.0,"turns":4.0},{"damage":5.0,"enemies":"Gremlin Leader","floor":24.0,"turns":5.0},{"damage":33.0,"enemies":"Snake Plant","floor":28.0,"turns":5.0},{"damage":3.0,"enemies":"Cultist and Chosen","floor":29.0,"turns":4.0},{"damage":22.0,"enemies":"Centurion and Healer","floor":30.0,"turns":4.0},{"damage":12.0,"enemies":"3 Cultists","floor":31.0,"turns":4.0},{"damage":51.0,"enemies":"Champ","floor":33.0,"turns":9.0},{"damage":18.0,"enemies":"3 Darklings","floor":35.0,"turns":4.0},{"damage":9.0,"enemies":"Mind Bloom Boss Battle","floor":37.0,"turns":6.0},{"damage":16.0,"enemies":"3 Shapes","floor":39.0,"turns":6.0},{"damage":14.0,"enemies":"Nemesis","floor":40.0,"turns":5.0},{"damage":37.0,"enemies":"Reptomancer","floor":42.0,"turns":6.0},{"damage":11.0,"enemies":"Giant Head","floor":45.0,"turns":8.0},{"damage":41.0,"enemies":"Transient","floor":48.0,"turns":5.0},{"damage":74.0,"enemies":"Time Eater","floor":50.0,"turns":10.0},{"damage":65.0,"enemies":"Shield and Spear","floor":54.0,"turns":7.0},{"damage":55,"enemies":"The Heart","floor":55,"turns":2}],"seed_played":"1990970670058789742","potions_obtained":[{"floor":3.0,"key":"Weak Potion"},{"floor":11.0,"key":"FearPotion"},{"floor":14.0,"key":"Regen Potion"},{"floor":16.0,"key":"SteroidPotion"},{"floor":19.0,"key":"ElixirPotion"},{"floor":24.0,"key":"GamblersBrew"},{"floor":31.0,"key":"LiquidMemories"},{"floor":35.0,"key":"EssenceOfSteel"},{"floor":37.0,"key":"PowerPotion"},{"floor":40.0,"key":"Regen Potion"}],"is_trial":false,"path_per_floor":["M","M","M","?","$","R","E","R","T","?","E","?","R","M","R","B",null,"M","M","?","?","M","?","E","$","T","R","M","M","M","M","R","B",null,"M","?","?","$","M","E","R","E","T","R","E","R","T","M","R","B",null,"R","$","E","B"],"character_chosen":"IRONCLAD","items_purchased":["Lee\u0027s Waffle","Metallicize","Kunai","War Paint","Membership Card","Feed+1"],"campfire_rested":6,"item_purchase_floors":[5,5,25,38,53,53],"current_hp_per_floor":[78,80,80,80,87,87,52,52,52,41,40,40,66,72,72,62,81,86,87,87,87,78,78,86,86,86,86,59,62,46,40,68,23,76,70,70,73,73,69,67,94,69,69,94,94,94,94,65,94,57,85,94,94,45,0,0],"gold":49,"neow_bonus":"THREE_ENEMY_KILL","is_daily":false,"chose_seed":false,"campfire_upgraded":4,"win_rate":0.0,"timestamp":1612471903,"path_taken":["M","M","M","?","$","R","E","R","T","?","E","?","R","?","R","BOSS","M","M","?","?","?","?","E","$","T","R","M","M","M","M","R","BOSS","M","?","?","$","?","E","R","E","T","R","E","R","?","M","R","BOSS","R","$","E","BOSS"],"items_purchased_type":["Relic","Card","Relic","Relic","Relic","Card"],"build_version":"2020-12-22","purchased_purges":2,"victory":false,"max_hp_per_floor":[80,80,80,80,87,87,87,87,87,87,87,87,87,87,87,87,87,87,87,87,87,87,87,94,94,94,94,94,94,94,94,94,94,94,94,94,94,94,94,94,94,94,94,94,94,94,94,94,94,94,94,94,94,98,98,98],"card_choices":[{"not_picked":["Havoc","Anger"],"picked":"Shockwave","floor":1.0},{"not_picked":["Flex","Feel No Pain","Battle Trance"],"picked":"SKIP","floor":2.0},{"not_picked":["Anger","Rampage"],"picked":"Inflame","floor":3.0},{"not_picked":["Shrug It Off","Headbutt"],"picked":"Inflame","floor":7.0},{"not_picked":["True Grit","Dual Wield"],"picked":"Heavy Blade","floor":11.0},{"not_picked":["Searing Blow","Headbutt"],"picked":"Heavy Blade","floor":14.0},{"not_picked":["Bludgeon","Brutality"],"picked":"Immolate","floor":16.0},{"not_picked":["Wild Strike","Headbutt","Rupture"],"picked":"SKIP","floor":18.0},{"not_picked":["Clash","Warcry+1"],"picked":"Iron Wave+1","floor":19.0},{"not_picked":["Iron Wave","Havoc","Bloodletting"],"picked":"SKIP","floor":22.0},{"not_picked":["Juggernaut","Wild Strike"],"picked":"Disarm","floor":24.0},{"not_picked":["Body Slam","Sword Boomerang"],"picked":"Blood for Blood+1","floor":28.0},{"not_picked":["Infernal Blade","Perfected Strike"],"picked":"Whirlwind","floor":29.0},{"not_picked":["Anger","Feel No Pain+1"],"picked":"True Grit+1","floor":30.0},{"not_picked":["Shrug It Off","Uppercut+1","Dual Wield+1"],"picked":"SKIP","floor":31.0},{"not_picked":["Corruption","Brutality"],"picked":"Berserk","floor":33.0},{"not_picked":["Burning Pact+1","Flex"],"picked":"Disarm","floor":35.0},{"not_picked":["Burning Pact+1","Twin Strike+1"],"picked":"Shrug It Off+1","floor":37.0},{"not_picked":["Shrug It Off","Perfected Strike"],"picked":"Anger","floor":39.0},{"not_picked":["Burning Pact+1","True Grit"],"picked":"Shrug It Off+1","floor":40.0},{"not_picked":["Feel No Pain+1","Havoc+1"],"picked":"Body Slam+1","floor":42.0},{"not_picked":["Warcry+1","True Grit+1"],"picked":"Limit Break","floor":45.0},{"not_picked":["Thunderclap+1","Sword Boomerang+1"],"picked":"Metallicize+1","floor":48.0},{"not_picked":["Rampage+1","Combust+1"],"picked":"Disarm","floor":54}],"player_experience":402898,"relics_obtained":[{"floor":7.0,"key":"Centennial Puzzle"},{"floor":9.0,"key":"PreservedInsect"},{"floor":11.0,"key":"Art of War"},{"floor":24.0,"key":"Strawberry"},{"floor":37.0,"key":"Incense Burner"},{"floor":40.0,"key":"Molten Egg 2"},{"floor":42.0,"key":"Toy Ornithopter"},{"floor":43.0,"key":"Regal Pillow"},{"floor":45.0,"key":"Ancient Tea Set"},{"floor":47.0,"key":"Darkstone Periapt"},{"floor":54,"key":"Bottled Flame"}],"event_choices":[{"damage_healed":0.0,"max_hp_gain":0.0,"max_hp_loss":0.0,"gold_gain":175.0,"event_name":"betterThird:BetterSerpent","player_choice":"AGREE","floor":4.0,"gold_loss":0.0,"damage_taken":149.0},{"damage_healed":0.0,"max_hp_gain":0.0,"max_hp_loss":0.0,"gold_gain":75.0,"event_name":"betterThird:BetterGoop","player_choice":"Gold","floor":10.0,"gold_loss":0.0,"damage_taken":11.0},{"damage_healed":0.0,"max_hp_gain":0.0,"max_hp_loss":0.0,"gold_gain":0.0,"event_name":"WeMeetAgain","player_choice":"Gave Potion","floor":12.0,"gold_loss":0.0,"damage_taken":0.0,"relics_obtained":["Orichalcum"]},{"damage_healed":0.0,"max_hp_gain":0.0,"max_hp_loss":0.0,"gold_gain":0.0,"event_name":"Vampires","player_choice":"Ignored","floor":20.0,"gold_loss":0.0,"damage_taken":0.0},{"damage_healed":0.0,"max_hp_gain":0.0,"max_hp_loss":0.0,"gold_gain":0.0,"event_name":"Duplicator","player_choice":"Copied","floor":21.0,"gold_loss":0.0,"damage_taken":0.0,"cards_obtained":["Inflame"]},{"damage_healed":0.0,"max_hp_gain":0.0,"max_hp_loss":0.0,"gold_gain":0.0,"cards_transformed":["Strike_R","Strike_R"],"event_name":"Drug Dealer","player_choice":"Became Test Subject","floor":23.0,"gold_loss":0.0,"damage_taken":0.0,"cards_obtained":["True Grit","Cleave"]},{"damage_healed":0.0,"max_hp_gain":0.0,"max_hp_loss":0.0,"gold_gain":3.0,"event_name":"betterStone:BetterStone","player_choice":"1","floor":36.0,"gold_loss":0.0,"damage_taken":0.0},{"damage_healed":0.0,"max_hp_gain":0.0,"max_hp_loss":0.0,"gold_gain":0.0,"event_name":"MindBloom","player_choice":"Fight","floor":37.0,"gold_loss":0.0,"damage_taken":0.0}],"is_beta":false,"boss_relics":[{"not_picked":["Ectoplasm","Runic Pyramid"],"picked":"SlaversCollar"},{"not_picked":["Empty Cage","Cursed Key"],"picked":"Black Blood"}],"items_purged_floors":[5,25],"is_endless":false,"potions_floor_spawned":[3,11,14,16,19,24,31,35,37,39,40,48],"killed_by":"The Heart","ascension_level":11}}