{"host":"mulvwr6fzlda1d2f","time":1612408234,"event":{"mods":["BaseMod","Colored Powertips","Minty Spire (QoL Compilation)","Quick Restart","Remove Card Discount Mod","StSLib","egg"],"gold_per_floor":[117,117,126,76,74,74,74,74],"floor_reached":7,"language":"ENG","playtime":180,"items_purged":["Sweeping Beam"],"score":87,"play_id":"2fb306ea-6138-4663-b7b4-1f7eb5c2aa5a","local_time":"20210203191034","daily_mods":["Draft","Heirloom","Time Dilation","Flight"],"is_ascension_mode":false,"campfire_choices":[{"data":"Chill","floor":6,"key":"SMITH"}],"circlet_count":0,"master_deck":["Gash","Genetic Algorithm","Steam","Gash","Redo","Conserve Battery","Redo","Genetic Algorithm","Coolheaded","Gash","Self Repair","Auto Shields","Chill+1","Go for the Eyes"],"relics":["Unceasing Top","FossilizedHelix","CeramicFish","Golden Idol"],"acts_visited":["Exordium"],"potions_floor_usage":[],"damage_taken":[{"damage":0,"enemies":"Small Slimes","floor":1,"turns":3},{"damage":0,"enemies":"Lagavulin","floor":7,"turns":5}],"seed_played":"-4176254988153531624","potions_obtained":[{"floor":1,"key":"SmokeBomb"}],"is_trial":true,"path_per_floor":["M","?","?","?","$","R","E"],"character_chosen":"DEFECT","items_purchased":[],"campfire_rested":0,"item_purchase_floors":[],"current_hp_per_floor":[75,63,63,63,63,63,63,63],"gold":74,"neow_bonus":"","is_daily":false,"chose_seed":false,"campfire_upgraded":1,"win_rate":0.0,"timestamp":1612408234,"path_taken":["M","?","?","?","$","R","E"],"items_purchased_type":[],"build_version":"2020-12-22","purchased_purges":1,"victory":false,"max_hp_per_floor":[75,75,75,75,75,75,75,75],"card_choices":[{"not_picked":["Storm","Chaos"],"picked":"Gash","floor":0},{"not_picked":["Cold Snap","Melter"],"picked":"Genetic Algorithm","floor":0},{"not_picked":["Cold Snap","Coolheaded"],"picked":"Steam","floor":0},{"not_picked":["Hello World","Streamline"],"picked":"Gash","floor":0},{"not_picked":["Steam Power","Stack"],"picked":"Redo","floor":0},{"not_picked":["Redo","Consume"],"picked":"Conserve Battery","floor":0},{"not_picked":["Consume","Streamline"],"picked":"Redo","floor":0},{"not_picked":["Steam Power","Doom and Gloom"],"picked":"Genetic Algorithm","floor":0},{"not_picked":["Sweeping Beam","Undo"],"picked":"Coolheaded","floor":0},{"not_picked":["Compile Driver","Stack"],"picked":"Sweeping Beam","floor":0},{"not_picked":["Aggregate","Barrage"],"picked":"Gash","floor":0},{"not_picked":["Ball Lightning","Steam"],"picked":"Self Repair","floor":0},{"not_picked":["Ball Lightning","Barrage"],"picked":"Auto Shields","floor":0},{"not_picked":["Gash","Doom and Gloom"],"picked":"Chill","floor":0},{"not_picked":["Cold Snap","Turbo"],"picked":"Go for the Eyes","floor":0},{"not_picked":["Cold Snap","Chaos","Capacitor"],"picked":"SKIP","floor":1}],"player_experience":279497,"relics_obtained":[],"event_choices":[{"damage_healed":0,"gold_gain":0,"player_choice":"Success","damage_taken":12,"relics_obtained":["CeramicFish"],"max_hp_gain":0,"max_hp_loss":0,"event_name":"Scrap Ooze","floor":2,"gold_loss":0},{"damage_healed":0,"gold_gain":0,"player_choice":"Take Wound","damage_taken":0,"relics_obtained":["Golden Idol"],"max_hp_gain":0,"max_hp_loss":0,"event_name":"Golden Idol","floor":3,"gold_loss":0,"cards_obtained":["Injury"]},{"cards_removed":["Injury"],"damage_healed":0,"gold_gain":0,"player_choice":"Card Removal","damage_taken":0,"max_hp_gain":0,"max_hp_loss":0,"event_name":"The Cleric","floor":4,"gold_loss":50}],"is_beta":false,"boss_relics":[],"items_purged_floors":[5],"is_endless":true,"potions_floor_spawned":[1],"killed_by":"Lagavulin","ascension_level":0}}