{"host":"d4km6p8r92tm3vpl","time":1612473844,"event":{"mods":["AchievementEnabler","BaseMod","Colored Map","Colored Powertips","DeckTracker","Minty Spire (QoL Compilation)","Relic Stats","StSLib"],"gold_per_floor":[114,134,147,163,44,44,44,71,71,89,89,117,117,150,150,221,221,236,161,176,176,39,39,70,80,103,202,127,145,145,157,157,231,231,249,249,269,114,114,129,143,173,173,207,223,223,235,260,260,260,260,260,46,71,71],"floor_reached":56,"language":"ENG","playtime":2310,"items_purged":["Strike_G","Strike_G"],"score":1995,"play_id":"9fa41d5a-8cbe-4da3-9fcc-4e8d2be9c833","local_time":"20210204162404","is_ascension_mode":true,"campfire_choices":[{"data":"Neutralize","floor":6.0,"key":"SMITH"},{"data":"Blade Dance","floor":11.0,"key":"SMITH"},{"data":"Cloak And Dagger","floor":13.0,"key":"SMITH"},{"data":"Deflect","floor":15.0,"key":"SMITH"},{"data":"Backflip","floor":23.0,"key":"SMITH"},{"data":"Deflect","floor":30.0,"key":"SMITH"},{"floor":32.0,"key":"REST"},{"floor":46,"key":"RECALL"},{"data":"Adrenaline","floor":49,"key":"SMITH"},{"data":"Leg Sweep","floor":52,"key":"SMITH"}],"circlet_count":0,"master_deck":["AscendersBane","Strike_G+1","Strike_G","Defend_G","Defend_G","Defend_G","Defend_G","Survivor","Neutralize+1","Blade Dance+1","Slice","Cloak And Dagger+1","Quick Slash","Noxious Fumes+1","Deflect+1","Slice","After Image+1","Tools of the Trade+1","Reflex","Backflip+1","Infinite Blades+1","Dagger Throw+1","Deflect+1","Flechettes","Calculated Gamble","A Thousand Cuts+1","CurseOfTheBell","Accuracy+1","Flash of Steel","Leg Sweep+1","Adrenaline+1","Deflect","Accuracy+1","Prepared","Backflip"],"relics":["Ring of the Serpent","NeowsBlessing","Paper Crane","Frozen Egg 2","Ornamental Fan","Shuriken","Pear","Tough Bandages","Strawberry","Calling Bell","Oddly Smooth Stone","Mummified Hand","Membership Card","Gambling Chip","Darkstone Periapt","TungstenRod","Whetstone","Lee\u0027s Waffle","Letter Opener"],"acts_visited":["Exordium","TheCity","TheBeyond","TheEnding"],"potions_floor_usage":[50,55,55],"damage_taken":[{"damage":0.0,"enemies":"Cultist","floor":1.0,"turns":1.0},{"damage":0.0,"enemies":"2 Louse","floor":2.0,"turns":1.0},{"damage":0.0,"enemies":"Small Slimes","floor":3.0,"turns":1.0},{"damage":0.0,"enemies":"Blue Slaver","floor":4.0,"turns":4.0},{"damage":19.0,"enemies":"Lagavulin","floor":8.0,"turns":8.0},{"damage":0.0,"enemies":"2 Fungi Beasts","floor":10.0,"turns":3.0},{"damage":0.0,"enemies":"3 Sentries","floor":12.0,"turns":7.0},{"damage":10.0,"enemies":"Lagavulin","floor":14.0,"turns":4.0},{"damage":0.0,"enemies":"Slime Boss","floor":16.0,"turns":6.0},{"damage":6.0,"enemies":"Spheric Guardian","floor":18.0,"turns":4.0},{"damage":0.0,"enemies":"3 Byrds","floor":20.0,"turns":4.0},{"damage":25.0,"enemies":"Slavers","floor":24.0,"turns":6.0},{"damage":0.0,"enemies":"Snake Plant","floor":25.0,"turns":4.0},{"damage":16.0,"enemies":"Snecko","floor":29.0,"turns":7.0},{"damage":0.0,"enemies":"Sentry and Sphere","floor":31.0,"turns":4.0},{"damage":4.0,"enemies":"Collector","floor":33.0,"turns":8.0},{"damage":0,"enemies":"Orb Walker","floor":35,"turns":4},{"damage":16,"enemies":"3 Shapes","floor":37,"turns":6},{"damage":12,"enemies":"Writhing Mass","floor":40,"turns":5},{"damage":0,"enemies":"Jaw Worm Horde","floor":41,"turns":4},{"damage":5,"enemies":"Reptomancer","floor":42,"turns":7},{"damage":8,"enemies":"Nemesis","floor":44,"turns":7},{"damage":0,"enemies":"3 Darklings","floor":45,"turns":4},{"damage":0,"enemies":"Spire Growth","floor":47,"turns":4},{"damage":0,"enemies":"Mind Bloom Boss Battle","floor":48,"turns":6},{"damage":23,"enemies":"Time Eater","floor":50,"turns":9},{"damage":22,"enemies":"Shield and Spear","floor":54,"turns":6},{"damage":47,"enemies":"The Heart","floor":55,"turns":10}],"seed_played":"-8823338758645315882","potions_obtained":[{"floor":4.0,"key":"EssenceOfSteel"},{"floor":8.0,"key":"LiquidMemories"},{"floor":16.0,"key":"FairyPotion"},{"floor":24.0,"key":"FairyPotion"},{"floor":29.0,"key":"Fruit Juice"},{"floor":31.0,"key":"CultistPotion"}],"is_trial":false,"path_per_floor":["M","M","M","M","?","R","$","E","T","M","R","E","R","E","R","B",null,"M","$","M","?","$","R","E","M","T","?","?","M","R","M","R","B",null,"M","?","M","$","?","M","M","E","T","E","M","R","M","?","R","B",null,"R","$","E","B",null],"character_chosen":"THE_SILENT","items_purchased":["Infinite Blades+1","Membership Card","Whetstone","Lee\u0027s Waffle","DistilledChaos","Block Potion"],"campfire_rested":1,"item_purchase_floors":[22,38,53,53,53,53],"current_hp_per_floor":[63,63,63,63,63,63,63,44,44,44,44,44,44,44,44,44,71,65,65,65,65,65,65,40,40,47,47,47,31,31,36,63,59,84,84,84,68,68,68,56,56,51,51,43,43,43,43,43,43,20,74,74,99,77,30],"gold":71,"neow_bonus":"THREE_ENEMY_KILL","is_daily":false,"chose_seed":false,"campfire_upgraded":8,"win_rate":0.0,"timestamp":1612473844,"path_taken":["M","M","M","M","?","R","?","E","T","M","R","E","R","E","R","BOSS","M","$","M","?","?","R","E","M","T","?","?","M","R","M","R","BOSS","M","?","M","$","?","M","M","E","T","E","M","R","M","?","R","BOSS","R","$","E","BOSS"],"items_purchased_type":["Card","Relic","Relic","Relic","Potion","Potion"],"build_version":"2020-12-22","purchased_purges":2,"victory":true,"max_hp_per_floor":[70,70,70,70,70,70,70,70,70,70,70,70,70,80,80,80,80,80,80,80,80,80,80,80,80,87,87,87,87,87,92,92,92,92,92,92,92,92,92,92,92,92,92,92,92,92,92,92,92,92,92,92,99,99,99],"relic_stats":{"Darkstone Periapt":0,"Tough Bandages":[318],"Lee\u0027s Waffle":25,"counters":[28,144],"Ornamental Fan":[492],"Shuriken":[117],"Mummified Hand":[71],"Gambling Chip":[10],"Whetstone":["Strike_G","Dagger Throw"],"Letter Opener":[35],"obtain_stats":[{"Darkstone Periapt":44,"Lee\u0027s Waffle":53,"Pear":14,"NeowsBlessing":0,"Oddly Smooth Stone":34,"Whetstone":53,"Letter Opener":54,"Paper Crane":5,"Frozen Egg 2":8,"Calling Bell":34,"Tough Bandages":24,"Ornamental Fan":9,"Shuriken":12,"Mummified Hand":34,"Strawberry":26,"Gambling Chip":42,"Membership Card":38,"Ring of the Serpent":17,"TungstenRod":48,"Ring of the Snake":0},{"Darkstone Periapt":22,"Lee\u0027s Waffle":26,"Pear":8,"NeowsBlessing":0,"Oddly Smooth Stone":16,"Whetstone":26,"Letter Opener":27,"Paper Crane":4,"Frozen Egg 2":5,"Calling Bell":16,"Tough Bandages":12,"Ornamental Fan":5,"Shuriken":7,"Mummified Hand":16,"Strawberry":13,"Gambling Chip":21,"Membership Card":18,"Ring of the Serpent":9,"TungstenRod":25,"Ring of the Snake":0},{"Darkstone Periapt":105,"Lee\u0027s Waffle":128,"Pear":29,"NeowsBlessing":0,"Oddly Smooth Stone":72,"Whetstone":128,"Letter Opener":134,"Paper Crane":7,"Frozen Egg 2":15,"Calling Bell":72,"Tough Bandages":49,"Ornamental Fan":15,"Shuriken":25,"Mummified Hand":72,"Strawberry":53,"Gambling Chip":98,"Membership Card":82,"Ring of the Serpent":35,"TungstenRod":119,"Ring of the Snake":0}],"TungstenRod":23},"card_choices":[{"not_picked":["Slice","Backflip"],"picked":"Blade Dance","floor":1.0},{"not_picked":["Prepared","Bane"],"picked":"Slice","floor":2.0},{"not_picked":["Setup","Blade Dance"],"picked":"Cloak And Dagger","floor":3.0},{"not_picked":["Catalyst","Blur"],"picked":"Quick Slash","floor":4.0},{"not_picked":["Outmaneuver","Tools of the Trade+1"],"picked":"Noxious Fumes+1","floor":8.0},{"not_picked":["Quick Slash","Bane"],"picked":"Deflect","floor":10.0},{"not_picked":["Bullet Time","Expertise"],"picked":"Slice","floor":12.0},{"not_picked":["PiercingWail","Well Laid Plans+1"],"picked":"After Image+1","floor":14.0},{"not_picked":["Glass Knife","Doppelganger"],"picked":"Tools of the Trade+1","floor":16.0},{"not_picked":["Prepared+1","Outmaneuver"],"picked":"Reflex","floor":18.0},{"not_picked":["Flying Knee","Skewer"],"picked":"Backflip","floor":20.0},{"not_picked":["Dash","All Out Attack"],"picked":"Dagger Throw","floor":24.0},{"not_picked":["Poisoned Stab","Backflip"],"picked":"Deflect","floor":25.0},{"not_picked":["Prepared","Underhanded Strike"],"picked":"Flechettes","floor":29.0},{"not_picked":["Setup","Dagger Spray"],"picked":"Calculated Gamble","floor":31.0},{"not_picked":["Burst","Envenom+1"],"picked":"A Thousand Cuts+1","floor":33.0},{"not_picked":["Deflect","Noxious Fumes+1"],"picked":"Accuracy+1","floor":35},{"not_picked":["Slice","Eviscerate+1","PiercingWail"],"picked":"SKIP","floor":37},{"not_picked":["Metamorphosis","Madness"],"picked":"Flash of Steel","floor":39},{"not_picked":["Bane","Flying Knee","Dagger Throw"],"picked":"SKIP","floor":40},{"not_picked":["Underhanded Strike","Choke","Riddle With Holes"],"picked":"SKIP","floor":41},{"not_picked":["Deadly Poison","Expertise"],"picked":"Leg Sweep","floor":42},{"not_picked":["Sucker Punch","Reflex"],"picked":"Adrenaline","floor":44},{"not_picked":["Eviscerate","Noxious Fumes+1"],"picked":"Deflect","floor":45},{"not_picked":["Cloak And Dagger+1","Crippling Poison"],"picked":"Accuracy+1","floor":47},{"not_picked":["Bane","Backflip"],"picked":"Prepared","floor":48},{"not_picked":["Slice+1","A Thousand Cuts+1"],"picked":"Backflip","floor":54}],"player_experience":840684,"relics_obtained":[{"floor":8.0,"key":"Frozen Egg 2"},{"floor":9.0,"key":"Ornamental Fan"},{"floor":12.0,"key":"Shuriken"},{"floor":14.0,"key":"Pear"},{"floor":24.0,"key":"Tough Bandages"},{"floor":26.0,"key":"Strawberry"},{"floor":34,"key":"Oddly Smooth Stone"},{"floor":34,"key":"Mummified Hand"},{"floor":42,"key":"Gambling Chip"},{"floor":44,"key":"Darkstone Periapt"},{"floor":48,"key":"TungstenRod"},{"floor":54,"key":"Letter Opener"}],"event_choices":[{"damage_healed":0.0,"max_hp_gain":0.0,"max_hp_loss":0.0,"gold_gain":0.0,"event_name":"WeMeetAgain","player_choice":"Paid Gold","floor":5.0,"gold_loss":119.0,"damage_taken":0.0,"relics_obtained":["Paper Crane"]},{"cards_removed":["Strike_G"],"damage_healed":0.0,"max_hp_gain":0.0,"max_hp_loss":0.0,"gold_gain":0.0,"event_name":"Bonfire Elementals","player_choice":"Offered Basic","floor":21.0,"gold_loss":0.0,"damage_taken":0.0},{"damage_healed":0.0,"max_hp_gain":0.0,"max_hp_loss":0.0,"gold_gain":99.0,"event_name":"Nest","player_choice":"Stole From Cult","floor":27.0,"gold_loss":0.0,"damage_taken":0.0},{"cards_removed":["Defend_G"],"damage_healed":0.0,"max_hp_gain":0.0,"max_hp_loss":0.0,"gold_gain":0.0,"event_name":"Beggar","player_choice":"Gave Gold","floor":28.0,"gold_loss":75.0,"damage_taken":0.0},{"damage_healed":0,"gold_gain":0,"player_choice":"Ignored","damage_taken":0,"max_hp_gain":0,"max_hp_loss":0,"event_name":"Tomb of Lord Red Mask","floor":36,"gold_loss":0},{"damage_healed":0,"gold_gain":0,"player_choice":"Memory 1","damage_taken":0,"max_hp_gain":0,"max_hp_loss":0,"event_name":"SensoryStone","floor":39,"gold_loss":0},{"damage_healed":0,"gold_gain":0,"player_choice":"Fight","damage_taken":0,"max_hp_gain":0,"max_hp_loss":0,"event_name":"MindBloom","floor":48,"gold_loss":0}],"is_beta":false,"boss_relics":[{"not_picked":["Ectoplasm","Runic Dome"],"picked":"Ring of the Serpent"},{"not_picked":["Tiny House","Philosopher\u0027s Stone"],"picked":"Calling Bell"}],"items_purged_floors":[19,22],"is_endless":false,"potions_floor_spawned":[4,8,12,14,16,18,24,25,29,31,40,41,45,47,54],"ascension_level":13}}