{"host":"a1eatafr7pisesky","time":1612449354,"event":{"mods":["AchievementEnabler","BaseMod","Colored Map","Keyboard Shortcuts","Minty Spire (QoL Compilation)","Say the Spire","StSLib","SuperFastMode","everything is the same but u backflip on backflip"],"gold_per_floor":[119,119,44,119,132,163,178,207,207,132,132,142,161,179,179,179,179],"floor_reached":16,"language":"KOR","playtime":350,"items_purged":["Strike_R"],"score":240,"play_id":"cbb6424a-ac3a-498f-be33-aba7a93dddfe","local_time":"20210204233554","is_ascension_mode":true,"campfire_choices":[{"floor":15.0,"key":"REST"}],"circlet_count":0,"master_deck":["AscendersBane","Strike_R","Defend_R","Defend_R","Defend_R","Defend_R","Bash","Bloodletting+1","Power Through+1","Blood for Blood","Inflame","Disarm","Body Slam","Shrug It Off+1","Armaments+1","Entrench+1","Shrug It Off+1"],"relics":["Burning Blood","NeowsBlessing","War Paint","Prayer Wheel","Toxic Egg 2"],"acts_visited":["Exordium"],"potions_floor_usage":[16],"damage_taken":[{"damage":0.0,"enemies":"Small Slimes","floor":1.0,"turns":1.0},{"damage":0.0,"enemies":"Jaw Worm","floor":5.0,"turns":1.0},{"damage":0.0,"enemies":"Gremlin Nob","floor":6.0,"turns":1.0},{"damage":9.0,"enemies":"2 Louse","floor":7.0,"turns":4.0},{"damage":24.0,"enemies":"Lagavulin","floor":8.0,"turns":6.0},{"damage":16.0,"enemies":"Exordium Wildlife","floor":12.0,"turns":7.0},{"damage":17.0,"enemies":"Gremlin Gang","floor":13.0,"turns":5.0},{"damage":22.0,"enemies":"Lots of Slimes","floor":14.0,"turns":7.0},{"damage":42,"enemies":"Slime Boss","floor":16,"turns":11}],"seed_played":"5707970086132315649","potions_obtained":[{"floor":1.0,"key":"Explosive Potion"},{"floor":7.0,"key":"SmokeBomb"},{"floor":8.0,"key":"Dexterity Potion"}],"is_trial":false,"path_per_floor":["M","?","?","?","M","E","M","E","T","$","?","M","M","M","R","B"],"character_chosen":"IRONCLAD","items_purchased":[],"campfire_rested":1,"item_purchase_floors":[],"current_hp_per_floor":[74,74,74,63,69,75,72,54,54,54,47,37,26,10,32,0,0],"gold":179,"neow_bonus":"THREE_ENEMY_KILL","is_daily":false,"chose_seed":false,"campfire_upgraded":0,"win_rate":0.0,"timestamp":1612449354,"path_taken":["M","?","?","?","M","E","M","E","T","?","?","M","M","?","R","BOSS"],"items_purchased_type":[],"build_version":"2020-12-22","purchased_purges":1,"victory":false,"max_hp_per_floor":[75,75,75,75,75,75,75,75,75,75,75,75,75,75,75,75,75],"card_choices":[{"not_picked":["Heavy Blade","Iron Wave"],"picked":"Bloodletting","floor":1.0},{"not_picked":["Twin Strike","Clash"],"picked":"Blood for Blood","floor":5.0},{"not_picked":["Havoc","Combust"],"picked":"Inflame","floor":6.0},{"not_picked":["Dark Embrace","Wild Strike"],"picked":"Disarm","floor":7.0},{"not_picked":["Reckless Charge","Flex"],"picked":"Body Slam","floor":8.0},{"not_picked":["Heavy Blade","Metallicize"],"picked":"Shrug It Off+1","floor":12.0},{"not_picked":["Anger","Sever Soul"],"picked":"Armaments+1","floor":12.0},{"not_picked":["Infernal Blade+1","Iron Wave"],"picked":"Entrench+1","floor":13.0},{"not_picked":["Headbutt","Blood for Blood","Dark Embrace"],"picked":"SKIP","floor":13.0},{"not_picked":["Double Tap+1","Armaments+1"],"picked":"Shrug It Off+1","floor":14.0},{"not_picked":["Thunderclap","Flex+1","Twin Strike"],"picked":"SKIP","floor":14.0},{"not_picked":["Thunderclap","Flex+1","Twin Strike"],"picked":"SKIP","floor":14.0}],"player_experience":403804,"relics_obtained":[{"floor":6.0,"key":"War Paint"},{"floor":8.0,"key":"Prayer Wheel"},{"floor":9.0,"key":"Toxic Egg 2"}],"event_choices":[{"damage_healed":0.0,"max_hp_gain":0.0,"max_hp_loss":0.0,"gold_gain":0.0,"cards_transformed":["Strike_R"],"event_name":"Living Wall","player_choice":"Change","floor":2.0,"gold_loss":0.0,"damage_taken":0.0,"cards_obtained":["Power Through"]},{"cards_removed":["Strike_R"],"damage_healed":0.0,"max_hp_gain":0.0,"max_hp_loss":0.0,"gold_gain":0.0,"event_name":"The Cleric","player_choice":"Card Removal","floor":3.0,"gold_loss":75.0,"damage_taken":0.0},{"damage_healed":0.0,"max_hp_gain":0.0,"max_hp_loss":0.0,"gold_gain":75.0,"event_name":"World of Goop","player_choice":"Gather Gold","floor":4.0,"gold_loss":0.0,"damage_taken":11.0},{"cards_removed":["Strike_R"],"damage_healed":0.0,"max_hp_gain":0.0,"max_hp_loss":0.0,"gold_gain":0.0,"event_name":"Golden Wing","player_choice":"Card Removal","floor":11.0,"gold_loss":0.0,"damage_taken":7.0}],"is_beta":false,"boss_relics":[],"items_purged_floors":[10],"is_endless":false,"potions_floor_spawned":[1,7,8,12,13],"killed_by":"Slime Boss","ascension_level":15}}