{"host":"oehe2dxjvdgux73m","time":1612447145,"event":{"mods":["AchievementEnabler","BaseMod","Colored Map","Colored Powertips","DeckTracker","Keyboard Shortcuts","Minty Spire (QoL Compilation)","Permanent Neow","Quick Restart","StSLib","SuperFastMode"],"gold_per_floor":[118,118,43,61,61,61,61,61,61,61,111,132,132,153,153,153,153],"floor_reached":16,"language":"KOR","playtime":289,"items_purged":["Strike_R"],"score":158,"play_id":"818bd6eb-e1aa-4ed8-b9eb-ce77cf277705","local_time":"20210204225905","is_ascension_mode":true,"campfire_choices":[{"data":"Burning Pact","floor":6.0,"key":"SMITH"},{"data":"Feed","floor":13.0,"key":"SMITH"},{"data":"Bash","floor":15.0,"key":"SMITH"}],"circlet_count":0,"master_deck":["AscendersBane","Strike_R","Strike_R","Strike_R","Defend_R","Defend_R","Defend_R","Defend_R","Bash+1","Reaper","Burning Pact+1","Shrug It Off","Parasite","Feed+1","Hemokinesis"],"relics":["Burning Blood","Golden Idol","The Courier","Bag of Marbles"],"acts_visited":["Exordium"],"potions_floor_usage":[16],"damage_taken":[{"damage":2.0,"enemies":"Small Slimes","floor":1.0,"turns":5.0},{"damage":1.0,"enemies":"Cultist","floor":4.0,"turns":3.0},{"damage":16.0,"enemies":"2 Louse","floor":12.0,"turns":5.0},{"damage":7.0,"enemies":"2 Fungi Beasts","floor":14.0,"turns":6.0},{"damage":84,"enemies":"Slime Boss","floor":16,"turns":11}],"seed_played":"7970385355351689778","potions_obtained":[{"floor":1.0,"key":"Swift Potion"},{"floor":14.0,"key":"SkillPotion"}],"is_trial":false,"path_per_floor":["M","?","$","M","?","R","?","?","T","$","T","M","R","M","R","B"],"character_chosen":"IRONCLAD","items_purchased":[],"campfire_rested":0,"item_purchase_floors":[],"current_hp_per_floor":[57,57,57,62,62,62,62,68,68,68,68,62,62,65,65,0,0],"gold":153,"neow_bonus":"THREE_RARE_CARDS","is_daily":false,"chose_seed":false,"campfire_upgraded":3,"win_rate":0.0,"timestamp":1612447145,"path_taken":["M","?","$","?","?","R","?","?","T","?","?","M","R","M","R","BOSS"],"items_purchased_type":[],"build_version":"2020-12-22","purchased_purges":1,"victory":false,"max_hp_per_floor":[75,75,75,75,68,68,68,68,68,68,68,68,68,72,72,72,72],"card_choices":[{"not_picked":["Limit Break","Immolate"],"picked":"Reaper","floor":0.0},{"not_picked":["Anger","Warcry"],"picked":"Burning Pact","floor":1.0},{"not_picked":["Uppercut","Evolve"],"picked":"Shrug It Off","floor":4.0},{"not_picked":["Wild Strike","Cleave"],"picked":"Feed","floor":12.0},{"not_picked":["Heavy Blade","Second Wind"],"picked":"Hemokinesis","floor":14.0}],"player_experience":367150,"relics_obtained":[{"floor":9.0,"key":"The Courier"},{"floor":11.0,"key":"Bag of Marbles"}],"event_choices":[{"cards_removed":["Strike_R"],"damage_healed":0.0,"max_hp_gain":0.0,"max_hp_loss":0.0,"gold_gain":0.0,"event_name":"Purifier","player_choice":"Purged","floor":2.0,"gold_loss":0.0,"damage_taken":0.0},{"damage_healed":0.0,"max_hp_gain":0.0,"max_hp_loss":7.0,"gold_gain":0.0,"event_name":"Golden Idol","player_choice":"Lose Max HP","floor":5.0,"gold_loss":0.0,"damage_taken":0.0,"relics_obtained":["Golden Idol"]},{"damage_healed":0.0,"max_hp_gain":0.0,"max_hp_loss":0.0,"gold_gain":0.0,"event_name":"Dead Adventurer","player_choice":"Searched \u00270\u0027 times","floor":7.0,"gold_loss":0.0,"damage_taken":0.0},{"damage_healed":17.0,"max_hp_gain":0.0,"max_hp_loss":0.0,"gold_gain":0.0,"event_name":"Mushrooms","player_choice":"Healed and dodged fight","floor":8.0,"gold_loss":0.0,"damage_taken":0.0,"cards_obtained":["Parasite"]}],"is_beta":false,"boss_relics":[],"items_purged_floors":[3],"is_endless":false,"potions_floor_spawned":[1,14],"killed_by":"Slime Boss","ascension_level":16}}