{"host":"cd25ms2o8pjhjp7m","time":1612478076,"event":{"mods":["Aspiration","BaseMod","Bestiary","Better Third Choice","BetterRewards","Conspire","Curses Come First","Friendly Minions","GifTheSpireLib","Gremlin Mod","Hubris","LagranYue(???·?)","Minty Spire (QoL Compilation)","Rare Cards Sparkle","Relic Stats","Reliquary","Replay The Spire","Robot Space Explorer","StSLib","The Poker Player","The Runesmith","Uncapped","[IsaacMod]????","??????REMEMod"],"gold_per_floor":[117,117,217,36,47,81,96,128,174,174,174,174,189,209,209,313,313,581,581,595,595,595,595],"floor_reached":22,"language":"DEU","playtime":1114,"items_purged":["Injury"],"score":219,"play_id":"6e37afa4-61bd-4bb3-a6ac-f6706585dde5","local_time":"20210204233436","is_ascension_mode":false,"campfire_choices":[{"data":"Runesmith:Repurpose","floor":12,"key":"SMITH"},{"floor":15,"key":"DIG"}],"circlet_count":0,"master_deck":["Runesmith:Strike_RS","Runesmith:Strike_RS","Runesmith:Strike_RS","Runesmith:Strike_RS","Runesmith:Defend_RS","Runesmith:Defend_RS","Runesmith:Defend_RS","Runesmith:Defend_RS","Runesmith:CraftFirestone","Runesmith:Fortify","Judgement","Runesmith:Electrocute","Runesmith:PoweredAnvil+1","Runesmith:Grindstone","Runesmith:PerfectChisel","Runesmith:OneForEveryone","Runesmith:GoWithTheFlow","Runesmith:Repurpose+1","Runesmith:PoweredAnvil","Runesmith:Discharge","Runesmith:Retool","Runesmith:DuctTape+1","Runesmith:MetallurgicalResearch","Pot Of Greed","Pot Of Greed","Runesmith:ChargedHammer","Pot Of Greed","Runesmith:Electrocute","Runesmith:CraftVitae","Runesmith:MakeshiftArmor"],"relics":["Runesmith:BrokenRuby","REME_ComplimentaryCards","HushsDoor","LagranYue:RandomDrawCardRelic","PokeGo","NeowsBlessing","ReplayTheSpireMod:Lightbulb","Pen Nib","Gremlin Food","Frozen Egg 2","Letter Opener","hubris:HollowSoul","GuppysHairball","MegaBlast","Anchor","hubris:ToyBattleship","Anchor","REME_HourglassOfDeath","Thread and Needle","Grinning Jar"],"acts_visited":["Exordium","TheCity"],"potions_floor_usage":[16,16,18,20],"damage_taken":[{"damage":0,"enemies":"2 Louse","floor":1,"turns":1},{"damage":0,"enemies":"conspire:RoseBush","floor":5,"turns":1},{"damage":3,"enemies":"3 Sentries","floor":6,"turns":2},{"damage":0,"enemies":"Cultist","floor":7,"turns":3},{"damage":3,"enemies":"Gremlin Nob","floor":8,"turns":4},{"damage":0,"enemies":"2 Fungi Beasts","floor":13,"turns":2},{"damage":4,"enemies":"Blue Slaver","floor":14,"turns":4},{"damage":17,"enemies":"Fading Forest","floor":16,"turns":11},{"damage":2,"enemies":"Shell Parasite","floor":18,"turns":2},{"damage":5,"enemies":"Chosen","floor":20,"turns":5},{"damage":6,"enemies":"Snecko","floor":22,"turns":2}],"seed_played":"6689487052669215562","potions_obtained":[{"floor":1,"key":"EssenceOfSteel"},{"floor":5,"key":"Doom Potion"},{"floor":7,"key":"Block Potion"},{"floor":16,"key":"Strength Potion"},{"floor":18,"key":"SkillPotion"},{"floor":18,"key":"LiquidBronze"}],"is_trial":false,"path_per_floor":["M","?","?","$","M","E","M","E","T","?","$","R","M","M","R","B",null,"M","?","M","?","M"],"character_chosen":"RUNESMITH_CLASS","items_purchased":["Runesmith:PoweredAnvil+1","Runesmith:Grindstone","Runesmith:PerfectChisel","Runesmith:MetallurgicalResearch","GuppysHairball","MegaBlast"],"campfire_rested":0,"item_purchase_floors":[4,4,4,17,17,17],"current_hp_per_floor":[70,70,70,70,70,67,67,64,64,64,59,59,59,55,55,38,16,8,8,3,3,0,0],"gold":595,"neow_bonus":"THREE_ENEMY_KILL","is_daily":false,"chose_seed":false,"campfire_upgraded":1,"win_rate":0.0,"timestamp":1612478076,"path_taken":["M","?","?","$","M","E","M","E","T","?","?","R","M","?","R","BOSS","M","?","?","?","?"],"items_purchased_type":["Card","Card","Card","Card","Relic","Relic"],"build_version":"2020-12-22","purchased_purges":1,"victory":false,"max_hp_per_floor":[70,70,70,70,70,70,70,70,70,70,70,70,70,70,70,70,16,16,16,16,16,16,16],"relic_stats":{"counters":[11,41],"Pen Nib":[3],"Letter Opener":[50],"obtain_stats":[{"KeepersGift":0,"Gremlin Food":9,"Runesmith:BrokenRuby":0,"LagranYue:RandomDrawCardRelic":0,"NeowsBlessing":0,"Thread and Needle":18,"Pen Nib":8,"hubris:HollowSoul":17,"Letter Opener":15,"Frozen Egg 2":10,"MegaBlast":17,"Anchor":18,"PokeGo":0,"REME_HourglassOfDeath":18,"reliquary:SculptingSteel":18,"hubris:ToyBattleship":18,"GuppysHairball":17,"Grinning Jar":18,"HushsDoor":0,"ReplayTheSpireMod:Lightbulb":6,"REME_ComplimentaryCards":0},{"KeepersGift":0,"Gremlin Food":5,"Runesmith:BrokenRuby":0,"LagranYue:RandomDrawCardRelic":0,"NeowsBlessing":0,"Thread and Needle":9,"Pen Nib":5,"hubris:HollowSoul":8,"Letter Opener":7,"Frozen Egg 2":5,"MegaBlast":8,"Anchor":9,"PokeGo":0,"REME_HourglassOfDeath":9,"reliquary:SculptingSteel":9,"hubris:ToyBattleship":9,"GuppysHairball":8,"Grinning Jar":9,"HushsDoor":0,"ReplayTheSpireMod:Lightbulb":3,"REME_ComplimentaryCards":0},{"KeepersGift":0,"Gremlin Food":11,"Runesmith:BrokenRuby":0,"LagranYue:RandomDrawCardRelic":0,"NeowsBlessing":0,"Thread and Needle":32,"Pen Nib":11,"hubris:HollowSoul":28,"Letter Opener":17,"Frozen Egg 2":11,"MegaBlast":28,"Anchor":32,"PokeGo":0,"REME_HourglassOfDeath":32,"reliquary:SculptingSteel":32,"hubris:ToyBattleship":32,"GuppysHairball":28,"Grinning Jar":32,"HushsDoor":0,"ReplayTheSpireMod:Lightbulb":4,"REME_ComplimentaryCards":0}]},"card_choices":[{"not_picked":[],"picked":"SuicideKing","floor":0},{"not_picked":["Bomb","Runesmith:HeatExchange"],"picked":"Runesmith:Electrocute","floor":1},{"not_picked":["Runesmith:CraftIndustria","Runesmith:RuneHurl"],"picked":"Runesmith:OneForEveryone","floor":5},{"not_picked":["Runesmith:Grindstone","Runesmith:HammerAndChisel"],"picked":"Runesmith:GoWithTheFlow","floor":6},{"not_picked":["Runesmith:UnstableHammer","Runesmith:ChargedHammer"],"picked":"Runesmith:Repurpose","floor":7},{"not_picked":["Runesmith:HeatedChisel","Runesmith:Repurpose"],"picked":"Runesmith:PoweredAnvil","floor":8},{"not_picked":["Bomb","Runesmith:Augment"],"picked":"Runesmith:Discharge","floor":13},{"not_picked":["Runesmith:UnstableHammer","Runesmith:PoweredAnvil+1"],"picked":"Runesmith:Retool","floor":14},{"not_picked":["Runesmith:ArcReactor+1","Runesmith:ReplicatingBarrier+1"],"picked":"Runesmith:DuctTape+1","floor":16},{"not_picked":["Runesmith:ShiftingStrike","Runesmith:StaticCage+1"],"picked":"Runesmith:ChargedHammer","floor":18},{"not_picked":["Runesmith:HammerTime+1","Runesmith:Repurpose"],"picked":"Runesmith:Electrocute","floor":18},{"not_picked":["Runesmith:CraftProtectio","Runesmith:Firestorm+1"],"picked":"Runesmith:CraftVitae","floor":18},{"not_picked":["Runesmith:BackupBattery","Runesmith:ChiselStab","Runesmith:ElementalConversion+1"],"picked":"SKIP","floor":18},{"not_picked":["Runesmith:Augment","Runesmith:CraftVitae"],"picked":"Runesmith:MakeshiftArmor","floor":20}],"player_experience":473362,"relics_obtained":[{"floor":6,"key":"ReplayTheSpireMod:Lightbulb"},{"floor":8,"key":"Pen Nib"},{"floor":9,"key":"Gremlin Food"},{"floor":15,"key":"Letter Opener"},{"floor":18,"key":"Anchor"},{"floor":18,"key":"hubris:ToyBattleship"},{"floor":18,"key":"reliquary:SculptingSteel"},{"floor":18,"key":"REME_HourglassOfDeath"},{"floor":18,"key":"Thread and Needle"},{"floor":18,"key":"Grinning Jar"}],"event_choices":[{"damage_healed":0,"gold_gain":100,"player_choice":"Pray","damage_taken":0,"max_hp_gain":0,"max_hp_loss":0,"event_name":"Golden Shrine","floor":3,"gold_loss":0},{"damage_healed":0,"gold_gain":0,"player_choice":"Ignored","damage_taken":0,"max_hp_gain":0,"max_hp_loss":0,"event_name":"Cursed Tome","floor":21,"gold_loss":0}],"is_beta":false,"boss_relics":[{"not_picked":["SacredBark","ChampionBelt"],"picked":"hubris:HollowSoul"},{"not_picked":[]}],"items_purged_floors":[11],"is_endless":false,"potions_floor_spawned":[1,5,7,16,18],"killed_by":"Snecko","ascension_level":0}}