{"host":"awsx6hu75lh7tsqd","time":1612418661,"event":{"mods":["AchievementEnabler","BaseMod","BetterRewards","Colored Map","Evolution","Minty Spire (QoL Compilation)","Shop Mod","StSLib"],"gold_per_floor":[112,130,145,163,38,66,66,86,86,106,106,116,68,87,87,186,186,204,222,222,235,247,247,247],"floor_reached":23,"language":"ENG","playtime":1060,"items_purged":["Defend_B","Defend_B"],"score":354,"play_id":"b16afc67-83c2-49a4-8397-23a90dfe2007","local_time":"20210203230421","is_ascension_mode":true,"campfire_choices":[{"floor":7,"key":"REST"},{"floor":11,"key":"REST"},{"floor":15,"key":"REST"}],"circlet_count":0,"master_deck":["Compile Driver","Compile Driver","Compile Driver","Compile Driver","Defend_B","Defend_B","Zap","Dualcast","Barrage","Capacitor","Sweeping Beam","Ball Lightning","Heatsinks","Barrage","Ball Lightning","Darkness","Ball Lightning","Leap","Creative AI","Cold Snap+1","Cold Snap","Chaos+1"],"relics":["Cracked Core","EVO:Axolotl","Runic Capacitor","Pen Nib","Cables","Inserter"],"acts_visited":["Exordium","TheCity"],"potions_floor_usage":[10,16,22,23],"damage_taken":[{"damage":6,"enemies":"Cultist","floor":1,"turns":3},{"damage":10,"enemies":"Small Slimes","floor":2,"turns":2},{"damage":9,"enemies":"2 Louse","floor":3,"turns":2},{"damage":0,"enemies":"Large Slime","floor":4,"turns":3},{"damage":36,"enemies":"Lagavulin","floor":6,"turns":6},{"damage":6,"enemies":"Looter","floor":8,"turns":2},{"damage":15,"enemies":"3 Louse","floor":10,"turns":3},{"damage":13,"enemies":"Blue Slaver","floor":12,"turns":2},{"damage":0,"enemies":"2 Fungi Beasts","floor":14,"turns":2},{"damage":11,"enemies":"Hexaghost","floor":16,"turns":6},{"damage":19,"enemies":"3 Byrds","floor":18,"turns":3},{"damage":20,"enemies":"2 Thieves","floor":19,"turns":4},{"damage":8,"enemies":"Snecko","floor":21,"turns":4},{"damage":19,"enemies":"Centurion and Healer","floor":22,"turns":5},{"damage":10,"enemies":"Book of Stabbing","floor":23,"turns":1}],"seed_played":"-3425136505703406367","potions_obtained":[{"floor":3,"key":"SpeedPotion"},{"floor":6,"key":"Ancient Potion"},{"floor":8,"key":"Weak Potion"},{"floor":10,"key":"ColorlessPotion"},{"floor":21,"key":"FocusPotion"},{"floor":22,"key":"AttackPotion"}],"is_trial":false,"path_per_floor":["M","M","M","M","$","E","R","M","T","M","R","M","$","M","R","B",null,"M","M","?","M","M","E"],"character_chosen":"DEFECT","items_purchased":["Runic Capacitor","Barrage","Capacitor","Barrage","Ball Lightning"],"campfire_rested":3,"item_purchase_floors":[0,0,0,5,13],"current_hp_per_floor":[56,46,37,37,37,1,23,17,17,2,24,11,11,11,33,22,75,56,36,36,28,9,0,0],"gold":247,"neow_bonus":"","is_daily":false,"chose_seed":false,"campfire_upgraded":0,"win_rate":0.0,"timestamp":1612418661,"path_taken":["M","M","M","M","$","E","R","M","T","?","R","M","$","M","R","BOSS","M","M","?","M","M","E"],"items_purchased_type":["Relic","Card","Card","Card","Card"],"build_version":"2020-12-22","purchased_purges":2,"victory":false,"max_hp_per_floor":[75,75,75,75,75,75,75,75,75,75,75,75,75,75,75,75,75,75,75,75,75,75,75,75],"card_choices":[{"not_picked":["Compile Driver","Steam"],"picked":"Sweeping Beam","floor":1},{"not_picked":["Self Repair","Coolheaded"],"picked":"Ball Lightning","floor":2},{"not_picked":["Beam Cell","Turbo"],"picked":"Heatsinks","floor":3},{"not_picked":["Reboot","Coolheaded","Gash"],"picked":"SKIP","floor":4},{"not_picked":["Biased Cognition","Beam Cell"],"picked":"Ball Lightning","floor":6},{"not_picked":["Stack","Consume","Sunder"],"picked":"SKIP","floor":8},{"not_picked":["Sunder","Doom and Gloom"],"picked":"Darkness","floor":10},{"not_picked":["Conserve Battery","Static Discharge","Turbo"],"picked":"SKIP","floor":12},{"not_picked":["Blizzard","Amplify"],"picked":"Leap","floor":14},{"not_picked":["All For One","Multi-Cast"],"picked":"Creative AI","floor":16},{"not_picked":["Gash","Redo"],"picked":"Cold Snap+1","floor":18},{"not_picked":["Streamline","Hello World","Compile Driver"],"picked":"SKIP","floor":19},{"not_picked":["Rip and Tear","Compile Driver"],"picked":"Cold Snap","floor":21},{"not_picked":["White Noise+1","Hologram"],"picked":"Chaos+1","floor":22}],"player_experience":118482,"relics_obtained":[{"floor":6,"key":"Pen Nib"},{"floor":9,"key":"Cables"}],"event_choices":[{"damage_healed":0,"gold_gain":0,"player_choice":"Ignored","damage_taken":0,"max_hp_gain":0,"max_hp_loss":0,"event_name":"Ghosts","floor":20,"gold_loss":0}],"is_beta":false,"boss_relics":[{"not_picked":["Calling Bell","Pandora\u0027s Box"],"picked":"Inserter"}],"items_purged_floors":[0,5],"is_endless":false,"potions_floor_spawned":[3,6,8,10,14,21,22],"killed_by":"Book of Stabbing","ascension_level":2}}