{"host":"zf1gvustpgbojd4t","time":1612419248,"event":{"mods":["Act Like it!","BaseMod","Downfall","Hallownest","Map Debug Mod","Minty Spire (QoL Compilation)","MostiFishMod","Replay The Spire","StSLib"],"gold_per_floor":[99,99,99,99,9,22,49,83,83,83,110,110,110,130,142,245,245,45,55,55,74,59,59,59,159,187,187,187,206,219,248,267,368,368,268,268,268,282,295,295,295,295],"floor_reached":40,"language":"ZHS","playtime":1602,"items_purged":["Slimebound:Strike_Slimebound"],"score":430,"play_id":"42d6118b-d39b-41b8-a2d6-5f7e5106af6f","local_time":"20210204141408","is_ascension_mode":false,"campfire_choices":[{"floor":1,"key":"RECALL"},{"data":"Slimebound:DisruptingSlam","floor":9,"key":"SMITH"},{"data":"Slimebound:Gluttony","floor":18,"key":"SMITH"},{"data":"Slimebound:RejuvenatingLick","floor":23,"key":"SMITH"},{"data":"1","floor":35,"key":"LIFT"}],"circlet_count":0,"master_deck":["Slimebound:Defend_Slimebound+1","Slimebound:Defend_Slimebound+1","Slimebound:Defend_Slimebound+1","Slimebound:Defend_Slimebound+1","Slimebound:Split+1","Slimebound:CorrosiveSpit+1","Slimebound:FlameTackle+1","Slimebound:Schlurp+1","Slimebound:DisruptingSlam+1","Slimebound:Gluttony+1","Slimebound:TongueLash+1","Sword Boomerang+1","Slimebound:OneTwoCombo+1","Slimebound:ComboTackle+1","Slimebound:RejuvenatingLick+1","Slimebound:RollThrough+1","Slimebound:RollThrough+1","Slimebound:TongueLash+1","Slimebound:SplitSpecialist+1","Slimebound:TongueLash+1","Slimebound:LeadByExample+1","Slimebound:SpikyOuterGoop+1","Slimebound:Schlurp+1","Slimebound:DuplicatedForm+1","Injury","downfall:Icky","Slimebound:BestDefense+1","Slimebound:SplitBruiser"],"relics":["DaveBox","GuanYuAspect","downfall:HeartsMalice","DaCapo","m_BurningSludge","Oddly Smooth Stone","Blue Candle","RhineCircuit","Eternal Feather","MutagenicStrength","Girya","Mango","ReplayTheSpireMod:Lightbulb","Kintsugi"],"acts_visited":["Exordium","TheCity","TheBeyond"],"potions_floor_usage":[21,25,26,31,31,33],"damage_taken":[{"damage":0,"enemies":"Small Slimes","floor":2,"turns":1},{"damage":0,"enemies":"2 Louse","floor":3,"turns":1},{"damage":0,"enemies":"Jaw Worm","floor":4,"turns":1},{"damage":9,"enemies":"downfall:FleeingMerchant","floor":5,"turns":4},{"damage":7,"enemies":"2 Fungi Beasts","floor":6,"turns":2},{"damage":20,"enemies":"Gremlin Nob","floor":8,"turns":4},{"damage":13,"enemies":"Lagavulin","floor":11,"turns":5},{"damage":0,"enemies":"Exordium Wildlife","floor":14,"turns":4},{"damage":6,"enemies":"Large Slime","floor":15,"turns":4},{"damage":29,"enemies":"IC_STATUS_ARCHETYPE","floor":16,"turns":7},{"damage":16,"enemies":"Chosen","floor":19,"turns":3},{"damage":10,"enemies":"Spheric Guardian","floor":21,"turns":4},{"damage":15,"enemies":"downfall:FleeingMerchant","floor":22,"turns":4},{"damage":25,"enemies":"downfall:Augmenter","floor":25,"turns":4},{"damage":19,"enemies":"Slavers","floor":26,"turns":3},{"damage":22,"enemies":"Centurion and Healer","floor":29,"turns":4},{"damage":12,"enemies":"Snecko","floor":30,"turns":4},{"damage":22,"enemies":"Book of Stabbing","floor":31,"turns":4},{"damage":24,"enemies":"Snake Plant","floor":32,"turns":3},{"damage":35,"enemies":"DF_ARCHETYPE_CLAW","floor":33,"turns":8},{"damage":59,"enemies":"3 Darklings","floor":38,"turns":4},{"damage":19,"enemies":"Orb Walker","floor":39,"turns":3},{"damage":24,"enemies":"Spire Growth","floor":40,"turns":1}],"seed_played":"-1583325616209103215","potions_obtained":[{"floor":6,"key":"Weak Potion"},{"floor":8,"key":"Reflective Coating"},{"floor":14,"key":"Guardian:BlockOnCardUsePotion"},{"floor":21,"key":"Toxic Potion"},{"floor":25,"key":"EssenceOfSteel"},{"floor":28,"key":"CultistPotion"},{"floor":32,"key":"Fire Potion"},{"floor":33,"key":"Reflective Coating"},{"floor":39,"key":"Fire Potion"}],"is_trial":false,"path_per_floor":["R","M","M","M","$","M","T","E","R","?","E","?","?","M","M","B",null,"R","M","?","M","$","R","T","?","E","?","?","M","M","E","M","B",null,"R","?","?","M","M","M"],"character_chosen":"SLIMEBOUND","items_purchased":[],"campfire_rested":0,"item_purchase_floors":[],"current_hp_per_floor":[33,33,33,33,33,32,32,22,22,22,23,26,21,30,35,24,38,43,41,41,36,35,35,35,25,29,36,36,28,30,32,21,20,51,59,59,52,22,20,0,0,0],"gold":295,"neow_bonus":"THREE_ENEMY_KILL","is_daily":false,"chose_seed":false,"campfire_upgraded":3,"win_rate":0.0,"timestamp":1612419248,"path_taken":["R","M","M","M","$","M","T","E","R","?","E","?","?","M","M","BOSS","R","M","?","M","$","R","T","?","E","?","?","M","M","E","M","BOSS","R","?","?","M","M","M"],"items_purchased_type":[],"build_version":"2020-12-22","purchased_purges":1,"victory":false,"max_hp_per_floor":[33,33,33,33,33,33,33,33,33,33,33,38,38,38,38,38,38,48,48,48,48,48,48,48,48,48,62,62,62,62,62,62,62,62,62,62,52,52,52,52,52,52],"card_choices":[{"not_picked":["Slimebound:SplitBruiser","Slimebound:SpikyOuterGoop"],"picked":"Slimebound:PressTheAttack","floor":2},{"not_picked":["Slimebound:Schlurp","Slimebound:HauntingLick"],"picked":"Slimebound:FlameTackle","floor":3},{"not_picked":["Slimebound:LeechingTouch","Slimebound:LeadByExample"],"picked":"Slimebound:Schlurp","floor":4},{"not_picked":["Slimebound:ServeAndProtect","Slimebound:SplitAcid","Slimebound:Schlurp"],"picked":"SKIP","floor":5},{"not_picked":["Slimebound:ItLooksTasty","Slimebound:FinishingTackle"],"picked":"Slimebound:DisruptingSlam","floor":6},{"not_picked":["Slimebound:SelfFormingGoo","Slimebound:AcidTongue","Slimebound:LeechingTouch"],"picked":"SKIP","floor":8},{"not_picked":["Slimebound:DisruptingSlam","Slimebound:SpikyOuterGoop"],"picked":"Slimebound:Gluttony","floor":11},{"not_picked":["Slimebound:SplitBruiser","Slimebound:DivideAndConquer"],"picked":"Slimebound:TongueLash","floor":14},{"not_picked":["Slimebound:RollThrough","Slimebound:ComboTackle"],"picked":"Sword Boomerang","floor":15},{"not_picked":["Offering","Slimebound:SelfFormingGoo"],"picked":"Slimebound:OneTwoCombo","floor":16},{"not_picked":["Slimebound:GoopSpray","Slimebound:GoopTackle"],"picked":"Slimebound:ComboTackle+1","floor":19},{"not_picked":["Slimebound:FinishingTackle+1","Slimebound:ViciousTackle+1"],"picked":"Slimebound:RollThrough","floor":21},{"not_picked":["Slimebound:ItLooksTasty+1","Slimebound:SlimeSpikes"],"picked":"Slimebound:LeechingTouch+1","floor":22},{"not_picked":[],"picked":"J.A.X.","floor":25},{"not_picked":["Slimebound:PressTheAttack","Slimebound:LeechEnergy+1"],"picked":"Slimebound:SplitSpecialist","floor":25},{"not_picked":["Slimebound:PressTheAttack","Slimebound:SlimeBrawl"],"picked":"Slimebound:TongueLash","floor":26},{"not_picked":["Slimebound:SplitLeeching","Slimebound:Dissolve+1"],"picked":"Slimebound:LeadByExample","floor":29},{"not_picked":["Slimebound:LeechingTouch","Slimebound:ComboTackle"],"picked":"Slimebound:SpikyOuterGoop","floor":30},{"not_picked":["Slimebound:SlimeTap","Slimebound:Prepare"],"picked":"Slimebound:MegaLick","floor":31},{"not_picked":["Slimebound:AcidTongue","Slimebound:SlimeTap"],"picked":"Slimebound:Schlurp","floor":32},{"not_picked":["Slimebound:MassRepurpose","Slimebound:MassFeed"],"picked":"Slimebound:DuplicatedForm","floor":33},{"not_picked":["Slimebound:SplitSpecialist","Slimebound:TongueLash"],"picked":"Slimebound:BestDefense+1","floor":38},{"not_picked":["Slimebound:Prepare+1","Slimebound:SlimeBrawl"],"picked":"Slimebound:SplitBruiser","floor":39}],"player_experience":88902,"relics_obtained":[{"floor":8,"key":"DaCapo"},{"floor":11,"key":"Oddly Smooth Stone"},{"floor":24,"key":"Eternal Feather"},{"floor":25,"key":"MutagenicStrength"},{"floor":26,"key":"Girya"},{"floor":31,"key":"ReplayTheSpireMod:Lightbulb"}],"event_choices":[{"damage_healed":0,"gold_gain":0,"player_choice":"Donut","damage_taken":0,"max_hp_gain":5,"max_hp_loss":0,"event_name":"Big Fish","floor":12,"gold_loss":0},{"damage_healed":0,"gold_gain":0,"player_choice":"Read","damage_taken":0,"max_hp_gain":0,"max_hp_loss":0,"event_name":"The Library","floor":20,"gold_loss":0,"cards_obtained":["Slimebound:RejuvenatingLick"]}],"is_beta":false,"boss_relics":[{"not_picked":["Abe\u0027s Treasure","OneHitWonderSystem"],"picked":"RhineCircuit"},{"not_picked":["TimeKeys","FixedStarFall"],"picked":"Kintsugi"}],"items_purged_floors":[5],"is_endless":false,"potions_floor_spawned":[6,8,14,15,21,25,30,32,33,39],"killed_by":"Spire Growth","ascension_level":0}}