{"host":"dscols65uipasqd2","time":1612416823,"event":{"mods":["2.2 Compatiblity","AchievementEnabler","Aspiration","BaseMod","Colored Powertips","Downfall","Energized Spire","GifTheSpireLib","Hermit","Hubris","Infinite Spire","JesterMod","Jorbs\u0027s Wanderer Trilogy","Marisa????????","Minty Spire (QoL Compilation)","Rare Cards Sparkle","Replay The Spire","StSLib","Stuff the Spire","The Cursed","The Disciple","The Hierophant","The Judge","The Jungle","The Runesmith","TheFirefly"],"gold_per_floor":[99,113,123,1,12,42,42,27,46,46,102,113,125,125,145,250,250,50,66,77,28,28,0,69,269,287,287,287,287],"floor_reached":27,"language":"ENG","playtime":1270,"items_purged":[],"score":262,"play_id":"c7aac1f1-577b-4cb5-b9a2-821b3c7c8ca2","local_time":"20210204003343","is_ascension_mode":true,"campfire_choices":[{"floor":1,"key":"DIG"},{"floor":10,"key":"REST"}],"circlet_count":0,"master_deck":["bronze:Strike","bronze:Strike","bronze:Strike","bronze:Strike","bronze:Defend","bronze:Defend","bronze:Defend","bronze:Defend","bronze:Replicate","bronze:Goto","bronze:Branch","bronze:WhirlingStrike","bronze:Separator","bronze:DigitalCarnage","bronze:Safeguard","bronze:Shell","bronze:Frontload","bronze:CloningBeam","bronze:Turbo","bronze:GetLatest","bronze:Philosophize","bronze:ForLoop","bronze:TinkerersToolbox","bronze:TinkerersToolbox","bronze:DigitalCarnage+1","bronze:Invalidate","bronze:ChildClass","bronze:Turbo","bronze:Turbo","bronze:ChosenStrike+1","Enlightenment","stsjorbsmod:Withering","bronze:Overload"],"relics":["bronze:BronzeCore","hubris:GlazedTorus","Runesmith:Nanobots","hubris:BundleOfHerbs","Cursed Key","downfall:HeartBlessingGreen","downfall:HeartBlessingBlue","Nilry\u0027s Codex","Iron Hammer","hubris:DeckOfHolding"],"acts_visited":["Exordium","TheCity"],"potions_floor_usage":[6,16,16,16,19,19,20,27],"damage_taken":[{"damage":1,"enemies":"Cultist","floor":2,"turns":4},{"damage":3,"enemies":"2 Louse","floor":3,"turns":2},{"damage":0,"enemies":"downfall:FleeingMerchant","floor":4,"turns":4},{"damage":1,"enemies":"Small Slimes","floor":5,"turns":2},{"damage":23,"enemies":"Lagavulin","floor":6,"turns":6},{"damage":0,"enemies":"downfall:FleeingMerchant","floor":8,"turns":4},{"damage":0,"enemies":"Exordium Wildlife","floor":9,"turns":3},{"damage":0,"enemies":"Gremlin Nob","floor":11,"turns":2},{"damage":0,"enemies":"Red Slaver","floor":12,"turns":3},{"damage":11,"enemies":"Exordium Thugs","floor":13,"turns":5},{"damage":24,"enemies":"Exordium Wildlife","floor":15,"turns":4},{"damage":12,"enemies":"WA_ARCHETYPE_RETAIN","floor":16,"turns":4},{"damage":26,"enemies":"Shell Parasite","floor":19,"turns":2},{"damage":6,"enemies":"Chosen and Byrds","floor":20,"turns":3},{"damage":0,"enemies":"downfall:FleeingMerchant","floor":21,"turns":4},{"damage":15,"enemies":"downfall:FleeingMerchant","floor":23,"turns":3},{"damage":11,"enemies":"Snake Plant","floor":26,"turns":4},{"damage":21,"enemies":"Slavers","floor":27,"turns":1}],"seed_played":"3350835370675045908","potions_obtained":[{"floor":0,"key":"bronze:CleanCodePotion"},{"floor":0,"key":"GamblersBrew"},{"floor":0,"key":"Block Potion"},{"floor":2,"key":"Doom Potion"},{"floor":11,"key":"SteroidPotion"},{"floor":16,"key":"Swift Potion"},{"floor":18,"key":"Fruit Juice"},{"floor":18,"key":"Death Potion"},{"floor":19,"key":"hexamod:SoulburnPotion"},{"floor":26,"key":"DuplicationPotion"}],"is_trial":false,"path_per_floor":["R","M","M","$","M","E","T","$","M","R","?","M","M","?","M","B",null,"R","M","M","$","?","$","T","?","M","E"],"character_chosen":"THE_AUTOMATON","items_purchased":["bronze:DigitalCarnage","bronze:Safeguard","bronze:Turbo","Iron Hammer","ColorlessPotion","Enlightenment"],"campfire_rested":1,"item_purchase_floors":[4,4,21,23,23,23],"current_hp_per_floor":[70,69,66,66,65,42,42,42,42,63,63,63,52,52,28,16,70,80,59,53,53,37,22,22,22,11,0,0,0],"gold":287,"neow_bonus":"THREE_SMALL_POTIONS","is_daily":false,"chose_seed":false,"campfire_upgraded":0,"win_rate":0.0,"timestamp":1612416823,"path_taken":["R","M","M","$","M","E","T","$","?","R","?","M","M","?","M","BOSS","R","M","M","$","?","$","T","?","?","E"],"items_purchased_type":["Card","Card","Card","Relic","Potion","Card"],"build_version":"2020-12-22","purchased_purges":0,"victory":false,"max_hp_per_floor":[70,70,70,70,70,70,70,70,70,70,70,70,70,70,70,70,70,80,85,85,85,85,85,85,85,85,85,85,85],"card_choices":[{"not_picked":["bronze:BugBarrage","bronze:Repulsor"],"picked":"bronze:Branch","floor":2},{"not_picked":["bronze:Overheat","bronze:Virus"],"picked":"bronze:WhirlingStrike","floor":3},{"not_picked":["bronze:ThunderWave","bronze:Deprecate"],"picked":"bronze:Separator","floor":4},{"not_picked":["bronze:Shield","bronze:ChildClass"],"picked":"bronze:Shell","floor":5},{"not_picked":["bronze:Shell","bronze:ForLoop"],"picked":"bronze:Frontload","floor":6},{"not_picked":["bronze:Safeguard","bronze:Fortify"],"picked":"bronze:CloningBeam","floor":8},{"not_picked":["bronze:Overheat","bronze:Separator"],"picked":"bronze:Turbo","floor":9},{"not_picked":["bronze:Separator","bronze:BitShift"],"picked":"bronze:GetLatest","floor":11},{"not_picked":["bronze:DelayedSlice","bronze:Invalidate"],"picked":"bronze:Philosophize","floor":12},{"not_picked":["bronze:Constructor","bronze:CutThrough"],"picked":"bronze:ForLoop","floor":13},{"not_picked":["bronze:Repair","bronze:Terminator"],"picked":"bronze:TinkerersToolbox","floor":15},{"not_picked":["bronze:AlphaBuild","bronze:Break"],"picked":"bronze:TinkerersToolbox","floor":16},{"not_picked":["bronze:OilSpill","bronze:Allocate"],"picked":"bronze:DigitalCarnage+1","floor":19},{"not_picked":["bronze:Separator","bronze:GetLatest"],"picked":"bronze:Invalidate","floor":20},{"not_picked":["bronze:CutThrough","bronze:TinkerersToolbox"],"picked":"bronze:ChildClass","floor":21},{"not_picked":["bronze:Constructor","bronze:OilSpill+1"],"picked":"bronze:ChosenStrike+1","floor":23},{"not_picked":["bronze:Branch","bronze:Separator"],"picked":"bronze:Overload","floor":26}],"player_experience":584347,"relics_obtained":[{"floor":1,"key":"hubris:GlazedTorus"},{"floor":6,"key":"Runesmith:Nanobots"},{"floor":11,"key":"hubris:BundleOfHerbs"},{"floor":22,"key":"Nilry\u0027s Codex"},{"floor":24,"key":"hubris:DeckOfHolding"}],"event_choices":[{"damage_healed":0,"gold_gain":200,"player_choice":"Gold","damage_taken":0,"max_hp_gain":0,"max_hp_loss":0,"event_name":"Wheel of Change","floor":25,"gold_loss":0}],"is_beta":false,"boss_relics":[{"not_picked":["energizedSpire:DeadBattery","Painkiller Herb"],"picked":"Cursed Key"}],"items_purged_floors":[],"is_endless":false,"potions_floor_spawned":[2,5,11,12,16,19,26],"killed_by":"Slavers","ascension_level":2}}