{"host":"5w7hw1ne5h7avrl9","time":1612461628,"event":{"mods":["AchievementEnabler","BaseMod","Colored Map","Colored Powertips","Displayed Cursed Tome","Googly Eyes","Minty Spire (QoL Compilation)","SuperFastMode"],"gold_per_floor":[118,137,156,106,106,122,142,142,142,242,242,269,287,307,307,411,461,481,492,512,512,524,524,524,524],"floor_reached":24,"language":"ENG","playtime":1283,"items_purged":[],"score":222,"play_id":"52b60797-36cc-4686-ae34-2d881f35f0e6","local_time":"20210204100028","is_ascension_mode":true,"campfire_choices":[{"data":"Defend_B","floor":8,"key":"PURGE"},{"data":"Strike_B","floor":11,"key":"PURGE"},{"floor":15,"key":"REST"},{"data":"J.A.X.","floor":23,"key":"SMITH"}],"circlet_count":0,"master_deck":["Strike_B","Strike_B","Defend_B","Defend_B","Defend_B","Zap","Dualcast","Streamline","Conserve Battery+1","Hologram","Genetic Algorithm","Sunder","Streamline","Gash","Echo Form","Glacier","Blizzard","J.A.X.+1","Rip and Tear"],"relics":["Cracked Core","Peace Pipe","GremlinMask","PreservedInsect","Smiling Mask","Tiny House"],"acts_visited":["Exordium","TheCity"],"potions_floor_usage":[7,16,16,20,22,24],"damage_taken":[{"damage":0,"enemies":"Small Slimes","floor":1,"turns":2},{"damage":0,"enemies":"2 Louse","floor":2,"turns":2},{"damage":0,"enemies":"Cultist","floor":3,"turns":3},{"damage":6,"enemies":"3 Louse","floor":6,"turns":4},{"damage":4,"enemies":"Gremlin Gang","floor":7,"turns":4},{"damage":31,"enemies":"3 Sentries","floor":12,"turns":6},{"damage":12,"enemies":"Lots of Slimes","floor":13,"turns":4},{"damage":5,"enemies":"Looter","floor":14,"turns":3},{"damage":22,"enemies":"Slime Boss","floor":16,"turns":9},{"damage":11,"enemies":"2 Thieves","floor":18,"turns":5},{"damage":8,"enemies":"Spheric Guardian","floor":19,"turns":5},{"damage":18,"enemies":"Snake Plant","floor":20,"turns":5},{"damage":15,"enemies":"Snecko","floor":22,"turns":5},{"damage":31,"enemies":"Centurion and Healer","floor":24,"turns":4}],"seed_played":"6363526050692903883","potions_obtained":[{"floor":6,"key":"AttackPotion"},{"floor":12,"key":"Weak Potion"},{"floor":13,"key":"EssenceOfSteel"},{"floor":14,"key":"Weak Potion"},{"floor":16,"key":"SpeedPotion"},{"floor":17,"key":"CultistPotion"},{"floor":22,"key":"Block Potion"}],"is_trial":false,"path_per_floor":["M","M","M","?","?","M","M","R","T","?","R","E","M","M","R","B",null,"M","M","M","?","M","R","M"],"character_chosen":"DEFECT","items_purchased":[],"campfire_rested":1,"item_purchase_floors":[],"current_hp_per_floor":[68,68,68,68,68,62,58,58,58,58,58,27,15,10,30,8,73,62,54,36,36,21,21,0,0],"gold":524,"neow_bonus":"ONE_RARE_RELIC","is_daily":false,"chose_seed":false,"campfire_upgraded":1,"win_rate":0.0,"timestamp":1612461628,"path_taken":["M","M","M","?","?","M","?","R","T","?","R","E","M","?","R","BOSS","M","M","?","?","M","R","M"],"items_purchased_type":[],"build_version":"2020-12-22","purchased_purges":0,"victory":false,"max_hp_per_floor":[68,68,68,68,68,68,68,68,68,68,68,68,68,68,68,68,73,73,73,73,73,73,73,73,73],"card_choices":[{"not_picked":["Rebound","Go for the Eyes"],"picked":"Streamline","floor":1},{"not_picked":["Cold Snap","Storm"],"picked":"Conserve Battery","floor":2},{"not_picked":["Sweeping Beam","Coolheaded"],"picked":"Hologram","floor":3},{"not_picked":["Sweeping Beam","Stack"],"picked":"Genetic Algorithm","floor":6},{"not_picked":["Leap","Coolheaded","Go for the Eyes"],"picked":"SKIP","floor":7},{"not_picked":["Compile Driver","Redo"],"picked":"Sunder","floor":12},{"not_picked":["Storm","Doom and Gloom"],"picked":"Streamline","floor":13},{"not_picked":["Hologram","Rainbow"],"picked":"Gash","floor":14},{"not_picked":["Seek","Rainbow"],"picked":"Echo Form","floor":16},{"not_picked":["Sweeping Beam","Aggregate"],"picked":"Glacier","floor":17},{"not_picked":["Go for the Eyes","Gash"],"picked":"Blizzard","floor":18},{"not_picked":["Genetic Algorithm","Stack","Streamline"],"picked":"SKIP","floor":19},{"not_picked":["Rebound+1","Streamline","Cold Snap"],"picked":"SKIP","floor":20},{"not_picked":["Hello World","Aggregate+1"],"picked":"Rip and Tear","floor":22}],"player_experience":193101,"relics_obtained":[{"floor":9,"key":"PreservedInsect"},{"floor":12,"key":"Smiling Mask"}],"event_choices":[{"cards_removed":["Strike_B"],"damage_healed":0,"gold_gain":0,"player_choice":"Card Removal","damage_taken":0,"max_hp_gain":0,"max_hp_loss":0,"event_name":"The Cleric","floor":4,"gold_loss":50},{"damage_healed":0,"gold_gain":0,"player_choice":"Trade","damage_taken":0,"relics_obtained":["GremlinMask"],"max_hp_gain":0,"max_hp_loss":0,"event_name":"FaceTrader","floor":5,"gold_loss":0},{"damage_healed":0,"gold_gain":100,"player_choice":"Pray","damage_taken":0,"max_hp_gain":0,"max_hp_loss":0,"event_name":"Golden Shrine","floor":10,"gold_loss":0},{"damage_healed":0,"gold_gain":0,"player_choice":"Obtain J.A.X.","damage_taken":0,"max_hp_gain":0,"max_hp_loss":0,"event_name":"Drug Dealer","floor":21,"gold_loss":0,"cards_obtained":["J.A.X."]}],"is_beta":false,"boss_relics":[{"not_picked":["Calling Bell","SacredBark"],"picked":"Tiny House"}],"items_purged_floors":[],"is_endless":false,"potions_floor_spawned":[6,12,13,14,16,18,22],"killed_by":"Centurion and Healer","ascension_level":2}}