{"host":"g2yp6paluzgljz05","time":1612445426,"event":{"mods":["BaseMod","Bestiary","Colored Powertips","DeckTracker","Highlight Path","Minty Spire (QoL Compilation)","Quick Restart"],"gold_per_floor":[118,43,118,137,137,165,192,192,192,192,203,230,230,230,230],"floor_reached":14,"language":"ENG","playtime":430,"items_purged":["Strike_R"],"score":182,"play_id":"12e45ee8-198b-4de9-b90f-2f64808ed75c","local_time":"20210205003026","is_ascension_mode":true,"campfire_choices":[{"data":"Bash","floor":8,"key":"SMITH"}],"circlet_count":0,"master_deck":["AscendersBane","Strike_R","Strike_R","Strike_R","Strike_R","Defend_R","Defend_R","Defend_R","Defend_R","Bash+1","Demon Form","Warcry","Pain"],"relics":["Burning Blood","NeowsBlessing","Kunai","Turnip","Odd Mushroom","WingedGreaves","Singing Bowl"],"acts_visited":["Exordium"],"potions_floor_usage":[7,12],"damage_taken":[{"damage":0,"enemies":"2 Louse","floor":1,"turns":1},{"damage":0,"enemies":"Jaw Worm","floor":4,"turns":1},{"damage":0,"enemies":"3 Sentries","floor":6,"turns":2},{"damage":30,"enemies":"The Mushroom Lair","floor":7,"turns":4},{"damage":10,"enemies":"Cultist","floor":11,"turns":4},{"damage":35,"enemies":"Gremlin Nob","floor":12,"turns":4},{"damage":2,"enemies":"Lagavulin","floor":14,"turns":4}],"seed_played":"1964667257958956415","potions_obtained":[{"floor":1,"key":"SkillPotion"},{"floor":4,"key":"DistilledChaos"}],"is_trial":false,"path_per_floor":["M","$","?","M","T","E","?","R","T","?","M","E","?","E"],"character_chosen":"IRONCLAD","items_purchased":[],"campfire_rested":0,"item_purchase_floors":[],"current_hp_per_floor":[78,78,67,73,73,79,55,55,55,55,51,24,24,22,22],"gold":230,"neow_bonus":"THREE_ENEMY_KILL","is_daily":false,"chose_seed":false,"campfire_upgraded":1,"win_rate":0.0,"timestamp":1612445426,"path_taken":["M","$","?","M","?","E","?","R","T","?","?","E","?","E"],"items_purchased_type":[],"build_version":"2020-12-22","purchased_purges":1,"victory":false,"max_hp_per_floor":[80,80,80,80,80,80,80,80,80,80,80,82,82,82,82],"card_choices":[{"not_picked":["Bloodletting","Anger","Wild Strike"],"picked":"SKIP","floor":1},{"not_picked":["Flex","Blood for Blood","Fire Breathing"],"picked":"SKIP","floor":4},{"not_picked":["Clash","Fire Breathing"],"picked":"Demon Form","floor":6},{"not_picked":["Rupture","Iron Wave"],"picked":"Warcry","floor":7},{"not_picked":["Sword Boomerang","Perfected Strike","Wild Strike"],"picked":"SKIP","floor":11},{"not_picked":["Battle Trance","Twin Strike","Thunderclap"],"picked":"Singing Bowl","floor":12}],"player_experience":330397,"relics_obtained":[{"floor":5,"key":"Kunai"},{"floor":6,"key":"Turnip"},{"floor":7,"key":"Odd Mushroom"},{"floor":9,"key":"WingedGreaves"},{"floor":12,"key":"Singing Bowl"}],"event_choices":[{"damage_healed":0,"gold_gain":75,"player_choice":"Gather Gold","damage_taken":11,"max_hp_gain":0,"max_hp_loss":0,"event_name":"World of Goop","floor":3,"gold_loss":0},{"damage_healed":0,"gold_gain":0,"player_choice":"Fought Mushrooms","damage_taken":0,"max_hp_gain":0,"max_hp_loss":0,"event_name":"Mushrooms","floor":7,"gold_loss":0},{"damage_healed":0,"gold_gain":0,"player_choice":"1 cards matched","damage_taken":0,"max_hp_gain":0,"max_hp_loss":0,"event_name":"Match and Keep!","floor":10,"gold_loss":0,"cards_obtained":["Pain"]},{"damage_healed":0,"gold_gain":0,"player_choice":"Ignored","damage_taken":0,"max_hp_gain":0,"max_hp_loss":0,"event_name":"Shining Light","floor":13,"gold_loss":0}],"is_beta":false,"boss_relics":[],"items_purged_floors":[2],"is_endless":false,"potions_floor_spawned":[1,4],"killed_by":"Lagavulin","ascension_level":10}}