{"host":"hf26dlu7397s98tc","time":1612452829,"event":{"mods":["Act Like it!","Arknights","Astrologer","BaseMod","CapriCore","Chen","Gensokyo","GifTheSpireLib","Hallownest","Hermit","Koishi","Luminous","Marisa£®ÏF”Í°°ƒß¿Ì…≥£©","Minty Spire (QoL Compilation)","Pale of the Ancients","Quick Restart","Reimu£®≤©¿ˆ¡È√Œ£©","Remilia£®¿Ÿ√◊¿Ú—«£©","Robot Space Explorer","StSLib","The Administrix","The Bug Knight","The Dragon Tamer","The Gatherer","The Immortal","The Servant 0.9.4","TheWitcher","UnlockEverythingMod","Yakumo Yukari mod","Youmu£®ªÍ∆«—˝√Œ£©"],"gold_per_floor":[11,11,11,11,24,24,34,34,34,67,254,341,364,0,0,96,96,110,110,123,23,33,46,46,72,72,92,119,129,148,166,166,271,271,282,282,282,182,198,227,227,227,227,250,268,268,29,29,29,29,49,62,62,62,62,80,80,129,129,129],"floor_reached":61,"language":"ZHS","playtime":2977,"items_purged":["Doubt","RobotSpaceExplorer:Defend","RobotSpaceExplorer:Defend","RobotSpaceExplorer:Scan"],"score":1491,"play_id":"b6afafa1-72a3-4406-8543-77a8fa6ad1af","local_time":"20210204233349","is_ascension_mode":false,"campfire_choices":[{"data":"RobotSpaceExplorer:MiniBoosters","floor":6,"key":"SMITH"},{"data":"RobotSpaceExplorer:MiniLasers","floor":8,"key":"SMITH"},{"floor":15,"key":"REST"},{"floor":24,"key":"RECALL"},{"data":"RobotSpaceExplorer:FranticSearch","floor":32,"key":"SMITH"},{"data":"RobotSpaceExplorer:ExhaustFan","floor":42,"key":"SMITH"},{"data":"Madness","floor":46,"key":"SMITH"},{"data":"RobotSpaceExplorer:DualCore","floor":49,"key":"SMITH"},{"data":"RobotSpaceExplorer:JunkDive","floor":55,"key":"SMITH"}],"circlet_count":0,"master_deck":["RobotSpaceExplorer:MiniLasers+1","RobotSpaceExplorer:JunkDive+1","RobotSpaceExplorer:MiniBoosters+1","RobotSpaceExplorer:FranticSearch+1","RobotSpaceExplorer:DualCore+1","RobotSpaceExplorer:LuckyStrike+1","RobotSpaceExplorer:ExhaustFan+1","RobotSpaceExplorer:Fix+1","RobotSpaceExplorer:FranticSearch+1","Madness+1","Madness+1"],"relics":["RobotSpaceExplorer:TurboCore","RobotSpaceExplorer:ToughPlating","Oddly Smooth Stone","MawBank","Unceasing Top","Nunchaku","Vajra","The Courier","Matryoshka","MealTicket","CeramicFish","TheAbacus","paleoftheancients:Timepiece","paleoftheancients:KeyRelic","Meat on the Bone","Coffee Dripper","Gremlin Horn","paleoftheancients:SoulOfTheWokeBloke","RobotSpaceExplorer:FoglandsKnife","Kunai","Whetstone"],"acts_visited":["Exordium","TheCity","TheBeyond","paleoftheancients:PaleOfTheAncients"],"potions_floor_usage":[22,23,25,28,40,60,60],"damage_taken":[{"damage":1,"enemies":"Small Slimes","floor":1,"turns":4},{"damage":0,"enemies":"2 Louse","floor":5,"turns":2},{"damage":0,"enemies":"Cultist","floor":7,"turns":4},{"damage":19,"enemies":"3 Sentries","floor":10,"turns":11},{"damage":9,"enemies":"2 Fungi Beasts","floor":13,"turns":4},{"damage":20,"enemies":"The Guardian","floor":16,"turns":13},{"damage":0,"enemies":"Spheric Guardian","floor":18,"turns":5},{"damage":0,"enemies":"Chosen","floor":20,"turns":3},{"damage":0,"enemies":"Snake Plant","floor":22,"turns":3},{"damage":0,"enemies":"Snecko","floor":23,"turns":7},{"damage":0,"enemies":"Book of Stabbing","floor":25,"turns":3},{"damage":0,"enemies":"Centurion and Healer","floor":27,"turns":3},{"damage":5,"enemies":"Gremlin Leader","floor":28,"turns":7},{"damage":0,"enemies":"3 Cultists","floor":29,"turns":3},{"damage":0,"enemies":"Snake Plant","floor":30,"turns":4},{"damage":2,"enemies":"Snecko","floor":31,"turns":5},{"damage":13,"enemies":"Champ","floor":33,"turns":8},{"damage":8,"enemies":"3 Shapes","floor":35,"turns":2},{"damage":0,"enemies":"3 Darklings","floor":39,"turns":3},{"damage":32,"enemies":"Nemesis","floor":40,"turns":5},{"damage":0,"enemies":"Writhing Mass","floor":44,"turns":4},{"damage":0,"enemies":"Awakened One","floor":50,"turns":2},{"damage":0,"enemies":"Awakened One","floor":51,"turns":2},{"damage":0,"enemies":"Awakened One","floor":52,"turns":1},{"damage":0,"enemies":"Awakened One","floor":56,"turns":1},{"damage":0,"enemies":"paleoftheancients:N","floor":60,"turns":2}],"seed_played":"3759039764035080101","potions_obtained":[{"floor":1,"key":"Weak Potion"},{"floor":10,"key":"AttackPotion"},{"floor":18,"key":"Dexterity Potion"},{"floor":22,"key":"Weak Potion"},{"floor":30,"key":"PowerPotion"},{"floor":31,"key":"Strength Potion"},{"floor":33,"key":"BlessingOfTheForge"},{"floor":40,"key":"CultistPotion"},{"floor":44,"key":"AttackPotion"},{"floor":53,"key":"FairyPotion"}],"is_trial":false,"path_per_floor":["M","?","?","?","M","R","M","R","T","E","?","?","M","$","R","B",null,"M","?","M","$","M","M","R","E","T","M","E","M","M","M","R","B",null,"M","T","T","$","M","E","?","R","T","M","?","R","$","?","R","B","M","M","?","T","R","M","R","T","?","B",null],"character_chosen":"RobotSpaceExplorer","items_purchased":["Unceasing Top","TheAbacus"],"campfire_rested":1,"item_purchase_floors":[14,47],"current_hp_per_floor":[74,74,67,67,67,67,67,67,67,48,48,37,28,28,50,30,75,75,75,75,75,75,75,75,75,75,75,70,70,70,68,68,55,75,67,67,67,67,73,43,43,43,43,49,40,40,55,55,55,75,75,75,75,75,75,75,75,75,75,75],"gold":129,"neow_bonus":"ONE_RARE_RELIC","is_daily":false,"chose_seed":false,"campfire_upgraded":7,"win_rate":0.0,"timestamp":1612452829,"path_taken":["M","?","?","?","?","R","M","R","T","E","?","?","M","$","R","BOSS","M","?","M","?","M","M","R","E","T","M","E","M","M","M","R","BOSS","M","?","?","$","?","E","?","R","T","M","?","R","$","?","R","BOSS","M","M","?","T","R","M","R","T","?","BOSS"],"items_purchased_type":["Relic","Relic"],"build_version":"2020-12-22","purchased_purges":4,"victory":true,"max_hp_per_floor":[75,75,75,75,75,75,75,75,75,75,75,75,75,75,75,75,75,75,75,75,75,75,75,75,75,75,75,75,75,75,75,75,75,75,75,75,75,75,75,75,75,75,75,75,75,75,75,75,75,75,75,75,75,75,75,75,75,75,75,75],"card_choices":[{"not_picked":["RobotSpaceExplorer:FreezeRay","RobotSpaceExplorer:BigMissile"],"picked":"RobotSpaceExplorer:JunkDive","floor":1},{"not_picked":["RobotSpaceExplorer:Pulsar","RobotSpaceExplorer:RigExplosive"],"picked":"RobotSpaceExplorer:MiniBoosters","floor":5},{"not_picked":["RobotSpaceExplorer:SwiftStep","RobotSpaceExplorer:BigMissile"],"picked":"RobotSpaceExplorer:FranticSearch","floor":7},{"not_picked":["RobotSpaceExplorer:Fix","RobotSpaceExplorer:SurgingStrike"],"picked":"RobotSpaceExplorer:DualCore","floor":10},{"not_picked":["RobotSpaceExplorer:Electroshield","RobotSpaceExplorer:SlimeMissile","RobotSpaceExplorer:RigExplosive"],"picked":"SKIP","floor":13},{"not_picked":["RobotSpaceExplorer:Comet","RobotSpaceExplorer:Arsenal"],"picked":"RobotSpaceExplorer:Wormhole","floor":16},{"not_picked":["RobotSpaceExplorer:SelfCleaning","RobotSpaceExplorer:ShockKick"],"picked":"RobotSpaceExplorer:LuckyStrike+1","floor":18},{"not_picked":["RobotSpaceExplorer:ToxicBomb+1","RobotSpaceExplorer:Pulsar","RobotSpaceExplorer:TurboDodge+1"],"picked":"SKIP","floor":20},{"not_picked":["RobotSpaceExplorer:FrostMissile+1","RobotSpaceExplorer:ScrapMissile+1","RobotSpaceExplorer:LaserBurst"],"picked":"SKIP","floor":22},{"not_picked":["RobotSpaceExplorer:SurgingShield+1","RobotSpaceExplorer:MiniDrones+1","RobotSpaceExplorer:MetalStrike"],"picked":"SKIP","floor":23},{"not_picked":["RobotSpaceExplorer:ToxicBomb","RobotSpaceExplorer:FrostMissile","RobotSpaceExplorer:SlimeMissile"],"picked":"SKIP","floor":25},{"not_picked":["RobotSpaceExplorer:SurgingStrike+1","RobotSpaceExplorer:Pulsar","RobotSpaceExplorer:ShockKick+1"],"picked":"SKIP","floor":27},{"not_picked":["RobotSpaceExplorer:BigMissile","RobotSpaceExplorer:Counterblock+1"],"picked":"RobotSpaceExplorer:ExhaustFan","floor":28},{"not_picked":["RobotSpaceExplorer:Pulsar","RobotSpaceExplorer:MiniDrones+1"],"picked":"RobotSpaceExplorer:Wormhole","floor":29},{"not_picked":["RobotSpaceExplorer:GlueShot","RobotSpaceExplorer:PlasmaMissile","RobotSpaceExplorer:SurgingShield"],"picked":"SKIP","floor":30},{"not_picked":["RobotSpaceExplorer:ShockKick","RobotSpaceExplorer:MiniDrones","RobotSpaceExplorer:ShockMissile"],"picked":"SKIP","floor":31},{"not_picked":["RobotSpaceExplorer:FrostMissile","RobotSpaceExplorer:LuckyStrike+1"],"picked":"RobotSpaceExplorer:Fix+1","floor":35},{"not_picked":["RobotSpaceExplorer:SwiftStep+1","RobotSpaceExplorer:FreezeRay","RobotSpaceExplorer:LaserBurst"],"picked":"SKIP","floor":39},{"not_picked":["RobotSpaceExplorer:GlueShot+1","RobotSpaceExplorer:DualCore+1","RobotSpaceExplorer:MetalStrike+1"],"picked":"SKIP","floor":40},{"not_picked":["RobotSpaceExplorer:MakeshiftVolley+1","RobotSpaceExplorer:ShovelStrike+1"],"picked":"RobotSpaceExplorer:FranticSearch+1","floor":44},{"not_picked":["RobotSpaceExplorer:GlueShot+1","RobotSpaceExplorer:Counterblock","RobotSpaceExplorer:MiniDrones"],"picked":"SKIP","floor":51},{"not_picked":["RobotSpaceExplorer:ImprovisedAttack","RobotSpaceExplorer:PowerCollector+1","RobotSpaceExplorer:Pulsar"],"picked":"SKIP","floor":52},{"not_picked":["RobotSpaceExplorer:SurgingShield+1","RobotSpaceExplorer:Pulsar+1","RobotSpaceExplorer:SwiftStep+1"],"picked":"SKIP","floor":56}],"player_experience":278370,"relics_obtained":[{"floor":9,"key":"Oddly Smooth Stone"},{"floor":10,"key":"MawBank"},{"floor":25,"key":"Nunchaku"},{"floor":28,"key":"Vajra"},{"floor":36,"key":"The Courier"},{"floor":37,"key":"Matryoshka"},{"floor":43,"key":"MealTicket"},{"floor":43,"key":"CeramicFish"},{"floor":51,"key":"paleoftheancients:SoulOfTheWokeBloke"},{"floor":54,"key":"RobotSpaceExplorer:FoglandsKnife"},{"floor":54,"key":"Kunai"},{"floor":58,"key":"Whetstone"}],"event_choices":[{"cards_removed":["RobotSpaceExplorer:Strike"],"damage_healed":0,"gold_gain":0,"player_choice":"Forget","damage_taken":0,"max_hp_gain":0,"max_hp_loss":0,"event_name":"Living Wall","floor":2,"gold_loss":0},{"cards_removed":["RobotSpaceExplorer:Defend"],"damage_healed":0,"gold_gain":0,"player_choice":"Card Removal","damage_taken":7,"max_hp_gain":0,"max_hp_loss":0,"event_name":"Golden Wing","floor":3,"gold_loss":0},{"cards_removed":["RobotSpaceExplorer:Strike"],"damage_healed":0,"gold_gain":0,"player_choice":"Purged","damage_taken":0,"max_hp_gain":0,"max_hp_loss":0,"event_name":"Purifier","floor":4,"gold_loss":0},{"damage_healed":0,"gold_gain":175,"player_choice":"AGREE","damage_taken":0,"max_hp_gain":0,"max_hp_loss":0,"event_name":"Liars Game","floor":11,"gold_loss":0,"cards_obtained":["Doubt"]},{"damage_healed":0,"gold_gain":75,"player_choice":"Gather Gold","damage_taken":11,"max_hp_gain":0,"max_hp_loss":0,"event_name":"World of Goop","floor":12,"gold_loss":0},{"cards_removed":["RobotSpaceExplorer:Strike"],"damage_healed":0,"gold_gain":0,"player_choice":"Offered Basic","damage_taken":0,"max_hp_gain":0,"max_hp_loss":0,"event_name":"Bonfire Elementals","floor":19,"gold_loss":0},{"damage_healed":0,"gold_gain":0,"player_choice":"Ignored","damage_taken":0,"max_hp_gain":0,"max_hp_loss":0,"event_name":"Tomb of Lord Red Mask","floor":41,"gold_loss":0},{"damage_healed":0,"gold_gain":0,"player_choice":"Embrace Madness","damage_taken":9,"max_hp_gain":0,"max_hp_loss":0,"event_name":"Winding Halls","floor":45,"gold_loss":0,"cards_obtained":["Madness","Madness"]},{"damage_healed":0,"gold_gain":0,"player_choice":"Upgraded","damage_taken":0,"max_hp_gain":0,"max_hp_loss":0,"event_name":"Upgrade Shrine","floor":48,"gold_loss":0,"cards_upgraded":["Madness"]},{"damage_healed":0,"gold_gain":0,"player_choice":"Got Potions","damage_taken":0,"max_hp_gain":0,"max_hp_loss":0,"event_name":"Lab","floor":53,"gold_loss":0}],"is_beta":false,"boss_relics":[{"not_picked":["Cursed Key","Philosopher\u0027s Stone","Fusion Hammer"]},{"not_picked":["Runic Dome","RobotSpaceExplorer:SearchSpecs"],"picked":"RobotSpaceExplorer:TurboCore"}],"items_purged_floors":[14,21,38,47],"is_endless":false,"potions_floor_spawned":[1,10,18,22,30,31,33,35,40,44],"ascension_level":0}}