{"host":"2zjdcgw4be5n15ja","time":1612443009,"event":{"mods":["2.2 Compatiblity","AchievementEnabler","BaseMod","Bestiary","Better Skull","Better Third Choice","BetterRewards","Colored Powertips","Downfall","Hermit","Marisa????????","Marked Mod","Minty Spire (QoL Compilation)","Quick Restart","Rare Cards Sparkle","Reimu??????","Relic Stats","Reliquary","StSLib","The Bug Knight","The Problem Sleuth","The Runesmith"],"gold_per_floor":[117,117,131,231,244,269,269,297,321,46,46,66,78,97,97,202,202,216,229,154,58,58,58,83,83,83,93,120,140,140,140,140,243,243,259,274,274,37,259,274,274,294,294,294,294],"floor_reached":44,"language":"ENG","playtime":4038,"items_purged":[],"score":510,"play_id":"97021fd9-792f-4e6d-930b-201955f5342b","local_time":"20210205015009","is_ascension_mode":true,"campfire_choices":[{"floor":7,"key":"RECALL"},{"data":"Searing Blow","floor":15,"key":"SMITH"},{"floor":23,"key":"REST"},{"floor":25,"key":"REST"},{"floor":30,"key":"REST"},{"floor":32,"key":"REST"}],"circlet_count":0,"master_deck":["Bash","Shrug It Off","Clash","Second Wind","Infernal Blade","Havoc","Feel No Pain","Infernal Blade","Searing Blow+1","Exhume","Second Wind","Reaper","Shockwave","Dropkick","Disarm","Perfected Strike","Sever Soul","Thunderclap","Offering","Ghostly Armor","Rampage","Feel No Pain","Armaments","Pain","Flex+1","Combust","Metallicize","Body Slam","Juggernaut","Heavy Blade+1","True Grit","Rampage","Metallicize","Battle Trance","Entrench+1","Madness","Madness","Berserk"],"relics":["Burning Blood","Oddly Smooth Stone","PreservedInsect","reliquary:NewFriend","Pandora\u0027s Box","WarpedTongs","reliquary:PartyBalloon","Kunai","Red Mask","theSleuth:SaltedMelon","theSleuth:SaltedMelon","SacredBark","reliquary:QuartzCube"],"acts_visited":["Exordium","TheCity","TheBeyond"],"potions_floor_usage":[6,6,16,16,16,18,18,18,19,24,28,33,35,35,36,40,44,44],"damage_taken":[{"damage":10,"enemies":"Jaw Worm","floor":1,"turns":4},{"damage":9,"enemies":"Small Slimes","floor":3,"turns":4},{"damage":1,"enemies":"Cultist","floor":5,"turns":3},{"damage":23,"enemies":"Lagavulin","floor":6,"turns":7},{"damage":4,"enemies":"Gremlin Nob","floor":8,"turns":3},{"damage":0,"enemies":"Blue Slaver","floor":12,"turns":3},{"damage":0,"enemies":"Gremlin Gang","floor":13,"turns":4},{"damage":19,"enemies":"Lots of Slimes","floor":14,"turns":4},{"damage":73,"enemies":"The Guardian","floor":16,"turns":14},{"damage":8,"enemies":"Spheric Guardian","floor":18,"turns":3},{"damage":43,"enemies":"3 Byrds","floor":19,"turns":5},{"damage":51,"enemies":"Gremlin Leader","floor":24,"turns":7},{"damage":13,"enemies":"Snake Plant","floor":27,"turns":5},{"damage":20,"enemies":"Masked Bandits","floor":28,"turns":4},{"damage":39,"enemies":"Shelled Parasite and Fungi","floor":29,"turns":5},{"damage":80,"enemies":"Champ","floor":33,"turns":12},{"damage":29,"enemies":"Orb Walker","floor":35,"turns":4},{"damage":10,"enemies":"3 Darklings","floor":36,"turns":4},{"damage":24,"enemies":"Maw","floor":40,"turns":7},{"damage":43,"enemies":"Sphere and 2 Shapes","floor":42,"turns":5},{"damage":28,"enemies":"HollowMod:SlobberingHusk","floor":44,"turns":2}],"seed_played":"6264674729715282486","potions_obtained":[{"floor":1,"key":"Weak Potion"},{"floor":5,"key":"Weak Potion"},{"floor":8,"key":"EssenceOfSteel"},{"floor":11,"key":"FairyPotion"},{"floor":11,"key":"EntropicBrew"},{"floor":11,"key":"champ:CounterPotion"},{"floor":16,"key":"EntropicBrew"},{"floor":19,"key":"Block Potion"},{"floor":33,"key":"EntropicBrew"},{"floor":35,"key":"DistilledChaos"},{"floor":40,"key":"Weak Potion"}],"is_trial":false,"path_per_floor":["M","?","M","?","M","E","R","E","T","$","?","M","M","M","R","B",null,"M","M","?","$","?","R","E","R","T","M","?","M","R","?","R","B",null,"M","M","?","$","?","M","?","M","T","M"],"character_chosen":"IRONCLAD","items_purchased":["Feel No Pain","reliquary:NewFriend","Feel No Pain","Armaments","Rampage","Metallicize","Battle Trance","Dexterity Potion"],"campfire_rested":4,"item_purchase_floors":[10,10,21,21,38,38,38,38],"current_hp_per_floor":[84,84,81,81,86,69,69,71,71,71,71,77,83,70,70,29,88,86,55,55,55,55,81,50,76,76,73,61,32,58,58,87,19,90,67,87,87,87,87,69,58,21,21,0,0],"gold":294,"neow_bonus":"TEN_PERCENT_HP_BONUS","is_daily":false,"chose_seed":false,"campfire_upgraded":1,"win_rate":0.0,"timestamp":1612443009,"path_taken":["M","?","M","?","?","E","R","E","T","$","?","?","M","M","R","BOSS","M","?","?","?","?","R","E","R","T","?","?","M","R","?","R","BOSS","M","M","?","$","?","M","?","M","T","M"],"items_purchased_type":["Card","Relic","Card","Card","Card","Card","Card","Potion"],"build_version":"2020-12-22","purchased_purges":0,"victory":false,"max_hp_per_floor":[88,88,88,88,88,88,88,88,88,88,88,88,88,88,88,88,88,88,88,88,88,88,88,88,88,88,88,88,88,88,88,90,90,90,90,90,90,90,90,90,90,90,90,90,90],"relic_stats":{"counters":[21,109],"Pandora\u0027s Box":["Second Wind","Reaper","Shockwave","Dropkick","Disarm","Perfected Strike","Sever Soul","Thunderclap","Offering"],"PreservedInsect":55,"Kunai":[10],"obtain_stats":[{"theSleuth:SaltedMelon":31,"reliquary:PartyBalloon":24,"SacredBark":34,"Oddly Smooth Stone":6,"reliquary:NewFriend":10,"Pandora\u0027s Box":17,"PreservedInsect":8,"Red Mask":28,"Kunai":26,"reliquary:QuartzCube":43,"Burning Blood":0,"WarpedTongs":22},{"theSleuth:SaltedMelon":15,"reliquary:PartyBalloon":12,"SacredBark":16,"Oddly Smooth Stone":4,"reliquary:NewFriend":5,"Pandora\u0027s Box":9,"PreservedInsect":5,"Red Mask":14,"Kunai":12,"reliquary:QuartzCube":20,"Burning Blood":0,"WarpedTongs":11},{"theSleuth:SaltedMelon":75,"reliquary:PartyBalloon":61,"SacredBark":87,"Oddly Smooth Stone":18,"reliquary:NewFriend":21,"Pandora\u0027s Box":46,"PreservedInsect":21,"Red Mask":70,"Kunai":61,"reliquary:QuartzCube":107,"Burning Blood":0,"WarpedTongs":54}],"Burning Blood":120,"WarpedTongs":[55]},"card_choices":[{"not_picked":["Clothesline","Rampage"],"picked":"Shrug It Off","floor":1},{"not_picked":["Clothesline","Havoc"],"picked":"Clash","floor":3},{"not_picked":["Bloodletting","Armaments"],"picked":"Second Wind","floor":5},{"not_picked":["Cleave","Clothesline"],"picked":"Infernal Blade","floor":6},{"not_picked":["Spot Weakness","Headbutt"],"picked":"Havoc","floor":8},{"not_picked":["Iron Wave","Clothesline"],"picked":"Infernal Blade","floor":12},{"not_picked":["Thunderclap","Clothesline"],"picked":"Cleave","floor":13},{"not_picked":["Battle Trance","Anger"],"picked":"Searing Blow","floor":14},{"not_picked":["Juggernaut","Feed"],"picked":"Exhume","floor":16},{"not_picked":["Shrug It Off","Warcry"],"picked":"Ghostly Armor","floor":18},{"not_picked":["Anger","Perfected Strike"],"picked":"Rampage","floor":19},{"not_picked":["Thunderclap","Shrug It Off"],"picked":"Flex+1","floor":24},{"not_picked":["True Grit","Whirlwind"],"picked":"Combust","floor":27},{"not_picked":["Sever Soul","Thunderclap"],"picked":"Metallicize","floor":28},{"not_picked":["Sword Boomerang","Clash"],"picked":"Body Slam","floor":29},{"not_picked":["Demon Form","Impervious"],"picked":"Juggernaut","floor":33},{"not_picked":["Pummel+1","Clash+1"],"picked":"Heavy Blade+1","floor":35},{"not_picked":["Flex","Heavy Blade"],"picked":"True Grit","floor":36},{"not_picked":["Bloodletting+1","Clothesline"],"picked":"Entrench+1","floor":40},{"not_picked":["True Grit","Pommel Strike+1"],"picked":"Berserk","floor":42}],"player_experience":390015,"relics_obtained":[{"floor":6,"key":"Oddly Smooth Stone"},{"floor":8,"key":"PreservedInsect"},{"floor":24,"key":"reliquary:PartyBalloon"},{"floor":26,"key":"Kunai"},{"floor":28,"key":"Red Mask"},{"floor":43,"key":"reliquary:QuartzCube"}],"event_choices":[{"damage_healed":84,"gold_gain":0,"player_choice":"Embrace Burn","damage_taken":0,"max_hp_gain":0,"max_hp_loss":88,"event_name":"betterThird:BetterShining","floor":2,"gold_loss":0},{"damage_healed":0,"gold_gain":100,"player_choice":"Gold","damage_taken":0,"max_hp_gain":0,"max_hp_loss":0,"event_name":"Wheel of Change","floor":4,"gold_loss":0},{"damage_healed":0,"gold_gain":0,"player_choice":"Got Potions","damage_taken":0,"max_hp_gain":0,"max_hp_loss":0,"event_name":"Lab","floor":11,"gold_loss":0},{"cards_removed":["Burn"],"damage_healed":0,"gold_gain":0,"player_choice":"Gave Gold","damage_taken":0,"max_hp_gain":0,"max_hp_loss":0,"event_name":"Beggar","floor":20,"gold_loss":75},{"damage_healed":0,"gold_gain":0,"player_choice":"Rummage","damage_taken":0,"relics_obtained":["WarpedTongs"],"max_hp_gain":0,"max_hp_loss":0,"event_name":"Accursed Blacksmith","floor":22,"gold_loss":0,"cards_obtained":["Pain"]},{"damage_healed":0,"gold_gain":0,"player_choice":"Fought Bandits","damage_taken":0,"max_hp_gain":0,"max_hp_loss":0,"event_name":"Masked Bandits","floor":28,"gold_loss":0},{"cards_removed":["Cleave"],"damage_healed":0,"gold_gain":0,"player_choice":"Removed Attack","damage_taken":0,"max_hp_gain":0,"max_hp_loss":0,"event_name":"Falling","floor":37,"gold_loss":0},{"damage_healed":0,"gold_gain":222,"player_choice":"Wore Mask","damage_taken":0,"max_hp_gain":0,"max_hp_loss":0,"event_name":"Tomb of Lord Red Mask","floor":39,"gold_loss":0},{"damage_healed":0,"gold_gain":0,"player_choice":"Embrace Madness","damage_taken":11,"max_hp_gain":0,"max_hp_loss":0,"event_name":"Winding Halls","floor":41,"gold_loss":0,"cards_obtained":["Madness","Madness"]}],"is_beta":false,"boss_relics":[{"not_picked":["Tiny House","Runic Pyramid"],"picked":"Pandora\u0027s Box"},{"not_picked":["Runic Dome","Fusion Hammer"],"picked":"SacredBark"}],"items_purged_floors":[],"is_endless":false,"potions_floor_spawned":[1,5,8,16,19,33,35,40],"killed_by":"HollowMod:SlobberingHusk","ascension_level":1}}