{"host":"i0avyit1s6jb1siw","time":1612457588,"event":{"mods":["BaseMod","DeckTracker","Dota2Spire","Highlight Path","Minty Spire (QoL Compilation)","Quick Restart","StSLib","SuperFastMode"],"gold_per_floor":[117,28,39,52,52,52,66,101,125,125,125,125,138,138,172,172,184,273,285,315,339,351,363,14,47,47,60,60,112,112,112],"floor_reached":30,"language":"ENG","playtime":498,"items_purged":["Strike_R"],"score":512,"play_id":"4d7fe7ea-0464-49d5-8977-5be770f2892d","local_time":"20210204175308","is_ascension_mode":true,"campfire_choices":[{"data":"Combust","floor":6,"key":"SMITH"},{"floor":10,"key":"REST"},{"floor":12,"key":"REST"},{"data":"Rupture","floor":17,"key":"SMITH"},{"floor":26,"key":"REST"}],"circlet_count":0,"master_deck":["AscendersBane","Strike_R","Defend_R","Defend_R","Defend_R","Defend_R","Bash","Blood for Blood","Combust+1","Fire Breathing","Twin Strike+1","Uppercut+1","Shrug It Off","Rupture+1","Impervious","Pommel Strike","Seeing Red","Burning Pact","Flash of Steel","Parasite","Pain"],"relics":["Burning Blood","Boot","PreservedInsect","Dota2Spire:ArmletOfMordiggian","MawBank","Cursed Key","Nilry\u0027s Codex","Dota2Spire:CrimsonGuard","Thread and Needle","Anchor"],"acts_visited":["Exordium","TheCity"],"potions_floor_usage":[8,15,18,25,30],"damage_taken":[{"damage":16,"enemies":"Jaw Worm","floor":1,"turns":6},{"damage":3,"enemies":"Cultist","floor":3,"turns":3},{"damage":10,"enemies":"2 Louse","floor":4,"turns":3},{"damage":15,"enemies":"Blue Slaver","floor":7,"turns":3},{"damage":8,"enemies":"3 Sentries","floor":8,"turns":4},{"damage":12,"enemies":"2 Fungi Beasts","floor":13,"turns":2},{"damage":8,"enemies":"Gremlin Nob","floor":15,"turns":3},{"damage":26,"enemies":"The Guardian","floor":18,"turns":10},{"damage":16,"enemies":"Chosen","floor":20,"turns":4},{"damage":4,"enemies":"3 Byrds","floor":21,"turns":4},{"damage":39,"enemies":"Slavers","floor":25,"turns":4},{"damage":8,"enemies":"Cultist and Chosen","floor":27,"turns":6},{"damage":34,"enemies":"Gremlin Leader","floor":30,"turns":4}],"seed_played":"-6338470205441976303","potions_obtained":[{"floor":1,"key":"Block Potion"},{"floor":4,"key":"DuplicationPotion"},{"floor":8,"key":"Weak Potion"},{"floor":18,"key":"SteroidPotion"},{"floor":27,"key":"DistilledChaos"}],"is_trial":false,"path_per_floor":["M","$","M","M","?","R","M","E","T","R","?","R","M","?","E","?","R","B",null,"M","M","?","?","$","E","R","M","T","T","E"],"character_chosen":"IRONCLAD","items_purchased":["Combust","Burning Pact","FairyPotion","Flash of Steel"],"campfire_rested":3,"item_purchase_floors":[2,24,24,24],"current_hp_per_floor":[40,40,43,39,39,39,30,28,28,50,27,49,43,43,41,30,30,10,59,49,51,30,9,9,12,36,34,34,34,0,0],"gold":112,"neow_bonus":"REMOVE_TWO","is_daily":false,"chose_seed":false,"campfire_upgraded":2,"win_rate":0.0,"timestamp":1612457588,"path_taken":["M","$","M","M","?","R","?","E","T","R","?","R","M","?","E","?","R","BOSS","M","M","?","?","$","E","R","M","T","T","E"],"items_purchased_type":["Card","Card","Potion","Card"],"build_version":"2020-12-22","purchased_purges":1,"victory":false,"max_hp_per_floor":[75,75,75,75,75,75,75,75,75,75,75,75,75,75,75,75,75,75,75,75,75,80,80,80,80,80,80,80,80,80,80],"card_choices":[{"not_picked":["Dropkick","Warcry"],"picked":"Blood for Blood","floor":1},{"not_picked":["Intimidate","Armaments"],"picked":"Fire Breathing","floor":3},{"not_picked":["Reckless Charge","Metallicize"],"picked":"Twin Strike","floor":4},{"not_picked":["Searing Blow","Heavy Blade","Sword Boomerang"],"picked":"SKIP","floor":7},{"not_picked":["Anger","Clothesline"],"picked":"Uppercut","floor":8},{"not_picked":["Demon Form","Perfected Strike"],"picked":"Shrug It Off","floor":13},{"not_picked":["Entrench","Searing Blow"],"picked":"Rupture","floor":15},{"not_picked":["Limit Break","Double Tap"],"picked":"Impervious","floor":18},{"not_picked":["Perfected Strike","Combust"],"picked":"Pommel Strike","floor":20},{"not_picked":["Perfected Strike+1","Seeing Red","Entrench"],"picked":"SKIP","floor":21},{"not_picked":["Perfected Strike+1","Entrench"],"picked":"Seeing Red","floor":21},{"not_picked":["Reckless Charge","Rage","Anger"],"picked":"SKIP","floor":25},{"not_picked":["Cleave","Twin Strike","True Grit"],"picked":"SKIP","floor":27}],"player_experience":2402589,"relics_obtained":[{"floor":8,"key":"Boot"},{"floor":9,"key":"PreservedInsect"},{"floor":15,"key":"Dota2Spire:ArmletOfMordiggian"},{"floor":23,"key":"Nilry\u0027s Codex"},{"floor":25,"key":"Dota2Spire:CrimsonGuard"},{"floor":28,"key":"Thread and Needle"},{"floor":29,"key":"Anchor"}],"event_choices":[{"cards_removed":["Strike_R"],"damage_healed":0,"gold_gain":0,"player_choice":"Offered Basic","damage_taken":0,"max_hp_gain":0,"max_hp_loss":0,"event_name":"Bonfire Elementals","floor":5,"gold_loss":0},{"damage_healed":0,"gold_gain":0,"player_choice":"Entered Light","damage_taken":23,"max_hp_gain":0,"max_hp_loss":0,"event_name":"Shining Light","floor":11,"gold_loss":0,"cards_upgraded":["Twin Strike","Uppercut"]},{"damage_healed":0,"gold_gain":0,"player_choice":"Ignored","damage_taken":0,"max_hp_gain":0,"max_hp_loss":0,"event_name":"Liars Game","floor":14,"gold_loss":0},{"damage_healed":0,"gold_gain":0,"player_choice":"Success","damage_taken":11,"relics_obtained":["MawBank"],"max_hp_gain":0,"max_hp_loss":0,"event_name":"Scrap Ooze","floor":16,"gold_loss":0},{"damage_healed":0,"gold_gain":0,"player_choice":"Shed Blood","damage_taken":26,"max_hp_gain":5,"max_hp_loss":0,"event_name":"Forgotten Altar","floor":22,"gold_loss":0},{"damage_healed":0,"gold_gain":0,"player_choice":"Obtained Book","damage_taken":21,"max_hp_gain":0,"max_hp_loss":0,"event_name":"Cursed Tome","floor":23,"gold_loss":0}],"is_beta":false,"boss_relics":[{"not_picked":["SacredBark","Philosopher\u0027s Stone"],"picked":"Cursed Key"}],"items_purged_floors":[24],"is_endless":false,"potions_floor_spawned":[1,4,8,13,18,27],"killed_by":"Gremlin Leader","ascension_level":20}}