{"host":"prxrhpgaxnj4om9r","time":1612438625,"event":{"mods":["AchievementEnabler","BaseMod","Minty Spire (QoL Compilation)"],"gold_per_floor":[109,109,109,74,90,115,115,147,147,80,95,105,105,134,134,236,236,246,265,4,18,18,49,69,94,94,45,65,92,92,102,102,205,205,218,218,218,218],"floor_reached":37,"language":"KOR","playtime":2450,"items_purged":[],"score":452,"play_id":"578a6113-9fbe-425d-ad84-376fe9bb6607","local_time":"20210204203705","is_ascension_mode":false,"campfire_choices":[{"data":"Eruption","floor":7,"key":"SMITH"},{"data":"MentalFortress","floor":13,"key":"SMITH"},{"data":"SignatureMove","floor":15,"key":"SMITH"},{"floor":32,"key":"REST"}],"circlet_count":0,"master_deck":["Strike_P","Strike_P+1","Strike_P","Strike_P","Defend_P","Defend_P","Defend_P+1","Defend_P","Eruption+1","Vigilance","SignatureMove+1","WaveOfTheHand","Tantrum","Evaluate","MentalFortress+1","Consecrate","Pray+1","ClearTheMind+1","Judgement+1","FollowUp+1","FlyingSleeves+1","Swivel+1","Halt+1","LikeWater+1","Brilliance","Prostrate+1","CarveReality+1","FlurryOfBlows","CutThroughFate","Alpha+1","JustLucky+1"],"relics":["HolyWater","Pantograph","Pen Nib","MealTicket","Toxic Egg 2","Peace Pipe","Fusion Hammer","Gremlin Horn","White Beast Statue","Matryoshka","PreservedInsect","Bag of Preparation","Red Mask"],"acts_visited":["Exordium","TheCity","TheBeyond"],"potions_floor_usage":[6,6,12,16,24,25,25,28,28,31,33,33,35],"damage_taken":[{"damage":0.0,"enemies":"Small Slimes","floor":1.0,"turns":3.0},{"damage":0,"enemies":"2 Louse","floor":5,"turns":3},{"damage":11,"enemies":"Lagavulin","floor":6,"turns":4},{"damage":5,"enemies":"3 Sentries","floor":8,"turns":6},{"damage":0,"enemies":"Jaw Worm","floor":11,"turns":3},{"damage":9,"enemies":"Gremlin Gang","floor":12,"turns":3},{"damage":4,"enemies":"Lagavulin","floor":14,"turns":4},{"damage":67,"enemies":"The Guardian","floor":16,"turns":9},{"damage":2,"enemies":"3 Byrds","floor":18,"turns":3},{"damage":2,"enemies":"2 Thieves","floor":19,"turns":3},{"damage":0,"enemies":"Shelled Parasite and Fungi","floor":21,"turns":2},{"damage":22,"enemies":"Gremlin Leader","floor":23,"turns":3},{"damage":0,"enemies":"Snake Plant","floor":24,"turns":1},{"damage":45,"enemies":"Slavers","floor":25,"turns":4},{"damage":0,"enemies":"Snecko","floor":28,"turns":3},{"damage":0,"enemies":"Masked Bandits","floor":29,"turns":2},{"damage":9,"enemies":"Shelled Parasite and Fungi","floor":31,"turns":3},{"damage":32,"enemies":"Champ","floor":33,"turns":7},{"damage":30,"enemies":"3 Darklings","floor":35,"turns":6},{"damage":50,"enemies":"2 Orb Walkers","floor":37,"turns":2}],"seed_played":"8083153287048233265","potions_obtained":[{"floor":1.0,"key":"FearPotion"},{"floor":5,"key":"Dexterity Potion"},{"floor":11,"key":"DistilledChaos"},{"floor":14,"key":"BottledMiracle"},{"floor":16,"key":"BottledMiracle"},{"floor":21,"key":"Weak Potion"},{"floor":23,"key":"SteroidPotion"},{"floor":24,"key":"Regen Potion"},{"floor":25,"key":"SkillPotion"},{"floor":28,"key":"Ambrosia"},{"floor":29,"key":"Block Potion"},{"floor":31,"key":"Explosive Potion"},{"floor":33,"key":"SneckoOil"},{"floor":35,"key":"Ancient Potion"}],"is_trial":false,"path_per_floor":["M","?","?","?","M","E","R","E","T","$","M","M","R","E","R","B",null,"M","M","$","M","?","E","M","E","T","$","M","?","?","M","R","B",null,"M","?","?"],"character_chosen":"WATCHER","items_purchased":["MentalFortress","Gremlin Horn","Prostrate+1"],"campfire_rested":1,"item_purchase_floors":[10,20,27],"current_hp_per_floor":[72,58,46,64,64,53,53,48,48,63,63,54,54,50,50,5,72,70,68,72,72,72,50,50,17,17,32,32,32,32,23,44,37,72,42,42,0,0],"gold":218,"neow_bonus":"RANDOM_COLORLESS","is_daily":false,"chose_seed":false,"campfire_upgraded":3,"win_rate":0.0,"timestamp":1612438625,"path_taken":["M","?","?","?","M","E","R","E","T","$","M","M","R","E","R","BOSS","M","M","$","M","?","E","M","E","T","$","?","?","?","?","R","BOSS","M","?","?"],"items_purchased_type":["Card","Relic","Card"],"build_version":"2020-12-22","purchased_purges":0,"victory":false,"max_hp_per_floor":[72,72,72,72,72,72,72,72,72,72,72,72,72,72,72,72,72,72,72,72,72,72,72,72,72,72,72,72,72,72,72,72,72,72,72,72,72,72],"card_choices":[{"not_picked":["Forethought","Trip"],"picked":"Good Instincts","floor":0.0},{"not_picked":["Tantrum","SashWhip"],"picked":"SignatureMove","floor":1.0},{"not_picked":["Fasting2","JustLucky"],"picked":"WaveOfTheHand","floor":5},{"not_picked":["MasterReality","EmptyFist"],"picked":"Tantrum","floor":6},{"not_picked":["CrushJoints","Wireheading"],"picked":"Evaluate","floor":8},{"not_picked":["JustLucky","Wireheading"],"picked":"Consecrate","floor":11},{"not_picked":["PathToVictory+1","SashWhip"],"picked":"Pray+1","floor":12},{"not_picked":["SashWhip","Crescendo+1"],"picked":"ClearTheMind+1","floor":14},{"not_picked":["Brilliance","Ragnarok"],"picked":"Judgement+1","floor":16},{"not_picked":["FlyingSleeves","Consecrate"],"picked":"FollowUp+1","floor":18},{"not_picked":["Conclude","CarveReality"],"picked":"FlyingSleeves+1","floor":19},{"not_picked":["CarveReality+1","Protect+1"],"picked":"Swivel+1","floor":21},{"not_picked":["Consecrate","SashWhip"],"picked":"Halt+1","floor":23},{"not_picked":["BattleHymn+1","Perseverance+1"],"picked":"LikeWater+1","floor":24},{"not_picked":["FollowUp","Evaluate+1"],"picked":"Brilliance","floor":25},{"not_picked":["FollowUp","JustLucky"],"picked":"CarveReality+1","floor":28},{"not_picked":["Wallop","Swivel+1"],"picked":"FlurryOfBlows","floor":29},{"not_picked":["ReachHeaven","EmptyFist"],"picked":"CutThroughFate","floor":31},{"not_picked":["Blasphemy+1","Devotion"],"picked":"Alpha+1","floor":33},{"not_picked":["Crescendo+1","WindmillStrike"],"picked":"JustLucky+1","floor":35}],"player_experience":252892,"relics_obtained":[{"floor":6,"key":"Pen Nib"},{"floor":8,"key":"MealTicket"},{"floor":9,"key":"Toxic Egg 2"},{"floor":14,"key":"Peace Pipe"},{"floor":23,"key":"White Beast Statue"},{"floor":25,"key":"Matryoshka"},{"floor":26,"key":"PreservedInsect"},{"floor":26,"key":"Bag of Preparation"},{"floor":29,"key":"Red Mask"}],"event_choices":[{"damage_healed":0.0,"max_hp_gain":0.0,"max_hp_loss":0.0,"gold_gain":0.0,"event_name":"Shining Light","player_choice":"Entered Light","floor":2.0,"gold_loss":0.0,"damage_taken":14.0,"cards_upgraded":["Defend_P","Strike_P"]},{"damage_healed":0.0,"max_hp_gain":0.0,"max_hp_loss":0.0,"gold_gain":0.0,"event_name":"Scrap Ooze","player_choice":"Success","floor":3.0,"gold_loss":0.0,"damage_taken":12.0,"relics_obtained":["Pantograph"]},{"damage_healed":18.0,"max_hp_gain":0.0,"max_hp_loss":0.0,"gold_gain":0.0,"event_name":"The Cleric","player_choice":"Healed","floor":4.0,"gold_loss":35.0,"damage_taken":0.0},{"damage_healed":0,"gold_gain":0,"player_choice":"Ignored","damage_taken":0,"max_hp_gain":0,"max_hp_loss":0,"event_name":"NoteForYourself","floor":22,"gold_loss":0},{"damage_healed":0,"gold_gain":0,"player_choice":"Fought Bandits","damage_taken":0,"max_hp_gain":0,"max_hp_loss":0,"event_name":"Masked Bandits","floor":29,"gold_loss":0},{"damage_healed":0,"gold_gain":0,"player_choice":"Ignored","damage_taken":0,"max_hp_gain":0,"max_hp_loss":0,"event_name":"Ghosts","floor":30,"gold_loss":0},{"cards_removed":["Good Instincts"],"damage_healed":0,"gold_gain":0,"player_choice":"Removed Skill","damage_taken":0,"max_hp_gain":0,"max_hp_loss":0,"event_name":"Falling","floor":36,"gold_loss":0},{"damage_healed":0,"gold_gain":0,"player_choice":"Fight","damage_taken":0,"max_hp_gain":0,"max_hp_loss":0,"event_name":"Mysterious Sphere","floor":37,"gold_loss":0}],"is_beta":false,"boss_relics":[{"not_picked":["Sozu","Philosopher\u0027s Stone"],"picked":"Fusion Hammer"},{"not_picked":["Runic Pyramid","Velvet Choker"],"picked":"HolyWater"}],"items_purged_floors":[],"is_endless":false,"potions_floor_spawned":[1,5,11,14,16,21,23,24,25,28,29,31,33,35],"killed_by":"2 Orb Walkers","ascension_level":0}}