{"host":"xg4r5pv6chpuampg","time":1612450657,"event":{"mods":["AchievementEnabler","BaseMod","Googly Eyes","Minty Spire (QoL Compilation)"],"gold_per_floor":[109,109,23,23,23,23,33,10,78,30,57,70,70,83,83,181,181,197,41,53,53,53],"floor_reached":21,"language":"ENG","playtime":1650,"items_purged":["Collect"],"score":202,"play_id":"7fa5f563-8e46-4ad5-946a-aec93240d5f3","local_time":"20210204175737","is_ascension_mode":false,"campfire_choices":[{"floor":6,"key":"RECALL"},{"data":"WheelKick","floor":13,"key":"SMITH"},{"data":"SashWhip","floor":15,"key":"SMITH"}],"circlet_count":0,"master_deck":["Eruption","Vigilance","WheelKick+1","SashWhip+1","LikeWater","Evaluate","FlyingSleeves","EmptyBody","PathToVictory","CutThroughFate+1","Consecrate+1","Consecrate+1","DeusExMachina","Establishment","Wallop+1","CutThroughFate+1","BattleHymn","Meditate","SashWhip+1","Vengeance","PathToVictory","FearNoEvil+1","Crescendo+1"],"relics":["PureWater","NeowsBlessing","Ornamental Fan","Molten Egg 2","Pandora\u0027s Box"],"acts_visited":["Exordium","TheCity"],"potions_floor_usage":[16],"damage_taken":[{"damage":0,"enemies":"Jaw Worm","floor":1,"turns":1},{"damage":0,"enemies":"Cultist","floor":7,"turns":1},{"damage":0,"enemies":"Lagavulin","floor":11,"turns":2},{"damage":5,"enemies":"Small Slimes","floor":12,"turns":3},{"damage":4,"enemies":"2 Fungi Beasts","floor":14,"turns":3},{"damage":19,"enemies":"Slime Boss","floor":16,"turns":9},{"damage":7,"enemies":"Shell Parasite","floor":18,"turns":4},{"damage":27,"enemies":"2 Thieves","floor":20,"turns":3},{"damage":43,"enemies":"Shelled Parasite and Fungi","floor":21,"turns":3}],"seed_played":"-7693549651065245055","potions_obtained":[{"floor":1,"key":"Weak Potion"}],"is_trial":false,"path_per_floor":["M","?","$","?","?","R","M","$","T","$","E","M","R","M","R","B",null,"M","$","M","M"],"character_chosen":"WATCHER","items_purchased":["LikeWater","Evaluate","EmptyBody","PathToVictory","FearNoEvil+1"],"campfire_rested":0,"item_purchase_floors":[3,3,8,10,19],"current_hp_per_floor":[72,72,72,65,65,65,65,65,65,65,65,60,60,56,56,37,72,65,65,38,0,0],"gold":53,"neow_bonus":"THREE_ENEMY_KILL","is_daily":false,"chose_seed":false,"campfire_upgraded":2,"win_rate":0.0,"timestamp":1612450657,"path_taken":["M","?","?","?","?","R","M","$","T","$","E","M","R","?","R","BOSS","M","$","M","?"],"items_purchased_type":["Card","Card","Card","Card","Card"],"build_version":"2020-12-22","purchased_purges":1,"victory":false,"max_hp_per_floor":[72,72,72,72,72,72,72,72,72,72,72,72,72,72,72,72,72,72,72,72,72,72],"card_choices":[{"not_picked":["Perseverance","BowlingBash"],"picked":"WheelKick","floor":1},{"not_picked":["Meditate","Indignation"],"picked":"FlyingSleeves","floor":7},{"not_picked":["ClearTheMind","DeceiveReality"],"picked":"CutThroughFate+1","floor":11},{"not_picked":["MasterReality","Weave+1"],"picked":"Consecrate+1","floor":12},{"not_picked":["DeceiveReality","BowlingBash+1"],"picked":"Consecrate+1","floor":14},{"not_picked":["Scrawl","MasterReality"],"picked":"DeusExMachina","floor":16},{"not_picked":["Crescendo","FlurryOfBlows+1"],"picked":"PathToVictory","floor":18},{"not_picked":["WaveOfTheHand","FollowUp+1"],"picked":"Crescendo+1","floor":20}],"player_experience":72168,"relics_obtained":[{"floor":11,"key":"Molten Egg 2"}],"event_choices":[{"damage_healed":0,"gold_gain":0,"player_choice":"2 cards matched","damage_taken":0,"max_hp_gain":0,"max_hp_loss":0,"event_name":"Match and Keep!","floor":2,"gold_loss":0,"cards_obtained":["Eruption","SashWhip"]},{"damage_healed":0,"gold_gain":0,"player_choice":"Success","damage_taken":7,"relics_obtained":["Ornamental Fan"],"max_hp_gain":0,"max_hp_loss":0,"event_name":"Scrap Ooze","floor":4,"gold_loss":0},{"cards_removed":["Eruption"],"damage_healed":0,"gold_gain":0,"player_choice":"Purged","damage_taken":0,"max_hp_gain":0,"max_hp_loss":0,"event_name":"Purifier","floor":5,"gold_loss":0}],"is_beta":false,"boss_relics":[{"not_picked":["Cursed Key","Runic Dome"],"picked":"Pandora\u0027s Box"}],"items_purged_floors":[19],"is_endless":false,"potions_floor_spawned":[1],"killed_by":"Shelled Parasite and Fungi","ascension_level":0}}