{"host":"eebsr5bfap1y39p2","time":1612424175,"event":{"mods":["AchievementEnabler","BaseMod","Colored Map","Minty Spire (QoL Compilation)","StSLib","SuperFastMode"],"gold_per_floor":[110,110,1,14,26,26,36,67,67,67,126,126,157,157,157,157,157],"floor_reached":16,"language":"KOR","playtime":434,"items_purged":["Defend_P"],"score":162,"play_id":"043e594f-6131-4bcf-ab05-1f2c3a5c89b3","local_time":"20210204023615","is_ascension_mode":true,"campfire_choices":[{"data":"Eruption","floor":6.0,"key":"SMITH"},{"data":"Adaptation","floor":10.0,"key":"SMITH"},{"data":"ClearTheMind","floor":12.0,"key":"SMITH"},{"floor":15.0,"key":"REST"}],"circlet_count":0,"master_deck":["AscendersBane","Strike_P","Strike_P","Strike_P","Strike_P","Defend_P","Defend_P","Defend_P","Eruption+1","Vigilance","FearNoEvil","Consecrate","Tantrum","Adaptation+1","ClearTheMind+1"],"relics":["PureWater","CloakClasp","Potion Belt","TeardropLocket","Mummified Hand"],"acts_visited":["Exordium"],"potions_floor_usage":[16,16],"damage_taken":[{"damage":0.0,"enemies":"Cultist","floor":1.0,"turns":2.0},{"damage":0.0,"enemies":"Small Slimes","floor":4.0,"turns":2.0},{"damage":6.0,"enemies":"Jaw Worm","floor":5.0,"turns":3.0},{"damage":9.0,"enemies":"Large Slime","floor":7.0,"turns":3.0},{"damage":16.0,"enemies":"3 Sentries","floor":8.0,"turns":4.0},{"damage":7.0,"enemies":"Lagavulin Event","floor":11.0,"turns":3.0},{"damage":3.0,"enemies":"Lagavulin","floor":13.0,"turns":3.0},{"damage":46,"enemies":"The Guardian","floor":16,"turns":8}],"seed_played":"-1879728581894668675","potions_obtained":[{"floor":4.0,"key":"Energy Potion"},{"floor":5.0,"key":"BottledMiracle"},{"floor":7.0,"key":"AttackPotion"},{"floor":11.0,"key":"Ambrosia"},{"floor":13.0,"key":"EssenceOfSteel"}],"is_trial":false,"path_per_floor":["M","T","$","M","M","R","M","E","T","R","?","R","E","?","R","B"],"character_chosen":"WATCHER","items_purchased":["Tantrum"],"campfire_rested":1,"item_purchase_floors":[3],"current_hp_per_floor":[65,65,65,65,59,59,50,34,34,34,27,27,24,24,45,0,0],"gold":157,"neow_bonus":"THREE_CARDS","is_daily":false,"chose_seed":false,"campfire_upgraded":3,"win_rate":0.0,"timestamp":1612424175,"path_taken":["M","?","$","M","?","R","M","E","T","R","?","R","E","?","R","BOSS"],"items_purchased_type":["Card"],"build_version":"2020-12-22","purchased_purges":1,"victory":false,"max_hp_per_floor":[72,72,72,72,72,72,72,72,72,72,72,72,72,72,72,72,72],"card_choices":[{"not_picked":["CutThroughFate","Indignation"],"picked":"FearNoEvil","floor":0.0},{"not_picked":["SashWhip","EmptyBody"],"picked":"Consecrate","floor":1.0},{"not_picked":["Meditate","CutThroughFate"],"picked":"Adaptation","floor":4.0},{"not_picked":["Tantrum","BowlingBash","EmptyBody"],"picked":"SKIP","floor":5.0},{"not_picked":["WreathOfFlame","Crescendo","Consecrate"],"picked":"SKIP","floor":7.0},{"not_picked":["WreathOfFlame","WaveOfTheHand","Study"],"picked":"SKIP","floor":8.0},{"not_picked":["Swivel","Evaluate"],"picked":"ClearTheMind","floor":11.0},{"not_picked":["Collect","Weave","SashWhip"],"picked":"SKIP","floor":13.0}],"player_experience":404263,"relics_obtained":[{"floor":2.0,"key":"CloakClasp"},{"floor":8.0,"key":"Potion Belt"},{"floor":13.0,"key":"Mummified Hand"}],"event_choices":[{"damage_healed":0.0,"max_hp_gain":0.0,"max_hp_loss":0.0,"gold_gain":30.0,"event_name":"Dead Adventurer","player_choice":"Searched \u00273\u0027 times","floor":11.0,"gold_loss":0.0,"damage_taken":0.0,"relics_obtained":["TeardropLocket"]},{"damage_healed":0.0,"max_hp_gain":0.0,"max_hp_loss":0.0,"gold_gain":0.0,"event_name":"Liars Game","player_choice":"Ignored","floor":14.0,"gold_loss":0.0,"damage_taken":0.0}],"is_beta":false,"boss_relics":[],"items_purged_floors":[3],"is_endless":false,"potions_floor_spawned":[4,5,7,11,13],"killed_by":"The Guardian","ascension_level":10}}