{"host":"ucgrft0m53zzt06v","time":1612449174,"event":{"mods":["BaseMod","Colored Map","Colored Powertips","Conspire","HololiveMod","KinomotoSakuraMod(木之本樱)","Lobotomy","Minty Spire (QoL Compilation)","Quick Restart","Replay The Spire","Shop Mod","Spicy Shops","StSLib","Td1madao Mod","The Senshi","Waifu the Spire","WarShipGirlsR/战舰少女R mod","【遗物卡牌】REMEMod"],"gold_per_floor":[21,35,51,51,77,77,137,156,156,11,45,59,98,87,87,216,216,244,281,82,116,202,236,236,291,316,416,416,475,549,613,613,752,752,854,36,117,154,9,109,109,152,152,219,289,334,395,432,432,519],"floor_reached":51,"language":"ZHS","playtime":4056,"items_purged":["Parasite","Hololive_Strike","Hololive_RevenueRecovery","Amnesia"],"score":1413,"play_id":"4982e774-1b45-4c7b-b2c8-f6c90fc757c3","local_time":"20210204223254","is_ascension_mode":true,"campfire_choices":[{"data":"Hololive_CallSpadeEcho","floor":6.0,"key":"SMITH"},{"data":"Hololive_Strike","floor":15.0,"key":"PURGE"},{"data":"Hololive_CallAZKi","floor":24,"key":"SMITH"},{"data":"Hololive_Yoholoon","floor":28,"key":"SMITH"},{"floor":32,"key":"DIG"},{"data":"Hololive_Yoholoon","floor":41,"key":"SMITH"},{"data":"Parasite","floor":49,"key":"PURGE"}],"circlet_count":0,"master_deck":["Hololive_CallNatsuiroMatsuri","Hololive_CallAkaiHaato","Hololive_CallNekomataOkayu","Hololive_CallSpadeEcho+1","Hololive_CallYogiri","Hololive_FlyingPonyTail","Hololive_Defend","Hololive_Defend","Hololive_StarCraft+1","Hololive_CallAiraniIofifteen","Hololive_FlyingPonyTail","Hololive_FlyingPonyTail","Hololive_CallTokoyamiTowa","Hololive_Spy","Hololive_CallHoshimachiSuisei","Hololive_FlyingPonyTail","Hololive_RevenueBasedLive","Hololive_Yoholoon+1","Hololive_DurableLive","Hololive_CallMinatoAqua","Hololive_CallHoushouMarine","Hololive_CallHimemoriLuna","Hololive_CallInugamiKorone+1","Hololive_CallAZKi+1","Hololive_CallSakuraMiko+1","Hololive_BeCareful","Hololive_CallDoris","Hololive_CallArtia","Hololive_LuckPotion+1","Hololive_Recruit+1","Hololive_CallAyundaRisu+1","Hololive_Yoholoon+1","Hololive_Yoholoon","Hololive_CandyCastle","Hololive_CallHimemoriLuna","Hololive_WolfAndLamb","Hololive_CallCivia","Shame","Hololive_CandyCastle","Hololive_DurableLive","Hololive_CallRoboco+1","Hololive_CallAkaiHaato+1","Hololive_CallNakiriAyame+1"],"relics":["Hololive_TheStar","REME_ComplimentaryCards","Thread and Needle","theSenshi:SuperSailorFukuRelic","Sundial","ReplayTheSpireMod:Shallot","MerchantsRug","theSenshi:SailorFukuRelic","ReplayFunnel","Cursed Key","ClockworkSouvenir","ReplayTheSpireMod:CursedCoin","Bottled Flame","Replay:Bandana","Peace Pipe","conspire:Dentures","conspire:RunicOctahedron","Blue Doll","Guide Book","Replay:Wax Seal","Strawberry","Pondfish Scales","ReplayTheSpireMod:Ninjato","Boot"],"acts_visited":["Exordium","TheCity","TheBeyond"],"potions_floor_usage":[48,50,50],"damage_taken":[{"damage":0.0,"enemies":"conspire:RoseBush","floor":1.0,"turns":3.0},{"damage":0.0,"enemies":"2 Louse","floor":2.0,"turns":3.0},{"damage":0.0,"enemies":"Jaw Worm","floor":3.0,"turns":3.0},{"damage":0.0,"enemies":"Exordium Thugs","floor":5.0,"turns":4.0},{"damage":0.0,"enemies":"Gremlin Nob","floor":7.0,"turns":4.0},{"damage":0.0,"enemies":"Large Slime","floor":8.0,"turns":5.0},{"damage":0.0,"enemies":"Gremlin Nob","floor":11.0,"turns":4.0},{"damage":0.0,"enemies":"3 Louse","floor":12.0,"turns":3.0},{"damage":0.0,"enemies":"3 Sentries","floor":13.0,"turns":6.0},{"damage":0.0,"enemies":"Slime Boss","floor":16.0,"turns":8.0},{"damage":0.0,"enemies":"Chosen","floor":18.0,"turns":4.0},{"damage":0.0,"enemies":"conspire:FuzzyDice","floor":19.0,"turns":4.0},{"damage":0,"enemies":"Shelled Parasite and Fungi","floor":21,"turns":4},{"damage":0,"enemies":"Slavers","floor":23,"turns":4},{"damage":0,"enemies":"REME_1_Revenger","floor":25,"turns":4},{"damage":0,"enemies":"conspire:Head Lice","floor":27,"turns":8},{"damage":0,"enemies":"Centurion and Healer","floor":29,"turns":7},{"damage":0,"enemies":"REME_1_Revenger","floor":30,"turns":5},{"damage":0,"enemies":"Cultist and Chosen","floor":31,"turns":5},{"damage":0,"enemies":"conspire:MysteriousRune","floor":33,"turns":7},{"damage":0,"enemies":"3 Darklings","floor":35,"turns":5},{"damage":0,"enemies":"conspire:MimicChest","floor":37,"turns":4},{"damage":0,"enemies":"Orb Walker","floor":38,"turns":3},{"damage":0,"enemies":"R_Hoarder","floor":40,"turns":6},{"damage":0,"enemies":"Sphere and 2 Shapes","floor":42,"turns":4},{"damage":0,"enemies":"Giant Head","floor":44,"turns":7},{"damage":0,"enemies":"4 Shapes","floor":45,"turns":4},{"damage":0,"enemies":"Maw","floor":46,"turns":6},{"damage":0,"enemies":"R_Hoarder","floor":47,"turns":5},{"damage":0,"enemies":"Writhing Mass","floor":48,"turns":4},{"damage":0,"enemies":"Replay:Hell Engine","floor":50,"turns":7}],"seed_played":"-7093354572664199242","potions_obtained":[{"floor":5.0,"key":"Milkshake"},{"floor":7.0,"key":"SteroidPotion"},{"floor":11.0,"key":"LiquidMemories"},{"floor":18.0,"key":"Elixir"},{"floor":27,"key":"conspire:TimeTravelPotion"},{"floor":47,"key":"Fruit Juice"},{"floor":48,"key":"Swift Potion"}],"is_trial":false,"path_per_floor":["M","M","M","?","M","R","?","M","T","$","E","M","E","$","R_BF","B",null,"M","M","$","M","?","E","R","E","T","E","R","M","E","M","R_BF","B",null,"M","$","?","M","$","E","R","M","T","E","M","M","E","M","R_BF","B",null],"character_chosen":"Hololive_HololiveCharacter","items_purchased":["MerchantsRug","Hololive_Yoholoon","ClockworkSouvenir","ReplayTheSpireMod:CursedCoin","BlessingOfTheForge","Hololive_Yoholoon","Hololive_CandyCastle","Hololive_CallHimemoriLuna","Blue Doll","Orichalcum","Lee\u0027s Waffle","Guide Book","Replay:Wax Seal"],"campfire_rested":0,"item_purchase_floors":[10,14,20,20,20,36,36,36,36,36,36,36,39],"current_hp_per_floor":[32,32,32,29,29,29,29,29,29,29,29,29,29,29,29,29,34,34,34,32,32,32,32,32,32,38,38,38,38,38,38,38,38,38,38,45,45,45,45,52,52,52,52,52,52,52,52,57,54,54],"gold":519,"neow_bonus":"ONE_RARE_RELIC","is_daily":false,"chose_seed":false,"campfire_upgraded":4,"win_rate":0.0,"timestamp":1612449174,"path_taken":["M","M","M","?","M","R","?","M","T","$","E","M","E","?","R_BF","BOSS","M","M","$","M","?","E","R","E","T","E","R","M","E","M","R_BF","BOSS","M","$","?","M","?","E","R","M","T","E","M","M","E","M","R_BF","BOSS"],"items_purchased_type":["Relic","Card","Relic","Relic","Potion","Card","Card","Card","Relic","Relic","Relic","Relic","Relic"],"build_version":"2020-12-22","purchased_purges":4,"victory":true,"max_hp_per_floor":[35,35,35,35,35,35,35,35,35,35,35,35,35,35,35,35,35,35,35,32,32,32,32,32,32,38,38,38,38,38,38,38,38,38,38,45,45,45,45,52,52,52,52,52,52,52,52,57,54,54],"card_choices":[{"not_picked":["Hololive_Breathe","Hololive_Drill","Hololive_CocoNews"],"picked":"Hololive_CallAiraniIofifteen","floor":1.0},{"not_picked":["Hololive_Sequa","Hololive_Rebound","Hololive_Trident","Hololive_Psychosis"],"picked":"SKIP","floor":2.0},{"not_picked":["Hololive_CallInugamiKorone","Hololive_DevilCharm","Hololive_CallAmaneKanata"],"picked":"Hololive_FlyingPonyTail","floor":3.0},{"not_picked":["Hololive_Rebound","Hololive_Sequa","Hololive_CallAiraniIofifteen"],"picked":"Hololive_FlyingPonyTail","floor":5.0},{"not_picked":["Hololive_Psychosis","Hololive_Drill","Hololive_FlareMind"],"picked":"Hololive_CallTokoyamiTowa","floor":7.0},{"not_picked":["Hololive_Drill","Hololive_RevenueBasedLive","Hololive_CallUsadaPekora"],"picked":"Hololive_Spy","floor":8.0},{"not_picked":["Hololive_Trident","Hololive_Drill","Hololive_CocoNews"],"picked":"Hololive_CallHoshimachiSuisei","floor":11.0},{"not_picked":["Hololive_Sequa","Hololive_RevenueBasedLive","Hololive_Rebound"],"picked":"Hololive_FlyingPonyTail","floor":12.0},{"not_picked":["Hololive_FlyingPonyTail","Hololive_CallYuzukiChoco","Hololive_CallInugamiKorone"],"picked":"Hololive_RevenueBasedLive","floor":13.0},{"not_picked":["Hololive_DiamondStrike","Hololive_Recruit","Hololive_MaximGun"],"picked":"Hololive_DurableLive","floor":16.0},{"not_picked":["Hololive_Trident","Hololive_StrengthChampion+1","Hololive_Sequa"],"picked":"Hololive_CallMinatoAqua","floor":18.0},{"not_picked":["Hololive_CallKiryuuCoco","Hololive_CallAkaiHaato","Hololive_HuntDinosaur"],"picked":"Hololive_CallHoushouMarine","floor":19.0},{"not_picked":["Hololive_Trident","Hololive_Drill","Hololive_Psychosis"],"picked":"Hololive_CallHimemoriLuna","floor":21},{"not_picked":["Hololive_Breathe","Hololive_RevenueBasedLive","Hololive_Sequa+1"],"picked":"Hololive_CallInugamiKorone+1","floor":22},{"not_picked":["Hololive_HuntDinosaur+1","Hololive_Drill","Hololive_Breathe"],"picked":"Hololive_CallAZKi","floor":22},{"not_picked":["Hololive_CallShiroganeNoel","Hololive_HuntDinosaur","Hololive_Rebound"],"picked":"Hololive_CallSakuraMiko+1","floor":23},{"not_picked":["Hololive_RevenueBasedLive","Hololive_Breathe","Hololive_Psychosis"],"picked":"Hololive_BeCareful","floor":25},{"not_picked":["Hololive_OvertimeWork","Hololive_RevenueBasedLive","Hololive_HuntDinosaur+1"],"picked":"Hololive_CallDoris","floor":27},{"not_picked":["Hololive_CallDoris","Hololive_HighAtkLowDef","Hololive_RevenueBasedLive","Hololive_DevilCharm"],"picked":"SKIP","floor":29},{"not_picked":["Hololive_CocoNews","Hololive_RevenueBasedLive","Hololive_StrengthChampion"],"picked":"Hololive_CallArtia","floor":30},{"not_picked":["Hololive_Trident","Hololive_CallShirakamiFubuki","Hololive_Breathe"],"picked":"Hololive_LuckPotion+1","floor":31},{"not_picked":["Hololive_StarCraft","Hololive_FlareMind","Hololive_AWSL"],"picked":"Hololive_Recruit","floor":33},{"not_picked":["Hololive_CallNekomataOkayu","Hololive_Drill+1","Hololive_Rebound"],"picked":"Hololive_CallAyundaRisu+1","floor":35},{"not_picked":["Hololive_OvertimeWork+1","Hololive_Rebound+1","Hololive_Drill"],"picked":"Hololive_WolfAndLamb","floor":38},{"not_picked":["Hololive_SoulCatcher+1","Hololive_Psychosis+1","Hololive_HuntDinosaur+1","Hololive_ManjiGathering"],"picked":"SKIP","floor":40},{"not_picked":["Hololive_FlyingPonyTail+1","Hololive_LuckPotion","Hololive_CocoNews+1"],"picked":"Hololive_CallCivia","floor":42},{"not_picked":["Hololive_CallMinatoAqua","Hololive_StrengthChampion+1","Hololive_CallAiraniIofifteen"],"picked":"Hololive_CandyCastle","floor":44},{"not_picked":["Hololive_FlyingPonyTail","Hololive_CocoNews+1","Hololive_Trident+1"],"picked":"Hololive_DurableLive","floor":45},{"not_picked":["Hololive_HuntDinosaur","Hololive_Psychosis+1","Hololive_Rebound+1"],"picked":"Hololive_CallRoboco+1","floor":46},{"not_picked":["Hololive_Breathe+1","Hololive_LuckPotion+1","Hololive_HuntDinosaur+1"],"picked":"Hololive_CallAkaiHaato+1","floor":47},{"not_picked":["Hololive_StrengthChampion+1","Hololive_Breathe","Hololive_CallHoushouMarine+1"],"picked":"Hololive_CallNakiriAyame+1","floor":48}],"player_experience":195127,"relics_obtained":[{"floor":7.0,"key":"Sundial"},{"floor":9.0,"key":"ReplayTheSpireMod:Shallot"},{"floor":11.0,"key":"theSenshi:SailorFukuRelic"},{"floor":13.0,"key":"ReplayFunnel"},{"floor":23,"key":"Darkstone Periapt"},{"floor":25,"key":"Bottled Flame"},{"floor":26,"key":"Replay:Bandana"},{"floor":27,"key":"Toy Ornithopter"},{"floor":30,"key":"Peace Pipe"},{"floor":32,"key":"conspire:Dentures"},{"floor":37,"key":"MealTicket"},{"floor":40,"key":"Strawberry"},{"floor":43,"key":"Pondfish Scales"},{"floor":44,"key":"ReplayTheSpireMod:Ninjato"},{"floor":47,"key":"Boot"}],"event_choices":[{"damage_healed":0.0,"max_hp_gain":0.0,"max_hp_loss":0.0,"gold_gain":0.0,"event_name":"Scrap Ooze","player_choice":"Success","floor":4.0,"gold_loss":0.0,"damage_taken":3.0,"relics_obtained":["theSenshi:SuperSailorFukuRelic"]},{"damage_healed":0.0,"max_hp_gain":0.0,"max_hp_loss":0.0,"gold_gain":0.0,"event_name":"Dead Adventurer","player_choice":"Searched \u00272\u0027 times","floor":7.0,"gold_loss":0.0,"damage_taken":0.0}],"is_beta":false,"boss_relics":[{"not_picked":["Ectoplasm","Astrolabe"],"picked":"Cursed Key"},{"not_picked":["conspire:RoyalGoblet","Hololive_ChaosS"],"picked":"conspire:RunicOctahedron"}],"items_purged_floors":[20,20,36,39],"is_endless":false,"potions_floor_spawned":[5,7,11,12,13,18,27,29,31,33,35,40,42,47,48],"ascension_level":7}}