{"host":"u7y9frlpoazak2mn","time":1612409422,"event":{"mods":["Act Like it!","Aspiration","BaseMod","Beaked The Cultist","Better Altar","Better Match","Better Note","Better Sensory Stone","Better Skull","Better Third Choice","Colored Map","Colored Powertips","Conspire","Downfall","Energized Spire","GifTheSpireLib","Googly Eyes","Halation","Hermit","Hubris","Infinite Spire","Marked Mod","Mimic Mod","Minty Spire (QoL Compilation)","Permanent Neow","Prisma Mod","Rare Cards Sparkle","Replay The Spire","StSLib","Stuff the Spire","The Construct","Waifu the Spire"],"gold_per_floor":[113,133,4,4,23,23,23,53,53,53,53,90,102,122,122,225,225,244,204,222,240,260,260,273,303,335,335,350,29,29,29],"floor_reached":30,"language":"ENG","playtime":1746,"items_purged":["Strike_B"],"score":290,"play_id":"d0348d62-494d-4655-bf97-aba08a4015fa","local_time":"20210203223022","is_ascension_mode":true,"campfire_choices":[{"data":"hubris:PowerSurge","floor":6,"key":"SMITH"},{"data":"StuffTheSpire:LoadUp","floor":10,"key":"SMITH"},{"floor":15,"key":"REST"},{"floor":23,"key":"REST"}],"circlet_count":0,"master_deck":["Strike_B","Strike_B","Strike_B","Defend_B","Defend_B","Defend_B","Defend_B","Zap","Dualcast","Machine Learning","Barrage","aspiration:Polymerization","hubris:PowerSurge+1","Hologram","Hologram","Bandage Up","StuffTheSpire:LoadUp+1","hubris:Ukulele","Barrage","Multi-Cast","Gash","Ball Lightning","Defragment+1","StuffTheSpire:ForEach","White Noise+1","StuffTheSpire:WarGroove","FIFO Queue","Hologram","Hologram"],"relics":["Cracked Core","hubris:Icosahedron","Torii","StuffTheSpire:ColdMirror","hubris:SphereOfDissonance","conspire:Flyswatter","Painkiller Herb","infinitespire:Lucky Rock","halation:NonexistentMirror"],"acts_visited":["Exordium","TheCity"],"potions_floor_usage":[8,14,22,22,24,24],"damage_taken":[{"damage":3,"enemies":"Jaw Worm","floor":1,"turns":4},{"damage":2,"enemies":"conspire:RoseBush","floor":2,"turns":2},{"damage":0,"enemies":"Small Slimes","floor":5,"turns":3},{"damage":17,"enemies":"Replay:BlueRogue","floor":8,"turns":4},{"damage":1,"enemies":"conspire:MimicChest","floor":12,"turns":5},{"damage":6,"enemies":"Looter","floor":13,"turns":2},{"damage":11,"enemies":"Large Slime","floor":14,"turns":2},{"damage":45,"enemies":"Hexaghost","floor":16,"turns":10},{"damage":43,"enemies":"conspire:FuzzyDice","floor":18,"turns":5},{"damage":1,"enemies":"Shell Parasite","floor":20,"turns":4},{"damage":1,"enemies":"Cultist and Chosen","floor":21,"turns":4},{"damage":10,"enemies":"Snecko","floor":22,"turns":4},{"damage":35,"enemies":"Sentry and Sphere","floor":24,"turns":4},{"damage":2,"enemies":"conspire:Head Lice","floor":25,"turns":3},{"damage":1,"enemies":"3 Cultists","floor":26,"turns":3},{"damage":22,"enemies":"3 Cultists","floor":28,"turns":4},{"damage":9,"enemies":"Book of Stabbing","floor":30,"turns":1}],"seed_played":"-5634637295282932898","potions_obtained":[{"floor":2,"key":"Cursed Concoction"},{"floor":12,"key":"FocusPotion"},{"floor":19,"key":"Weak Potion"},{"floor":19,"key":"Regen Potion"},{"floor":19,"key":"Slimebound:ThreeZeroPotion"},{"floor":22,"key":"Strength Potion"}],"is_trial":false,"path_per_floor":["M","M","$","?","M","R","?","E","T","R","T","?","M","M","R","B",null,"?","?","?","?","?","T","?","E","MIM","?","?","T","E"],"character_chosen":"DEFECT","items_purchased":["hubris:PowerSurge","Hologram","FIFO Queue","halation:NonexistentMirror","Hologram"],"campfire_rested":2,"item_purchase_floors":[3,3,29,29,29],"current_hp_per_floor":[72,70,70,70,70,70,70,57,57,57,57,60,54,43,65,24,75,36,36,39,42,36,58,36,38,41,21,3,3,0,0],"gold":29,"neow_bonus":"ONE_RANDOM_RARE_CARD","is_daily":false,"chose_seed":false,"campfire_upgraded":2,"win_rate":0.0,"timestamp":1612409422,"path_taken":["M","M","$","?","M","R","?","E","T","R","?","?","M","M","R","BOSS","?","?","?","?","?","T","?","E","MIM","?","?","T","E"],"items_purchased_type":["Card","Card","Card","Relic","Card"],"build_version":"2020-12-22","purchased_purges":1,"victory":false,"max_hp_per_floor":[75,75,75,75,75,75,75,75,75,75,75,75,75,75,75,75,75,75,75,75,75,75,75,75,75,75,75,75,75,75,75],"card_choices":[{"not_picked":["Streamline","Auto Shields"],"picked":"Barrage","floor":1},{"not_picked":["Turbo","Go for the Eyes"],"picked":"aspiration:Polymerization","floor":2},{"not_picked":["Cold Snap","Streamline"],"picked":"Hologram","floor":5},{"not_picked":["ReplayTheSpireMod:Brewmster","Secret Weapon"],"picked":"Bandage Up","floor":7},{"not_picked":["Ball Lightning","Conserve Battery"],"picked":"StuffTheSpire:LoadUp","floor":8},{"not_picked":["Compile Driver","Reinforced Body"],"picked":"hubris:Ukulele","floor":12},{"not_picked":["StuffTheSpire:Plugnplay","Leap"],"picked":"Barrage","floor":13},{"not_picked":["Blizzard","Panic Button","Leap"],"picked":"SKIP","floor":14},{"not_picked":["StuffTheSpire:Purify","Hyperbeam"],"picked":"Multi-Cast","floor":16},{"not_picked":["Turbo","Compile Driver","Go for the Eyes"],"picked":"SKIP","floor":18},{"not_picked":["Turbo","Aggregate"],"picked":"Gash","floor":20},{"not_picked":["FTL+1","Cold Snap+1"],"picked":"Ball Lightning","floor":21},{"not_picked":["Leap","Time Bomb","Redo"],"picked":"SKIP","floor":22},{"not_picked":["Leap","Time Bomb","Redo"],"picked":"SKIP","floor":22},{"not_picked":["Streamline","Gash"],"picked":"Defragment+1","floor":24},{"not_picked":["ReplaySort","Go for the Eyes+1"],"picked":"StuffTheSpire:ForEach","floor":25},{"not_picked":["Stack","Conserve Battery"],"picked":"White Noise+1","floor":26},{"not_picked":["Coolheaded","Conserve Battery","ReplayTheSpireMod:Repulse"],"picked":"SKIP","floor":28}],"player_experience":391897,"relics_obtained":[{"floor":8,"key":"Torii"},{"floor":9,"key":"StuffTheSpire:ColdMirror"},{"floor":11,"key":"hubris:SphereOfDissonance"},{"floor":12,"key":"conspire:Flyswatter"},{"floor":25,"key":"infinitespire:Lucky Rock"}],"event_choices":[{"damage_healed":0,"gold_gain":1,"player_choice":"1","damage_taken":0,"max_hp_gain":0,"max_hp_loss":0,"event_name":"betterStone:BetterStone","floor":7,"gold_loss":0},{"damage_healed":0,"gold_gain":0,"player_choice":"Bought 3 Potions","damage_taken":0,"max_hp_gain":0,"max_hp_loss":0,"event_name":"The Woman in Blue","floor":19,"gold_loss":0}],"is_beta":false,"boss_relics":[{"not_picked":["Replay:Wanted Poster","energizedSpire:EnergizedDie"],"picked":"Painkiller Herb"}],"items_purged_floors":[29],"is_endless":false,"potions_floor_spawned":[2,12,20,22],"killed_by":"Book of Stabbing","ascension_level":1}}