{"host":"o9lehcdjc4u6j9un","time":1612453301,"event":{"mods":["BaseMod","Colored Map","Hermit","Minty Spire (QoL Compilation)","StSLib"],"gold_per_floor":[117,131,131,150,75,108,120,162,197,209,209],"floor_reached":10,"language":"ZHS","playtime":735,"items_purged":["Defend_P"],"score":76,"play_id":"3b7888a4-9d2b-48ca-93de-275fff80af1c","local_time":"20210204234141","is_ascension_mode":false,"campfire_choices":[{"data":"Eruption","floor":7,"key":"SMITH"}],"circlet_count":0,"master_deck":["Strike_P","Strike_P","Strike_P","Strike_P","Defend_P","Defend_P","Eruption+1","Vigilance","MasterReality","DeceiveReality","FlurryOfBlows","EmptyBody","Evaluate","Evaluate","FlyingSleeves"],"relics":["PureWater","MawBank","Centennial Puzzle","PreservedInsect"],"acts_visited":["Exordium"],"potions_floor_usage":[2,6],"damage_taken":[{"damage":0,"enemies":"Jaw Worm","floor":1,"turns":3},{"damage":2,"enemies":"Cultist","floor":2,"turns":4},{"damage":0,"enemies":"2 Louse","floor":4,"turns":3},{"damage":2,"enemies":"3 Sentries","floor":6,"turns":12},{"damage":31,"enemies":"Gremlin Nob","floor":8,"turns":5},{"damage":20,"enemies":"Lagavulin","floor":10,"turns":2}],"seed_played":"-584513137842441646","potions_obtained":[{"floor":1,"key":"Swift Potion"},{"floor":2,"key":"EssenceOfSteel"}],"is_trial":false,"path_per_floor":["M","M","?","M","$","E","R","E","T","E"],"character_chosen":"WATCHER","items_purchased":[],"campfire_rested":0,"item_purchase_floors":[],"current_hp_per_floor":[51,49,49,49,49,47,47,16,16,0,0],"gold":209,"neow_bonus":"THREE_RARE_CARDS","is_daily":false,"chose_seed":false,"campfire_upgraded":1,"win_rate":0.0,"timestamp":1612453301,"path_taken":["M","M","?","M","$","E","R","E","T","E"],"items_purchased_type":[],"build_version":"2020-12-22","purchased_purges":1,"victory":false,"max_hp_per_floor":[72,72,72,72,72,72,72,72,72,72,72],"card_choices":[{"not_picked":["LessonLearned","DevaForm"],"picked":"MasterReality","floor":0},{"not_picked":["FollowUp","FlurryOfBlows"],"picked":"DeceiveReality","floor":1},{"not_picked":["Wallop","JustLucky"],"picked":"FlurryOfBlows","floor":2},{"not_picked":["FlurryOfBlows","SashWhip"],"picked":"Evaluate","floor":4},{"not_picked":["PathToVictory","ClearTheMind"],"picked":"Evaluate","floor":6},{"not_picked":["WreathOfFlame","PathToVictory"],"picked":"FlyingSleeves","floor":8}],"player_experience":111269,"relics_obtained":[{"floor":6,"key":"MawBank"},{"floor":8,"key":"Centennial Puzzle"},{"floor":9,"key":"PreservedInsect"}],"event_choices":[{"damage_healed":0,"gold_gain":0,"cards_transformed":["Defend_P"],"player_choice":"Change","damage_taken":0,"max_hp_gain":0,"max_hp_loss":0,"event_name":"Living Wall","floor":3,"gold_loss":0,"cards_obtained":["EmptyBody"]}],"is_beta":false,"boss_relics":[],"items_purged_floors":[5],"is_endless":false,"potions_floor_spawned":[1,2],"killed_by":"Lagavulin","ascension_level":0}}