{"host":"zlolxa879v8f5dwy","time":1612456218,"event":{"mods":["AchievementEnabler","BaseMod","Downfall","Friendly Minions","Hermit","Hubris","Jorbs\u0027s Wanderer Trilogy","Kiyohime????","Koishi","Marisa????????","Minty Spire (QoL Compilation)","Remilia??????","StSLib","The Animator","The Cursed","The Disciple","The Hierophant","The Servant 0.9.4"],"gold_per_floor":[99,117,117,117,128,63,63,82,82,99,99,131,131,160,176,176,176,176],"floor_reached":16,"language":"ENG","playtime":1095,"items_purged":[],"score":110,"play_id":"b7497f4d-051e-4a07-9707-9aee24b358ba","local_time":"20210204173018","is_ascension_mode":false,"campfire_choices":[{"floor":1,"key":"RECALL"},{"floor":9,"key":"REST"},{"data":"Guardian:RefractedBeam","floor":11,"key":"SMITH"}],"circlet_count":0,"master_deck":["Guardian:Strike_Guardian","Guardian:Strike_Guardian","Guardian:Strike_Guardian","Guardian:Defend_Guardian","Guardian:Defend_Guardian","Guardian:Defend_Guardian","Guardian:Defend_Guardian","Guardian:CurlUp","Guardian:TwinSlam","Guardian:Incinerate","Guardian:RevengeProtocol","Guardian:MultiBeam","Guardian:RefractedBeam+1","Guardian:RollAttack","Guardian:PiercingHide","Guardian:BodySlam"],"relics":["Guardian:ModeShifter","hubris:Icosahedron","hubris:TinFlute","PreservedInsect","Pantograph"],"acts_visited":["Exordium"],"potions_floor_usage":[14,16,16],"damage_taken":[{"damage":6,"enemies":"Jaw Worm","floor":2,"turns":5},{"damage":7,"enemies":"Small Slimes","floor":5,"turns":4},{"damage":5,"enemies":"downfall:FleeingMerchant","floor":6,"turns":4},{"damage":11,"enemies":"Cultist","floor":8,"turns":5},{"damage":22,"enemies":"Exordium Thugs","floor":10,"turns":5},{"damage":36,"enemies":"3 Sentries","floor":12,"turns":9},{"damage":3,"enemies":"Gremlin Nob","floor":14,"turns":3},{"damage":0,"enemies":"Lots of Slimes","floor":15,"turns":1},{"damage":76,"enemies":"DF_ARCHETYPE_STREAMLINE","floor":16,"turns":9}],"seed_played":"7878299298561247261","potions_obtained":[{"floor":5,"key":"hexamod:SoulburnPotion"},{"floor":12,"key":"Energy Potion"},{"floor":14,"key":"SteroidPotion"}],"is_trial":false,"path_per_floor":["R","M","?","?","M","$","T","M","R","M","R","E","T","E","M","B"],"character_chosen":"GUARDIAN","items_purchased":[],"campfire_rested":1,"item_purchase_floors":[],"current_hp_per_floor":[88,82,82,82,75,70,70,59,85,63,63,27,27,24,24,0,0,0],"gold":176,"neow_bonus":"TEN_PERCENT_HP_BONUS","is_daily":false,"chose_seed":false,"campfire_upgraded":1,"win_rate":0.0,"timestamp":1612456218,"path_taken":["R","M","?","?","M","$","T","M","R","M","R","E","?","E","M","BOSS"],"items_purchased_type":[],"build_version":"2020-12-22","purchased_purges":0,"victory":false,"max_hp_per_floor":[88,88,88,88,88,88,88,88,88,88,88,88,88,88,88,88,88,88],"card_choices":[{"not_picked":["Guardian:ShieldCharger","Guardian:Recover"],"picked":"Guardian:Incinerate","floor":2},{"not_picked":["Guardian:RollAttack","Guardian:Repulse"],"picked":"Guardian:Gem_Cyan","floor":5},{"not_picked":["Guardian:Emergency","Guardian:ChargeCore"],"picked":"Guardian:RevengeProtocol","floor":6},{"not_picked":["Guardian:Gem_Green","Guardian:ChargeCore"],"picked":"Guardian:MultiBeam","floor":8},{"not_picked":["Guardian:SpikerProtocol","Guardian:ChargeCore"],"picked":"Guardian:RefractedBeam","floor":10},{"not_picked":["Guardian:TemporalShield","Guardian:WalkerClaw"],"picked":"Guardian:RollAttack","floor":12},{"not_picked":["Guardian:Repulse","Guardian:BronzeOrb"],"picked":"Guardian:PiercingHide","floor":14},{"not_picked":["Guardian:PiercingHide","Guardian:PrismaticBarrier"],"picked":"Guardian:BodySlam","floor":15}],"player_experience":164111,"relics_obtained":[{"floor":12,"key":"hubris:TinFlute"},{"floor":13,"key":"PreservedInsect"},{"floor":14,"key":"Pantograph"}],"event_choices":[{"cards_removed":["Guardian:Strike_Guardian"],"damage_healed":0,"gold_gain":0,"player_choice":"Card Removal","damage_taken":0,"max_hp_gain":0,"max_hp_loss":0,"event_name":"The Cleric","floor":3,"gold_loss":0}],"is_beta":false,"boss_relics":[],"items_purged_floors":[],"is_endless":false,"potions_floor_spawned":[5,12,14],"killed_by":"DF_ARCHETYPE_STREAMLINE","ascension_level":0}}