{"host":"6r762osam2bvfm66","time":1612478411,"event":{"mods":["BaseMod","Colored Map","Minty Spire (QoL Compilation)"],"gold_per_floor":[116,127,52,52,72,102,102,122,122,153,173,191,191,191,191],"floor_reached":14,"language":"ENG","playtime":542,"items_purged":["Strike_R"],"score":122,"play_id":"37836403-ad18-4ab3-a289-d5b855ae8044","local_time":"20210204164011","is_ascension_mode":true,"campfire_choices":[{"data":"True Grit","floor":7,"key":"SMITH"}],"circlet_count":0,"master_deck":["Strike_R","Strike_R","Strike_R","Strike_R","Defend_R","Defend_R","Defend_R","Defend_R","Bash","Limit Break","Carnage","True Grit+1","Uppercut","Carnage","Pommel Strike"],"relics":["Burning Blood","Pen Nib","Matryoshka","FossilizedHelix"],"acts_visited":["Exordium"],"potions_floor_usage":[11,12,14,14],"damage_taken":[{"damage":1,"enemies":"2 Louse","floor":1,"turns":3},{"damage":1,"enemies":"Cultist","floor":2,"turns":3},{"damage":5,"enemies":"Jaw Worm","floor":5,"turns":2},{"damage":53,"enemies":"3 Sentries","floor":6,"turns":13},{"damage":0,"enemies":"3 Louse","floor":8,"turns":3},{"damage":22,"enemies":"Gremlin Nob","floor":10,"turns":4},{"damage":21,"enemies":"Large Slime","floor":11,"turns":5},{"damage":0,"enemies":"2 Fungi Beasts","floor":12,"turns":2},{"damage":15,"enemies":"3 Sentries","floor":14,"turns":2}],"seed_played":"-5024057794936036457","potions_obtained":[{"floor":1,"key":"LiquidBronze"},{"floor":4,"key":"SmokeBomb"},{"floor":4,"key":"SpeedPotion"},{"floor":4,"key":"LiquidMemories"},{"floor":11,"key":"FearPotion"}],"is_trial":false,"path_per_floor":["M","M","$","?","M","E","R","M","T","E","M","M","?","E"],"character_chosen":"IRONCLAD","items_purchased":[],"campfire_rested":0,"item_purchase_floors":[],"current_hp_per_floor":[80,80,80,80,80,33,33,39,39,23,8,14,14,0,0],"gold":191,"neow_bonus":"ONE_RANDOM_RARE_CARD","is_daily":false,"chose_seed":false,"campfire_upgraded":1,"win_rate":0.0,"timestamp":1612478411,"path_taken":["M","M","$","?","M","E","R","M","T","E","M","?","?","E"],"items_purchased_type":[],"build_version":"2020-12-22","purchased_purges":1,"victory":false,"max_hp_per_floor":[80,80,80,80,80,80,80,80,80,80,80,80,80,80,80],"card_choices":[{"not_picked":["Rampage","Searing Blow"],"picked":"Carnage","floor":1},{"not_picked":["Twin Strike","Power Through"],"picked":"True Grit","floor":2},{"not_picked":["Ghostly Armor","Twin Strike"],"picked":"Uppercut","floor":5},{"not_picked":["Body Slam","Flex"],"picked":"Carnage","floor":6},{"not_picked":["Combust","Fire Breathing"],"picked":"Pommel Strike","floor":8},{"not_picked":["Headbutt","Dropkick","Blood for Blood"],"picked":"SKIP","floor":10},{"not_picked":["Whirlwind","Iron Wave","Heavy Blade"],"picked":"SKIP","floor":11},{"not_picked":["Rampage","Sword Boomerang","Body Slam"],"picked":"SKIP","floor":12}],"player_experience":42433,"relics_obtained":[{"floor":6,"key":"Pen Nib"},{"floor":9,"key":"Matryoshka"},{"floor":10,"key":"FossilizedHelix"}],"event_choices":[{"damage_healed":0,"gold_gain":0,"player_choice":"Got Potions","damage_taken":0,"max_hp_gain":0,"max_hp_loss":0,"event_name":"Lab","floor":4,"gold_loss":0},{"damage_healed":0,"gold_gain":0,"player_choice":"Ignored","damage_taken":0,"max_hp_gain":0,"max_hp_loss":0,"event_name":"Shining Light","floor":13,"gold_loss":0}],"is_beta":false,"boss_relics":[],"items_purged_floors":[3],"is_endless":false,"potions_floor_spawned":[1,10,11],"killed_by":"3 Sentries","ascension_level":4}}