{"host":"awsx6hu75lh7tsqd","time":1612421137,"event":{"mods":["AchievementEnabler","BaseMod","BetterRewards","Colored Map","Evolution","Minty Spire (QoL Compilation)","Shop Mod","StSLib"],"gold_per_floor":[117,129,144,94,112,141,141,175,175,188,213,229,229,5,5,100,100,116,129,141,161,161,195,195,209,289,214,214,24,40,50,50,151,151,161,10,10,22,34,54,54,73,73,73,73],"floor_reached":44,"language":"ENG","playtime":2463,"items_purged":["Defend_B","Zap","Defend_B"],"score":794,"play_id":"e80f6d10-e781-45ee-90a5-f12edb2b5d65","local_time":"20210203234537","is_ascension_mode":true,"campfire_choices":[{"floor":7,"key":"REST"},{"floor":15,"key":"REST"},{"floor":24,"key":"REST"},{"floor":32,"key":"REST"},{"data":"Fusion","floor":41,"key":"SMITH"}],"circlet_count":0,"master_deck":["Rebound","Rebound","Rebound","Leap","Reprogram","Rip and Tear","Sweeping Beam","White Noise","Fusion+1","Gash","Melter+1","Barrage+1","Redo","Gash+1","Meteor Strike","Gash+1","BootSequence","Barrage","Double Energy","BootSequence"],"relics":["Cracked Core","EVO:Axolotl","Strawberry","Letter Opener","Sundial","Pear","Mercury Hourglass","FossilizedHelix","Membership Card","Nuclear Battery","Gremlin Horn","Meat on the Bone","Black Star","Lee\u0027s Waffle","Art of War","Molten Egg 2"],"acts_visited":["Exordium","TheCity","TheBeyond"],"potions_floor_usage":[5,6,16,16,16,16,23,28,28],"damage_taken":[{"damage":6,"enemies":"Cultist","floor":1,"turns":3},{"damage":0,"enemies":"Small Slimes","floor":2,"turns":3},{"damage":13,"enemies":"Jaw Worm","floor":3,"turns":3},{"damage":21,"enemies":"3 Louse","floor":5,"turns":2},{"damage":2,"enemies":"Gremlin Nob","floor":6,"turns":3},{"damage":27,"enemies":"3 Sentries","floor":8,"turns":5},{"damage":23,"enemies":"Exordium Wildlife","floor":10,"turns":3},{"damage":18,"enemies":"Lagavulin","floor":11,"turns":7},{"damage":0,"enemies":"Large Slime","floor":12,"turns":4},{"damage":0,"enemies":"Slime Boss","floor":16,"turns":6},{"damage":22,"enemies":"2 Thieves","floor":18,"turns":3},{"damage":0,"enemies":"Spheric Guardian","floor":19,"turns":1},{"damage":11,"enemies":"Centurion and Healer","floor":20,"turns":5},{"damage":5,"enemies":"Snecko","floor":21,"turns":4},{"damage":56,"enemies":"Slavers","floor":23,"turns":5},{"damage":16,"enemies":"3 Cultists","floor":25,"turns":4},{"damage":12,"enemies":"Book of Stabbing","floor":28,"turns":3},{"damage":0,"enemies":"Centurion and Healer","floor":30,"turns":2},{"damage":21,"enemies":"Shelled Parasite and Fungi","floor":31,"turns":3},{"damage":49,"enemies":"Champ","floor":33,"turns":9},{"damage":29,"enemies":"3 Shapes","floor":35,"turns":2},{"damage":52,"enemies":"3 Darklings","floor":38,"turns":4},{"damage":0,"enemies":"Sphere and 2 Shapes","floor":39,"turns":3},{"damage":77,"enemies":"Writhing Mass","floor":40,"turns":5},{"damage":12,"enemies":"4 Shapes","floor":42,"turns":7},{"damage":35,"enemies":"Reptomancer","floor":44,"turns":5}],"seed_played":"2150394191255951688","potions_obtained":[{"floor":1,"key":"Block Potion"},{"floor":5,"key":"Fruit Juice"},{"floor":8,"key":"EssenceOfDarkness"},{"floor":10,"key":"EntropicBrew"},{"floor":11,"key":"Strength Potion"},{"floor":16,"key":"BlessingOfTheForge"},{"floor":19,"key":"FairyPotion"},{"floor":25,"key":"SkillPotion"},{"floor":30,"key":"FairyPotion"},{"floor":35,"key":"Energy Potion"}],"is_trial":false,"path_per_floor":["M","M","M","?","M","E","R","E","T","M","E","M","?","$","R","B",null,"M","M","M","M","?","E","R","M","T","?","E","$","M","M","R","B",null,"M","$","?","M","M","M","R","M","T","E"],"character_chosen":"DEFECT","items_purchased":["Strawberry","Reprogram","Membership Card","Gash","Meat on the Bone","Lee\u0027s Waffle","Art of War"],"campfire_rested":4,"item_purchase_floors":[0,0,14,14,29,36,36],"current_hp_per_floor":[65,65,52,52,36,34,60,43,43,20,2,2,2,2,31,31,97,75,75,64,59,40,16,46,30,30,30,18,18,30,21,51,14,102,73,109,109,57,57,32,32,32,32,0,0],"gold":73,"neow_bonus":"","is_daily":false,"chose_seed":false,"campfire_upgraded":1,"win_rate":0.0,"timestamp":1612421137,"path_taken":["M","M","M","?","M","E","R","E","T","M","E","M","?","$","R","BOSS","M","M","M","M","?","E","R","M","T","?","E","$","M","M","R","BOSS","M","$","?","M","M","M","R","M","T","E"],"items_purchased_type":["Relic","Card","Relic","Card","Relic","Relic","Relic"],"build_version":"2020-12-22","purchased_purges":3,"victory":false,"max_hp_per_floor":[82,82,82,82,87,87,87,97,97,97,97,97,97,97,97,97,97,97,97,97,97,102,102,102,102,102,102,102,102,102,102,102,102,102,102,109,109,109,109,109,109,109,109,109,109],"card_choices":[{"not_picked":["Compile Driver","Cold Snap"],"picked":"Rip and Tear","floor":1},{"not_picked":["Rebound","Steam","Steam Power"],"picked":"SKIP","floor":2},{"not_picked":["BootSequence","Hello World"],"picked":"Sweeping Beam","floor":3},{"not_picked":["Steam Power","Sweeping Beam"],"picked":"White Noise","floor":5},{"not_picked":["Conserve Battery","Multi-Cast","Reinforced Body"],"picked":"SKIP","floor":6},{"not_picked":["Go for the Eyes","Coolheaded"],"picked":"Fusion","floor":8},{"not_picked":["Reinforced Body","Loop","Auto Shields"],"picked":"SKIP","floor":10},{"not_picked":["Reboot","Conserve Battery","Skim"],"picked":"SKIP","floor":11},{"not_picked":["Turbo","Gash","Coolheaded"],"picked":"SKIP","floor":12},{"not_picked":["Beam Cell","Turbo+1"],"picked":"Melter+1","floor":18},{"not_picked":["Consume","Lockon","Undo"],"picked":"SKIP","floor":19},{"not_picked":["Barrage+1","Reinforced Body","Static Discharge+1"],"picked":"SKIP","floor":20},{"not_picked":["Leap","Undo+1","Barrage+1"],"picked":"SKIP","floor":21},{"not_picked":["Leap","Undo+1"],"picked":"Barrage+1","floor":21},{"not_picked":["Steam+1","Sweeping Beam"],"picked":"Redo","floor":23},{"not_picked":["Ball Lightning+1","Biased Cognition"],"picked":"Gash+1","floor":25},{"not_picked":["Melter","Ball Lightning+1","Go for the Eyes+1"],"picked":"SKIP","floor":30},{"not_picked":["Blizzard","Defragment","Turbo"],"picked":"SKIP","floor":31},{"not_picked":["Biased Cognition","Echo Form"],"picked":"Meteor Strike","floor":33},{"not_picked":["Compile Driver","Chill"],"picked":"Gash+1","floor":35},{"not_picked":["Melter+1","Turbo"],"picked":"BootSequence","floor":38},{"not_picked":["Storm+1","Echo Form"],"picked":"Barrage","floor":39},{"not_picked":["Undo","Turbo"],"picked":"Double Energy","floor":40},{"not_picked":["Double Energy+1","Turbo"],"picked":"BootSequence","floor":42}],"player_experience":119542,"relics_obtained":[{"floor":6,"key":"Sundial"},{"floor":8,"key":"Pear"},{"floor":9,"key":"Mercury Hourglass"},{"floor":11,"key":"FossilizedHelix"},{"floor":23,"key":"Gremlin Horn"},{"floor":43,"key":"Molten Egg 2"}],"event_choices":[{"cards_removed":["Dualcast"],"damage_healed":0,"gold_gain":0,"player_choice":"Card Removal","damage_taken":0,"max_hp_gain":0,"max_hp_loss":0,"event_name":"The Cleric","floor":4,"gold_loss":50},{"damage_healed":0,"gold_gain":0,"player_choice":"Fled","damage_taken":0,"max_hp_gain":0,"max_hp_loss":0,"event_name":"Scrap Ooze","floor":13,"gold_loss":0},{"damage_healed":0,"gold_gain":0,"player_choice":"Shed Blood","damage_taken":24,"max_hp_gain":5,"max_hp_loss":0,"event_name":"Forgotten Altar","floor":22,"gold_loss":0},{"cards_removed":["Defend_B"],"damage_healed":0,"gold_gain":0,"player_choice":"Gave Gold","damage_taken":0,"max_hp_gain":0,"max_hp_loss":0,"event_name":"Beggar","floor":27,"gold_loss":75},{"cards_removed":["Rebound"],"damage_healed":0,"gold_gain":0,"player_choice":"Removed Attack","damage_taken":0,"max_hp_gain":0,"max_hp_loss":0,"event_name":"Falling","floor":37,"gold_loss":0}],"is_beta":false,"boss_relics":[{"not_picked":["Ectoplasm","Tiny House"],"picked":"Nuclear Battery"},{"not_picked":["Cursed Key","SlaversCollar"],"picked":"Black Star"}],"items_purged_floors":[0,14,29],"is_endless":false,"potions_floor_spawned":[1,5,8,10,11,16,19,20,25,30,35],"killed_by":"Reptomancer","ascension_level":2}}