{"host":"ko40t1o51xotjt2v","time":1612412104,"event":{"mods":["2.2 Compatiblity","AchievementEnabler","Aspiration","BaseMod","Better Match","Better Third Choice","Better Vampires","Conspire","Downfall","Energized Spire","GifTheSpireLib","Halation","Hubris","Jedi Mod","Minty Spire (QoL Compilation)","MostiFishMod","Spicy Shops","Spikes Relics","StSLib","Stuff the Spire","TestMod","??????REMEMod"],"gold_per_floor":[118,128,146,166,178,178,213,213,239,268,278,312,360,25,25,25,25],"floor_reached":16,"language":"SPA","playtime":783,"items_purged":["Strike_R","Strike_R"],"score":223,"play_id":"5ac4fa46-246d-464f-bfd7-34aaabcd14f7","local_time":"20210204051504","is_ascension_mode":true,"campfire_choices":[{"data":"jedi:collectorstrike","floor":6.0,"key":"SMITH"},{"data":"Pommel Strike","floor":8.0,"key":"SMITH"},{"floor":15,"key":"RECALL"}],"circlet_count":0,"master_deck":["AscendersBane","Strike_R","Strike_R","Strike_R","Defend_R","Defend_R","Defend_R","Defend_R","Bash","jedi:collectorstrike+1","Power Through","Pommel Strike","Pommel Strike+1","Wild Strike","Hemokinesis"],"relics":["Burning Blood","DaveBox","testmod-TestBox","REME_ComplimentaryCards","NeowsBlessing","testmod-Déjàvu","halation:PenCase","jedi:leech","halation:VictoryRuler"],"acts_visited":["Exordium"],"potions_floor_usage":[12,13,16],"damage_taken":[{"damage":0.0,"enemies":"Cultist","floor":1.0,"turns":1.0},{"damage":0.0,"enemies":"Jaw Worm","floor":2.0,"turns":1.0},{"damage":0.0,"enemies":"2 Louse","floor":3.0,"turns":1.0},{"damage":1.0,"enemies":"Looter","floor":4.0,"turns":3.0},{"damage":12.0,"enemies":"3 Louse","floor":5.0,"turns":4.0},{"damage":47.0,"enemies":"Lagavulin","floor":7.0,"turns":8.0},{"damage":16.0,"enemies":"Gremlin Nob","floor":10.0,"turns":3.0},{"damage":0.0,"enemies":"Large Slime","floor":11.0,"turns":3.0},{"damage":10,"enemies":"3 Sentries","floor":12,"turns":4},{"damage":5,"enemies":"2 Fungi Beasts","floor":13,"turns":3},{"damage":9,"enemies":"The Guardian","floor":16,"turns":4}],"seed_played":"-3958458270747022880","potions_obtained":[{"floor":2.0,"key":"ColorlessPotion"},{"floor":3.0,"key":"Strength Potion"},{"floor":5.0,"key":"FearPotion"},{"floor":10.0,"key":"EntropicBrew"},{"floor":12,"key":"REME_GoldPotion"},{"floor":13,"key":"HeartOfIron"}],"is_trial":false,"path_per_floor":["M","M","M","M","M","R","E","R","T","E","M","E","M","$","R","B"],"character_chosen":"IRONCLAD","items_purchased":["halation:VictoryRuler"],"campfire_rested":0,"item_purchase_floors":[14],"current_hp_per_floor":[74,75,75,75,69,69,28,28,28,18,24,20,21,21,21,12,12],"gold":25,"neow_bonus":"THREE_ENEMY_KILL","is_daily":false,"chose_seed":false,"campfire_upgraded":2,"win_rate":0.0,"timestamp":1612412104,"path_taken":["M","?","M","?","M","R","E","R","T","E","M","E","?","$","R","BOSS"],"items_purchased_type":["Relic"],"build_version":"2020-12-22","purchased_purges":2,"victory":false,"max_hp_per_floor":[75,75,75,75,75,75,75,75,75,75,75,75,75,75,75,75,75],"card_choices":[{"not_picked":["Flex","Pummel"],"picked":"jedi:collectorstrike","floor":1.0},{"not_picked":["BarbarianYell","Iron Wave"],"picked":"jedi:collectorstrike","floor":2.0},{"not_picked":["REME_Cut","MostiFishMod:DoubleSword"],"picked":"Power Through","floor":3.0},{"not_picked":["Headbutt","hubris:ReadiedAction"],"picked":"Pommel Strike","floor":4.0},{"not_picked":["Twin Strike","Rupture"],"picked":"Pommel Strike","floor":5.0},{"not_picked":["MostiFishMod:NewArrival","Flex"],"picked":"Wild Strike","floor":7.0},{"not_picked":["Body Slam","Pommel Strike"],"picked":"jedi:collectorstrike+1","floor":10.0},{"not_picked":["StuffTheSpire:RockThrow","Shockwave"],"picked":"jedi:collectorstrike+1","floor":11.0},{"not_picked":["conspire:Charge","MostiFishMod:DoubleSword"],"picked":"jedi:collectorstrike+1","floor":12},{"not_picked":["Headbutt","jedi:collectorstrike+1"],"picked":"Hemokinesis","floor":13}],"player_experience":478061,"relics_obtained":[{"floor":7.0,"key":"testmod-Déjàvu"},{"floor":10.0,"key":"halation:PenCase"},{"floor":12,"key":"jedi:leech"}],"event_choices":[],"is_beta":false,"boss_relics":[],"items_purged_floors":[14,14],"is_endless":false,"potions_floor_spawned":[2,3,5,10,12,13],"killed_by":"The Guardian","ascension_level":16}}