{"host":"f7jml7vkwn3tj7tu","time":1612463184,"event":{"mods":["BaseMod","Block Reminder","Minty Spire (QoL Compilation)","Relic Stats","Slay-I"],"gold_per_floor":[114,114,39,39,55,84,84,113,113,124,154,165,165,184,184,283,283,298,308,327,327,342,342,369,369,369,401,421,446,461,461,461,566,566,580,630,645,645,656,656,685,685,685,685,697,697,919,919,919,919,919],"floor_reached":50,"language":"ENG","playtime":2937,"items_purged":["Regret"],"score":680,"play_id":"a5b2702b-0e4b-4182-9fb0-385cfcdc749d","local_time":"20210204132624","is_ascension_mode":false,"campfire_choices":[{"data":"BattleHymn","floor":7,"key":"SMITH"},{"data":"TalkToTheHand","floor":13,"key":"SMITH"},{"data":"Vigilance","floor":15,"key":"SMITH"},{"floor":23,"key":"REST"},{"floor":25,"key":"REST"},{"floor":32,"key":"REST"},{"data":"Devotion","floor":40,"key":"SMITH"},{"data":"Devotion","floor":42,"key":"SMITH"},{"data":"Establishment","floor":44,"key":"SMITH"},{"data":"Eruption","floor":49,"key":"SMITH"}],"circlet_count":0,"master_deck":["Strike_P","Strike_P","Strike_P","Strike_P","Defend_P","Defend_P","Defend_P","Defend_P","Eruption+1","Vigilance+1","BattleHymn+1","FollowUp","Tantrum","EmptyFist","TalkToTheHand+1","DeceiveReality","Conclude","Devotion+1","Prostrate","Necronomicurse","Devotion+1","CarveReality","ForeignInfluence+1","Collect","MentalFortress","Decay","Establishment+1","BowlingBash+1","Consecrate+1","CutThroughFate+1","FearNoEvil+1","Violence"],"relics":["HolyWater","Incense Burner","Darkstone Periapt","Ancient Tea Set","Happy Flower","White Beast Statue","Damaru","Necronomicon","Thread and Needle","Art of War","Red Mask","Matryoshka","SacredBark","Ice Cream","Torii","Eternal Feather","HornCleat"],"acts_visited":["Exordium","TheCity","TheBeyond"],"potions_floor_usage":[0,8,27,29,33,33,37,45,50],"damage_taken":[{"damage":0,"enemies":"Cultist","floor":1,"turns":4},{"damage":2,"enemies":"Jaw Worm","floor":5,"turns":4},{"damage":1,"enemies":"Gremlin Nob","floor":6,"turns":3},{"damage":31,"enemies":"3 Sentries","floor":8,"turns":4},{"damage":0,"enemies":"Small Slimes","floor":10,"turns":2},{"damage":0,"enemies":"Gremlin Nob","floor":11,"turns":2},{"damage":9,"enemies":"Exordium Wildlife","floor":12,"turns":3},{"damage":0,"enemies":"2 Fungi Beasts","floor":14,"turns":2},{"damage":0,"enemies":"The Guardian","floor":16,"turns":6},{"damage":3,"enemies":"Shell Parasite","floor":18,"turns":4},{"damage":18,"enemies":"Spheric Guardian","floor":19,"turns":5},{"damage":9,"enemies":"Shelled Parasite and Fungi","floor":20,"turns":5},{"damage":9,"enemies":"Cultist and Chosen","floor":22,"turns":5},{"damage":33,"enemies":"Slavers","floor":24,"turns":4},{"damage":14,"enemies":"Masked Bandits","floor":27,"turns":3},{"damage":0,"enemies":"Snecko","floor":28,"turns":3},{"damage":0,"enemies":"Book of Stabbing","floor":29,"turns":3},{"damage":0,"enemies":"3 Cultists","floor":30,"turns":3},{"damage":41,"enemies":"Champ","floor":33,"turns":9},{"damage":17,"enemies":"Orb Walker","floor":35,"turns":4},{"damage":0,"enemies":"Mind Bloom Boss Battle","floor":36,"turns":4},{"damage":9,"enemies":"3 Darklings","floor":37,"turns":3},{"damage":28,"enemies":"4 Shapes","floor":39,"turns":6},{"damage":12,"enemies":"Giant Head","floor":41,"turns":6},{"damage":1,"enemies":"Spire Growth","floor":45,"turns":4},{"damage":70,"enemies":"Time Eater","floor":50,"turns":7}],"seed_played":"-8750741069376321308","potions_obtained":[{"floor":0,"key":"SteroidPotion"},{"floor":0,"key":"Fruit Juice"},{"floor":0,"key":"ColorlessPotion"},{"floor":6,"key":"EssenceOfSteel"},{"floor":10,"key":"DuplicationPotion"},{"floor":11,"key":"GamblersBrew"},{"floor":16,"key":"Energy Potion"},{"floor":27,"key":"BlessingOfTheForge"},{"floor":29,"key":"BottledMiracle"},{"floor":33,"key":"Explosive Potion"},{"floor":35,"key":"Explosive Potion"},{"floor":37,"key":"CultistPotion"},{"floor":41,"key":"Regen Potion"},{"floor":45,"key":"PowerPotion"}],"is_trial":false,"path_per_floor":["M","?","$","?","M","E","R","E","T","M","E","M","R","M","R","B",null,"M","M","M","?","M","R","E","R","T","?","M","E","M","?","R","B",null,"M","?","M","?","M","R","E","R","T","R","M","?","?","?","R","B"],"character_chosen":"WATCHER","items_purchased":[],"campfire_rested":3,"item_purchase_floors":[],"current_hp_per_floor":[77,77,77,77,75,74,74,43,43,43,43,34,34,34,34,34,77,74,56,47,37,28,52,19,43,43,29,29,29,29,35,61,20,89,72,72,63,63,35,35,23,23,23,41,59,49,49,49,67,0,0],"gold":919,"neow_bonus":"THREE_SMALL_POTIONS","is_daily":false,"chose_seed":false,"campfire_upgraded":7,"win_rate":0.0,"timestamp":1612463184,"path_taken":["M","?","$","?","?","E","R","E","T","M","E","M","R","M","R","BOSS","M","M","M","?","M","R","E","R","T","?","M","E","M","?","R","BOSS","M","?","M","?","M","R","E","R","T","R","M","?","?","?","R","BOSS"],"items_purchased_type":[],"build_version":"2020-12-22","purchased_purges":1,"victory":false,"max_hp_per_floor":[77,77,77,77,77,77,77,77,77,77,77,77,77,77,77,77,77,77,77,77,83,83,83,83,83,83,83,83,83,83,89,89,89,89,89,89,89,89,89,89,89,89,89,89,89,89,89,89,89,89,89],"relic_stats":{"Darkstone Periapt":12,"Happy Flower":[31],"Torii":8,"counters":[26,108],"Eternal Feather":36,"Necronomicon":[9],"Art of War":[7],"obtain_stats":[{"Darkstone Periapt":4,"Ice Cream":36,"Happy Flower":8,"Torii":41,"SacredBark":34,"Damaru":11,"Thread and Needle":24,"Eternal Feather":43,"Incense Burner":2,"Ancient Tea Set":6,"White Beast Statue":9,"Matryoshka":29,"HornCleat":43,"HolyWater":17,"Necronomicon":21,"Art of War":26,"Red Mask":27,"PureWater":0},{"Darkstone Periapt":1,"Ice Cream":21,"Happy Flower":4,"Torii":24,"SacredBark":19,"Damaru":6,"Thread and Needle":14,"Eternal Feather":24,"Incense Burner":1,"Ancient Tea Set":3,"White Beast Statue":4,"Matryoshka":17,"HornCleat":24,"HolyWater":9,"Necronomicon":12,"Art of War":14,"Red Mask":15,"PureWater":0},{"Darkstone Periapt":4,"Ice Cream":82,"Happy Flower":15,"Torii":97,"SacredBark":74,"Damaru":19,"Thread and Needle":53,"Eternal Feather":97,"Incense Burner":4,"Ancient Tea Set":11,"White Beast Statue":15,"Matryoshka":62,"HornCleat":97,"HolyWater":30,"Necronomicon":44,"Art of War":53,"Red Mask":56,"PureWater":0}]},"card_choices":[{"not_picked":["Collect","Crescendo","Protect"],"picked":"SKIP","floor":1},{"not_picked":["BowlingBash","Evaluate"],"picked":"BattleHymn","floor":5},{"not_picked":["SashWhip","Adaptation"],"picked":"FollowUp","floor":6},{"not_picked":["Fasting2","Vault"],"picked":"Tantrum","floor":8},{"not_picked":["CrushJoints","BowlingBash"],"picked":"EmptyFist","floor":10},{"not_picked":["ThirdEye","Protect"],"picked":"TalkToTheHand","floor":11},{"not_picked":["Consecrate","Meditate"],"picked":"DeceiveReality","floor":12},{"not_picked":["SpiritShield","JustLucky"],"picked":"Conclude","floor":14},{"not_picked":["ConjureBlade","DevaForm"],"picked":"Devotion","floor":16},{"not_picked":["Protect","Tantrum"],"picked":"Halt","floor":18},{"not_picked":["Meditate+1","EmptyFist+1"],"picked":"Prostrate","floor":19},{"not_picked":["CrushJoints","FlurryOfBlows","EmptyFist+1"],"picked":"SKIP","floor":20},{"not_picked":["FlurryOfBlows","PathToVictory+1","JustLucky"],"picked":"SKIP","floor":22},{"not_picked":["EmptyFist+1","Consecrate"],"picked":"Devotion","floor":24},{"not_picked":["Indignation","EmptyFist"],"picked":"CarveReality","floor":27},{"not_picked":["Wireheading","JustLucky+1"],"picked":"ForeignInfluence+1","floor":28},{"not_picked":["Blasphemy","Halt+1"],"picked":"Collect","floor":29},{"not_picked":["FollowUp","Wireheading"],"picked":"MentalFortress","floor":30},{"not_picked":["Ragnarok","Blasphemy"],"picked":"Establishment","floor":33},{"not_picked":["PathToVictory+1","ClearTheMind+1","LikeWater"],"picked":"SKIP","floor":35},{"not_picked":["DeceiveReality","EmptyBody"],"picked":"BowlingBash+1","floor":36},{"not_picked":["PathToVictory","JustLucky"],"picked":"Consecrate+1","floor":37},{"not_picked":["DeceiveReality+1","Prostrate"],"picked":"CutThroughFate+1","floor":39},{"not_picked":["Wallop+1","ThirdEye"],"picked":"FearNoEvil+1","floor":41},{"not_picked":["FlurryOfBlows","EmptyBody+1","Prostrate"],"picked":"SKIP","floor":45},{"not_picked":["Mind Blast","Secret Weapon"],"picked":"Violence","floor":46}],"player_experience":559894,"relics_obtained":[{"floor":6,"key":"Ancient Tea Set"},{"floor":8,"key":"Happy Flower"},{"floor":9,"key":"White Beast Statue"},{"floor":11,"key":"Damaru"},{"floor":21,"key":"Necronomicon"},{"floor":24,"key":"Thread and Needle"},{"floor":26,"key":"Art of War"},{"floor":27,"key":"Red Mask"},{"floor":29,"key":"Matryoshka"},{"floor":36,"key":"Ice Cream"},{"floor":41,"key":"Torii"},{"floor":43,"key":"Eternal Feather"},{"floor":43,"key":"HornCleat"}],"event_choices":[{"damage_healed":0,"gold_gain":0,"player_choice":"Box","damage_taken":0,"relics_obtained":["Incense Burner"],"max_hp_gain":0,"max_hp_loss":0,"event_name":"Big Fish","floor":2,"gold_loss":0,"cards_obtained":["Regret"]},{"damage_healed":0,"gold_gain":0,"player_choice":"Gave Potion","damage_taken":0,"relics_obtained":["Darkstone Periapt"],"max_hp_gain":0,"max_hp_loss":0,"event_name":"WeMeetAgain","floor":4,"gold_loss":0},{"damage_healed":0,"gold_gain":0,"player_choice":"Obtained Book","damage_taken":16,"max_hp_gain":0,"max_hp_loss":0,"event_name":"Cursed Tome","floor":21,"gold_loss":0},{"damage_healed":0,"gold_gain":0,"player_choice":"Fought Bandits","damage_taken":0,"max_hp_gain":0,"max_hp_loss":0,"event_name":"Masked Bandits","floor":27,"gold_loss":0},{"damage_healed":0,"gold_gain":0,"player_choice":"Smashed Altar","damage_taken":0,"max_hp_gain":0,"max_hp_loss":0,"event_name":"Forgotten Altar","floor":31,"gold_loss":0,"cards_obtained":["Decay"]},{"damage_healed":0,"gold_gain":0,"player_choice":"Fight","damage_taken":0,"max_hp_gain":0,"max_hp_loss":0,"event_name":"MindBloom","floor":36,"gold_loss":0},{"cards_removed":["Halt"],"damage_healed":0,"gold_gain":0,"player_choice":"Removed Skill","damage_taken":0,"max_hp_gain":0,"max_hp_loss":0,"event_name":"Falling","floor":38,"gold_loss":0},{"damage_healed":0,"gold_gain":0,"player_choice":"Memory 3","damage_taken":10,"max_hp_gain":0,"max_hp_loss":0,"event_name":"SensoryStone","floor":46,"gold_loss":0},{"damage_healed":0,"gold_gain":222,"player_choice":"Wore Mask","damage_taken":0,"max_hp_gain":0,"max_hp_loss":0,"event_name":"Tomb of Lord Red Mask","floor":47,"gold_loss":0},{"damage_healed":0,"gold_gain":0,"player_choice":"Ignored","damage_taken":0,"max_hp_gain":0,"max_hp_loss":0,"event_name":"SecretPortal","floor":48,"gold_loss":0}],"is_beta":false,"boss_relics":[{"not_picked":["Cursed Key","Fusion Hammer"],"picked":"HolyWater"},{"not_picked":["Busted Crown","Snecko Eye"],"picked":"SacredBark"}],"items_purged_floors":[3],"is_endless":false,"potions_floor_spawned":[6,10,11,12,14,16,18,19,20,22,24,27,28,29,30,33,35,36,37,39,41,45],"killed_by":"Time Eater","ascension_level":0}}