{"host":"e4mqwdeqkh64qloq","time":1612408322,"event":{"mods":["BaseMod","Downfall","Minty Spire (QoL Compilation)","Replay The Spire","StSLib","The Cursed"],"gold_per_floor":[99,99,99,119,134,203,216,216,216,236,271,283,283,299,299,209,221,221,221,221],"floor_reached":18,"language":"ENG","playtime":845,"items_purged":["bronze:Strike"],"score":114,"play_id":"c6b7e716-06ef-44c8-b350-11cf5454563d","local_time":"20210203221202","is_ascension_mode":false,"campfire_choices":[{"data":"bronze:Goto","floor":3,"key":"SMITH"},{"floor":15,"key":"REST"}],"circlet_count":0,"master_deck":["bronze:Strike","bronze:Strike","bronze:Strike","bronze:Defend","bronze:Defend","bronze:Defend","bronze:Defend","bronze:Replicate+1","bronze:Goto+1","bronze:BronzeOrb","bronze:ChosenStrike","bronze:CutThrough+1","bronze:CutThrough+1","bronze:ItsAFeature","bronze:Overload","bronze:DigitalCarnage","bronze:Repair","bronze:DelayedSlice","bronze:ForLoop"],"relics":["bronze:BronzeCore","Anchor","Girya","Omamori","Ice Cream"],"acts_visited":["Exordium"],"potions_floor_usage":[12,18],"damage_taken":[{"damage":13,"enemies":"Jaw Worm","floor":4,"turns":3},{"damage":0,"enemies":"2 Louse","floor":5,"turns":3},{"damage":0,"enemies":"Cultist","floor":7,"turns":2},{"damage":0,"enemies":"Lots of Slimes","floor":10,"turns":2},{"damage":31,"enemies":"3 Sentries","floor":11,"turns":8},{"damage":0,"enemies":"Exordium Wildlife","floor":12,"turns":3},{"damage":5,"enemies":"Large Slime","floor":14,"turns":4},{"damage":1,"enemies":"downfall:FleeingMerchant","floor":16,"turns":4},{"damage":0,"enemies":"Red Slaver","floor":17,"turns":1},{"damage":48,"enemies":"DF_ARCHETYPE_STREAMLINE","floor":18,"turns":7}],"seed_played":"-5182079110768161527","potions_obtained":[{"floor":5,"key":"Block Potion"},{"floor":10,"key":"hexamod:SoulburnPotion"}],"is_trial":false,"path_per_floor":["PTL","PTL","R","M","M","?","M","?","T","M","E","M","T","M","R","$","M","B"],"character_chosen":"THE_AUTOMATON","items_purchased":[],"campfire_rested":1,"item_purchase_floors":[],"current_hp_per_floor":[77,77,77,64,64,45,45,45,45,45,14,14,14,16,39,45,45,4,4,4],"gold":221,"neow_bonus":"TEN_PERCENT_HP_BONUS","is_daily":false,"chose_seed":false,"campfire_upgraded":1,"win_rate":0.0,"timestamp":1612408322,"path_taken":["PTL","PTL","R","M","M","?","M","?","T","?","E","?","?","M","R","$","M","BOSS"],"items_purchased_type":[],"build_version":"2020-12-22","purchased_purges":1,"victory":false,"max_hp_per_floor":[77,77,77,77,77,77,77,77,77,77,77,77,77,77,77,77,77,77,77,77],"card_choices":[{"not_picked":["bronze:WildBeam","bronze:DelayedSlice"],"picked":"bronze:BronzeOrb","floor":4},{"not_picked":["bronze:Frontload","bronze:ForLoop"],"picked":"bronze:ChosenStrike","floor":5},{"not_picked":["bronze:Optimize","bronze:OilSpill"],"picked":"bronze:CutThrough","floor":6},{"not_picked":["bronze:BitShift","bronze:Format"],"picked":"bronze:CutThrough","floor":6},{"not_picked":["bronze:BugBarrage","bronze:Repulsor"],"picked":"bronze:ItsAFeature","floor":7},{"not_picked":["bronze:ChosenStrike","bronze:OilSpill"],"picked":"bronze:Overload","floor":10},{"not_picked":["bronze:DarkDash","bronze:WildBeam"],"picked":"bronze:DigitalCarnage","floor":11},{"not_picked":["bronze:BronzeOrb","bronze:BuggyMess"],"picked":"bronze:Repair","floor":12},{"not_picked":["bronze:FineTuning","bronze:BuggyMess"],"picked":"bronze:DelayedSlice","floor":14},{"not_picked":["bronze:BitShift","bronze:FindAndReplace","bronze:CutThrough"],"picked":"SKIP","floor":16},{"not_picked":["bronze:ForceShield","bronze:Shield"],"picked":"bronze:ForLoop","floor":17}],"player_experience":230620,"relics_obtained":[{"floor":6,"key":"Anchor"},{"floor":9,"key":"Girya"},{"floor":11,"key":"Omamori"},{"floor":13,"key":"Ice Cream"}],"event_choices":[],"is_beta":false,"boss_relics":[],"items_purged_floors":[16],"is_endless":false,"potions_floor_spawned":[5,10],"killed_by":"DF_ARCHETYPE_STREAMLINE","ascension_level":0}}