{"host":"gf8hyl7jhl0is674","time":1612460231,"event":{"mods":["2.2 Compatiblity","Act Like it!","Aspiration","BaseMod","CapriCore","Chen","Colored Map","Gensokyo","Hallownest","Jorbs\u0027s Wanderer Trilogy","Koishi","Marisa????????","Minty Spire (QoL Compilation)","Onozuka Komachi Mod","Permanent Neow","Reimu??????","StSLib","The Administrix","The Blue Laboratory","The Immortal","The Jungle","The Servant 0.9.4","Waifu the Spire","Yakumo Yukari mod"],"gold_per_floor":[115,115,132,161,86,113,113,113,113,140,156,8,35,50,50,153,153,167,82,102,2,14,47,47,79,79,91,91,191,223,234,234,336,336,346,38,49,24,40,67,67,79,152,182,182,37,37,52,52,52,52,52,52,78,78],"floor_reached":56,"language":"ENG","playtime":3062,"items_purged":["Strike_B","Defend_B"],"score":1418,"play_id":"4d0bfd52-2379-4e12-b989-a14b6454316e","local_time":"20210204103711","is_ascension_mode":false,"campfire_choices":[{"data":"Reprogram","floor":8,"key":"SMITH"},{"data":"Conserve Battery","floor":15,"key":"SMITH"},{"data":"Blur","floor":24,"key":"SMITH"},{"floor":32,"key":"DIG"},{"floor":47,"key":"RECALL"},{"floor":49,"key":"DIG"},{"floor":52,"key":"DIG"}],"circlet_count":0,"master_deck":["Strike_B","Defend_B+1","Defend_B","Reprogram+1","Blur+1","Terror","Dagger Throw","Conserve Battery+1","FTL","Sweeping Beam","Chill+1","Core Surge+1","Go for the Eyes+1","FTL+1","Core Surge+1","Buffer","Machine Learning","Double Energy+1","White Noise+1"],"relics":["Cracked Core","aspiration:Nostalgia","MiniHakkero","Blood Vial","Question Card","aspiration:FrozenJewel","Sling","Molten Egg 2","Black Star","Regal Pillow","Happy Flower","Turnip","Tiny Chest","Thread and Needle","InkBottle","Shovel","Ornamental Fan","Girya","Juzu Bracelet","RuthlessExorcism:ReiMu","Runic Pyramid","Ginger","Bag of Marbles","Sundial","aspiration:AnachronicSnailShell","aspiration:FaultyCoupler","Ice Cream","War Paint","Hallownest:KingsIdolRelic","Medical Kit","Pocketwatch","Pantograph","Nunchaku","Mastiff:ReiMu"],"acts_visited":["Hallownest:Greenpath","TheCity","Hallownest:KingdomsEdge","TheEnding"],"potions_floor_usage":[29,55,55,55],"damage_taken":[{"damage":1,"enemies":"Hallownest:2_MossCreeps","floor":1,"turns":4},{"damage":2,"enemies":"Hallownest:monsterHuskGuard","floor":3,"turns":4},{"damage":5,"enemies":"Hallownest:eliteCrystalGuardian","floor":4,"turns":5},{"damage":2,"enemies":"Hallownest:eliteCrystalGuardian","floor":6,"turns":5},{"damage":0,"enemies":"Hallownest:eliteMossKnight","floor":10,"turns":5},{"damage":0,"enemies":"Hallownest:monsterHuskWarrior","floor":11,"turns":2},{"damage":5,"enemies":"Hallownest:eliteCrystalGuardian","floor":13,"turns":5},{"damage":0,"enemies":"Hallownest:1_Ooma_and_2_Uuma","floor":14,"turns":6},{"damage":0,"enemies":"Hallownest:BossFalseKnight","floor":16,"turns":7},{"damage":9,"enemies":"2 Thieves","floor":18,"turns":4},{"damage":0,"enemies":"Chosen","floor":20,"turns":4},{"damage":1,"enemies":"Shelled Parasite and Fungi","floor":22,"turns":5},{"damage":5,"enemies":"Book of Stabbing","floor":23,"turns":4},{"damage":1,"enemies":"Gremlin Leader","floor":25,"turns":4},{"damage":0,"enemies":"Sentry and Sphere","floor":27,"turns":4},{"damage":0,"enemies":"Colosseum Slavers","floor":29,"turns":2},{"damage":1,"enemies":"Colosseum Nobs","floor":29,"turns":3},{"damage":2,"enemies":"Book of Stabbing","floor":30,"turns":3},{"damage":5,"enemies":"Centurion and Healer","floor":31,"turns":4},{"damage":8,"enemies":"Collector","floor":33,"turns":8},{"damage":0,"enemies":"Hallownest:Shield_Heavy","floor":35,"turns":4},{"damage":0,"enemies":"Hallownest:2_Littles","floor":37,"turns":4},{"damage":9,"enemies":"Hallownest:2_Wing_and_1_Kings","floor":39,"turns":5},{"damage":0,"enemies":"Hallownest:eliteHiveKnight","floor":40,"turns":4},{"damage":2,"enemies":"Hallownest:2_Wandering_and_1_Horned","floor":42,"turns":4},{"damage":0,"enemies":"Hallownest:eliteCollector","floor":44,"turns":4},{"damage":10,"enemies":"Hallownest:monsterPrimalAspid","floor":48,"turns":3},{"damage":7,"enemies":"Hallownest:BossHollowKnight","floor":50,"turns":5},{"damage":3,"enemies":"Shield and Spear","floor":54,"turns":5},{"damage":4,"enemies":"The Heart","floor":55,"turns":9}],"seed_played":"5782647691648372442","potions_obtained":[{"floor":1,"key":"blueLaboratory:BiasPotion"},{"floor":11,"key":"Block Potion"},{"floor":13,"key":"PotionOfCapacity"},{"floor":14,"key":"blueLaboratory:FrostheartPotion"},{"floor":18,"key":"blueLaboratory:PhilterOfMotion"},{"floor":29,"key":"Weak Potion"}],"is_trial":false,"path_per_floor":["M","?","M","?","$","E","?","R","T","E","M","$","E","M","R","B",null,"M","?","M","$","M","E","R","E","T","M","?","?","E","M","R","B",null,"M","$","M","?","M","E","T","M","T","E","?","$","R","M","R","B",null,"R","$","E","B",null],"character_chosen":"DEFECT","items_purchased":["Sling","Ginger","Medical Kit"],"campfire_rested":0,"item_purchase_floors":[12,36,46],"current_hp_per_floor":[74,74,72,67,67,67,67,67,67,69,71,71,68,70,70,72,75,66,66,68,68,69,66,66,67,67,69,55,58,58,55,55,49,80,80,80,80,80,71,73,73,73,73,75,75,75,75,67,67,62,80,80,80,77,76],"gold":78,"neow_bonus":"NOSTALGIA","is_daily":false,"chose_seed":false,"campfire_upgraded":3,"win_rate":0.0,"timestamp":1612460231,"path_taken":["M","?","?","?","$","E","?","R","T","E","M","$","E","M","R","BOSS","M","?","M","$","M","E","R","E","T","M","?","?","E","M","R","BOSS","M","$","M","?","M","E","?","M","T","E","?","?","R","M","R","BOSS","R","$","E","BOSS"],"items_purchased_type":["Relic","Relic","Relic"],"build_version":"2020-12-22","purchased_purges":2,"victory":true,"max_hp_per_floor":[75,75,75,75,75,75,75,75,75,75,75,75,75,75,75,75,75,75,75,75,75,75,75,75,75,75,75,80,80,80,80,80,80,80,80,80,80,80,80,80,80,80,80,80,80,80,80,80,80,80,80,80,80,80,80],"card_choices":[{"not_picked":["Leap","Coolheaded"],"picked":"Reprogram","floor":1},{"not_picked":["Rebound","Loop"],"picked":"Conserve Battery","floor":3},{"not_picked":["Glacier","Leap"],"picked":"FTL","floor":4},{"not_picked":["Darkness","Turbo","Force Field"],"picked":"SKIP","floor":6},{"not_picked":["Cold Snap","Double Energy","Coolheaded"],"picked":"Sweeping Beam","floor":10},{"not_picked":["Coolheaded","Double Energy","Redo"],"picked":"Chill","floor":11},{"not_picked":["Storm","Consume","Reprogram","Heatsinks"],"picked":"SKIP","floor":13},{"not_picked":["Steam","Coolheaded","Blizzard+1","Hologram"],"picked":"SKIP","floor":14},{"not_picked":["Electrodynamics","Echo Form","Reboot"],"picked":"Core Surge+1","floor":16},{"not_picked":["Rebound+1","Compile Driver+1","Conserve Battery","Consume"],"picked":"SKIP","floor":18},{"not_picked":["Beam Cell+1","Cold Snap+1","Conserve Battery"],"picked":"Go for the Eyes+1","floor":20},{"not_picked":["Sweeping Beam+1","Hologram","Sunder+1"],"picked":"FTL+1","floor":22},{"not_picked":["Streamline+1","Beam Cell+1","Sweeping Beam+1","Heatsinks"],"picked":"SKIP","floor":23},{"not_picked":["Heatsinks","Sweeping Beam+1","Self Repair"],"picked":"Core Surge+1","floor":25},{"not_picked":["Sweeping Beam+1","Hologram","Rainbow","Coolheaded"],"picked":"SKIP","floor":27},{"not_picked":["Ball Lightning+1","Undo+1","Self Repair"],"picked":"Buffer","floor":30},{"not_picked":["Sunder+1","Auto Shields","Rebound+1","Steam"],"picked":"SKIP","floor":31},{"not_picked":["Thunder Strike+1","Rainbow","Buffer"],"picked":"Machine Learning","floor":33},{"not_picked":["Recycle","Melter+1","Steam+1","Barrage+1"],"picked":"SKIP","floor":35},{"not_picked":["Reprogram+1","Redo+1","Go for the Eyes+1","Ball Lightning+1"],"picked":"SKIP","floor":37},{"not_picked":["Ball Lightning+1","Stack","Hologram","Beam Cell+1"],"picked":"SKIP","floor":39},{"not_picked":["Rainbow","Rebound+1","Static Discharge+1","Recycle"],"picked":"SKIP","floor":40},{"not_picked":["Capacitor+1","Reprogram+1","Double Energy+1","Ball Lightning+1"],"picked":"SKIP","floor":42},{"not_picked":["Capacitor+1","Reprogram+1","Ball Lightning+1"],"picked":"Double Energy+1","floor":42},{"not_picked":["Sweeping Beam+1","Cold Snap+1","Consume+1","Rip and Tear+1"],"picked":"SKIP","floor":44},{"not_picked":["Sweeping Beam+1","Hologram+1","Ball Lightning+1"],"picked":"White Noise+1","floor":48},{"not_picked":["Rebound+1","Cold Snap+1","Coolheaded","Undo"],"picked":"SKIP","floor":54}],"player_experience":410481,"relics_obtained":[{"floor":4,"key":"Blood Vial"},{"floor":6,"key":"Question Card"},{"floor":10,"key":"aspiration:FrozenJewel"},{"floor":13,"key":"Molten Egg 2"},{"floor":23,"key":"Happy Flower"},{"floor":23,"key":"Turnip"},{"floor":25,"key":"Tiny Chest"},{"floor":25,"key":"Thread and Needle"},{"floor":26,"key":"InkBottle"},{"floor":29,"key":"Shovel"},{"floor":29,"key":"Ornamental Fan"},{"floor":30,"key":"Girya"},{"floor":30,"key":"Juzu Bracelet"},{"floor":32,"key":"RuthlessExorcism:ReiMu"},{"floor":40,"key":"Bag of Marbles"},{"floor":40,"key":"Sundial"},{"floor":41,"key":"aspiration:AnachronicSnailShell"},{"floor":43,"key":"aspiration:FaultyCoupler"},{"floor":44,"key":"Ice Cream"},{"floor":44,"key":"War Paint"},{"floor":49,"key":"Pocketwatch"},{"floor":52,"key":"Pantograph"},{"floor":54,"key":"Nunchaku"},{"floor":54,"key":"Mastiff:ReiMu"}],"event_choices":[{"damage_healed":0,"gold_gain":0,"player_choice":"Obtained Relic","damage_taken":0,"relics_obtained":["Regal Pillow"],"max_hp_gain":0,"max_hp_loss":0,"event_name":"Addict","floor":19,"gold_loss":85},{"damage_healed":0,"gold_gain":0,"player_choice":"Shed Blood","damage_taken":19,"max_hp_gain":5,"max_hp_loss":0,"event_name":"Forgotten Altar","floor":28,"gold_loss":0},{"damage_healed":0,"gold_gain":0,"player_choice":"Fight","damage_taken":0,"max_hp_gain":0,"max_hp_loss":0,"event_name":"Colosseum","floor":29,"gold_loss":0},{"damage_healed":0,"gold_gain":0,"player_choice":"Fought Nobs","damage_taken":0,"max_hp_gain":0,"max_hp_loss":0,"event_name":"Colosseum","floor":29,"gold_loss":0}],"is_beta":false,"boss_relics":[{"not_picked":["Sozu","aspiration:SecretTechniqueScroll"],"picked":"Black Star"},{"not_picked":["Velvet Choker","aspiration:RunicSpoon"],"picked":"Runic Pyramid"}],"items_purged_floors":[5,21],"is_endless":false,"potions_floor_spawned":[1,11,13,14,16,18,29,30,33,39,40,54],"ascension_level":0}}