{"host":"ul3z8ex5o8l5j7mh","time":1612464341,"event":{"mods":["AchievementEnabler","BaseMod","Colored Map","Colored Powertips","DeckTracker","Minty Spire (QoL Compilation)","SuperFastMode"],"gold_per_floor":[218,218,64,81,94,122,297,297,297,297,322,322,338,368,368,465,465,450,76,86,11,11,42,42,60,83,83,83],"floor_reached":27,"language":"ENG","playtime":957,"items_purged":["Doubt"],"score":263,"play_id":"30fdf8d8-2119-48ad-a527-f0988dbd90b8","local_time":"20210204194541","is_ascension_mode":true,"campfire_choices":[{"data":"Reckless Charge","floor":8.0,"key":"SMITH"},{"data":"Power Through","floor":10.0,"key":"SMITH"},{"floor":12,"key":"REST"},{"floor":15,"key":"REST"},{"floor":24,"key":"REST"}],"circlet_count":0,"master_deck":["Strike_R","Defend_R","Defend_R","Defend_R","Defend_R","Bash","Wild Strike+1","Reckless Charge+1","Shrug It Off","Power Through+1","Fire Breathing","Power Through","Immolate","Flex+1","Cleave+1","Bloodletting+1","Pommel Strike","Fire Breathing","Anger+1","Shame","Armaments+1","Dropkick+1"],"relics":["Burning Blood","Frozen Eye","Unceasing Top","Incense Burner","Happy Flower","Astrolabe","DollysMirror","Dream Catcher","Dead Branch","Red Skull"],"acts_visited":["Exordium","TheCity"],"potions_floor_usage":[11,11,18,25,27],"damage_taken":[{"damage":10.0,"enemies":"2 Louse","floor":1.0,"turns":3.0},{"damage":7.0,"enemies":"Jaw Worm","floor":4.0,"turns":2.0},{"damage":6.0,"enemies":"Cultist","floor":5.0,"turns":3.0},{"damage":14.0,"enemies":"3 Sentries","floor":6.0,"turns":8.0},{"damage":48,"enemies":"Lagavulin","floor":11,"turns":10},{"damage":11,"enemies":"Exordium Thugs","floor":13,"turns":4},{"damage":60,"enemies":"The Guardian","floor":16,"turns":12},{"damage":12,"enemies":"2 Thieves","floor":18,"turns":4},{"damage":17,"enemies":"3 Byrds","floor":20,"turns":5},{"damage":42,"enemies":"Book of Stabbing","floor":23,"turns":5},{"damage":12,"enemies":"Sentry and Sphere","floor":25,"turns":5},{"damage":48,"enemies":"Gremlin Leader","floor":27,"turns":5}],"seed_played":"-2328112166776152679","potions_obtained":[{"floor":5.0,"key":"Weak Potion"},{"floor":6.0,"key":"SkillPotion"},{"floor":16,"key":"AttackPotion"},{"floor":23,"key":"Strength Potion"},{"floor":25,"key":"ElixirPotion"}],"is_trial":false,"path_per_floor":["M","?","$","M","M","E","?","R","T","R","E","R","M","?","R","B",null,"M","$","M","?","?","E","R","M","T","E"],"character_chosen":"IRONCLAD","items_purchased":["Frozen Eye","DollysMirror","Dream Catcher"],"campfire_rested":3,"item_purchase_floors":[3,19,19],"current_hp_per_floor":[76,76,76,75,75,67,67,67,67,67,25,49,44,44,68,14,80,74,74,63,63,63,27,51,45,45,0,0],"gold":83,"neow_bonus":"HUNDRED_GOLD","is_daily":false,"chose_seed":false,"campfire_upgraded":2,"win_rate":0.0,"timestamp":1612464341,"path_taken":["M","?","$","M","M","E","?","R","T","R","E","R","M","?","R","BOSS","M","$","M","?","?","E","R","M","T","E"],"items_purchased_type":["Relic","Relic","Relic"],"build_version":"2020-12-22","purchased_purges":1,"victory":false,"max_hp_per_floor":[80,80,80,80,80,80,80,80,80,80,80,80,80,80,80,80,80,80,80,80,80,80,80,80,80,80,80,80],"card_choices":[{"not_picked":["Havoc","True Grit"],"picked":"Wild Strike","floor":1.0},{"not_picked":["Pommel Strike","Infernal Blade"],"picked":"Reckless Charge","floor":4.0},{"not_picked":["Headbutt","Perfected Strike"],"picked":"Shrug It Off","floor":5.0},{"not_picked":["Feel No Pain","Pommel Strike"],"picked":"Power Through","floor":6.0},{"not_picked":["Headbutt","Sentinel"],"picked":"Fire Breathing","floor":11},{"not_picked":["Havoc","Armaments"],"picked":"Power Through","floor":13},{"not_picked":["Double Tap","Demon Form"],"picked":"Immolate","floor":16},{"not_picked":["Anger","Sword Boomerang+1"],"picked":"Pommel Strike","floor":18},{"not_picked":["Heavy Blade","Metallicize"],"picked":"Anger+1","floor":20},{"not_picked":["Shockwave+1","Rampage","Clash"],"picked":"SKIP","floor":23},{"not_picked":["Anger","Pommel Strike"],"picked":"Armaments+1","floor":24},{"not_picked":["Perfected Strike","Pummel+1"],"picked":"Dropkick+1","floor":25}],"player_experience":310009,"relics_obtained":[{"floor":6.0,"key":"Unceasing Top"},{"floor":9.0,"key":"Incense Burner"},{"floor":11,"key":"Happy Flower"},{"floor":23,"key":"Red Skull"}],"event_choices":[{"damage_healed":0.0,"max_hp_gain":0.0,"max_hp_loss":0.0,"gold_gain":0.0,"event_name":"Living Wall","player_choice":"Grow","floor":2.0,"gold_loss":0.0,"damage_taken":0.0,"cards_upgraded":["Wild Strike"]},{"damage_healed":0.0,"max_hp_gain":0.0,"max_hp_loss":0.0,"gold_gain":175.0,"event_name":"Liars Game","player_choice":"AGREE","floor":7.0,"gold_loss":0.0,"damage_taken":0.0,"cards_obtained":["Doubt"]},{"damage_healed":0,"gold_gain":30,"player_choice":"Searched \u00271\u0027 times","damage_taken":0,"max_hp_gain":0,"max_hp_loss":0,"event_name":"Dead Adventurer","floor":14,"gold_loss":0},{"cards_removed":["Strike_R"],"damage_healed":0,"gold_gain":0,"player_choice":"Gave Gold","damage_taken":0,"max_hp_gain":0,"max_hp_loss":0,"event_name":"Beggar","floor":21,"gold_loss":75},{"damage_healed":0,"gold_gain":0,"player_choice":"Stole Relic","damage_taken":0,"relics_obtained":["Dead Branch"],"max_hp_gain":0,"max_hp_loss":0,"event_name":"Addict","floor":22,"gold_loss":0,"cards_obtained":["Shame"]}],"is_beta":false,"boss_relics":[{"not_picked":["Empty Cage","Tiny House"],"picked":"Astrolabe"}],"items_purged_floors":[19],"is_endless":false,"potions_floor_spawned":[5,6,16,23,25],"killed_by":"Gremlin Leader","ascension_level":2}}