{"host":"ipy8buq3e4d47khg","time":1612425572,"event":{"mods":["BaseMod","Colored Map","Colored Powertips","Minty Spire (QoL Compilation)","Quick Restart","Replay The Spire","Shop Mod","StSLib"],"gold_per_floor":[110,120,120,134,149,178,178,209,209,224,224,224,244,262,262,359,459,469,479,493,506,518,548,548,567,567,567,567,597,614,624,624,725,725,737,755,766,766,533,533,533,533],"floor_reached":41,"language":"ENG","playtime":5463,"items_purged":["Strike_P"],"score":551,"play_id":"849cc580-fdda-4a6d-bb34-bcdd3dc826f8","local_time":"20210203235932","is_ascension_mode":false,"campfire_choices":[{"data":"Alpha","floor":7.0,"key":"SMITH"},{"data":"ThirdEye","floor":11.0,"key":"SMITH"},{"data":"Strike_P","floor":15,"key":"PURGE"},{"floor":24,"key":"REST"},{"floor":28,"key":"REST"},{"floor":32,"key":"RECALL"},{"data":"Replay:AtTheReady","floor":40,"key":"SMITH"}],"circlet_count":0,"master_deck":["Strike_P","Defend_P","Defend_P","Defend_P","Defend_P","Vigilance","JustLucky","Consecrate","Alpha+1","EmptyMind","ThirdEye+1","Replay:AtTheReady+1","ThirdEye","LikeWater","Alpha","Study","Nirvana","Alpha","Defend_B","Nirvana","Alpha"],"relics":["Painkiller Herb","Replay:Ringing Soul","Replay:Wanted Poster","Smiling Mask","Oddly Smooth Stone","Sozu","MerchantsRug","Bottled Lightning"],"acts_visited":["Exordium","TheCity","TheBeyond"],"potions_floor_usage":[19,21,37],"damage_taken":[{"damage":5.0,"enemies":"Small Slimes","floor":1.0,"turns":3.0},{"damage":0.0,"enemies":"Cultist","floor":2.0,"turns":3.0},{"damage":2.0,"enemies":"Jaw Worm","floor":4.0,"turns":4.0},{"damage":0.0,"enemies":"3 Louse","floor":5.0,"turns":2.0},{"damage":24.0,"enemies":"Gremlin Nob","floor":6.0,"turns":4.0},{"damage":15.0,"enemies":"Lagavulin","floor":8.0,"turns":5.0},{"damage":0.0,"enemies":"2 Fungi Beasts","floor":10.0,"turns":3.0},{"damage":0,"enemies":"Gremlin Gang","floor":13,"turns":7},{"damage":3,"enemies":"Large Slime","floor":14,"turns":3},{"damage":12,"enemies":"Fading Forest","floor":16,"turns":11},{"damage":0,"enemies":"Shell Parasite","floor":18,"turns":4},{"damage":2,"enemies":"Chosen","floor":19,"turns":5},{"damage":0,"enemies":"Snecko","floor":20,"turns":5},{"damage":14,"enemies":"Centurion and Healer","floor":21,"turns":3},{"damage":11,"enemies":"3 Cultists","floor":22,"turns":4},{"damage":41,"enemies":"Slavers","floor":23,"turns":3},{"damage":9,"enemies":"Sentry and Sphere","floor":25,"turns":5},{"damage":1,"enemies":"Book of Stabbing","floor":29,"turns":7},{"damage":6,"enemies":"Cultist and Chosen","floor":30,"turns":4},{"damage":3,"enemies":"Snecko","floor":31,"turns":5},{"damage":11,"enemies":"Champ","floor":33,"turns":7},{"damage":33,"enemies":"Orb Walker","floor":35,"turns":5},{"damage":18,"enemies":"3 Darklings","floor":36,"turns":3},{"damage":1,"enemies":"Maw","floor":37,"turns":7},{"damage":84,"enemies":"Sphere and 2 Shapes","floor":41,"turns":3}],"seed_played":"7018865875040349314","potions_obtained":[{"floor":2.0,"key":"Languid Potion"},{"floor":10.0,"key":"Energy Potion"},{"floor":13,"key":"SpeedPotion"},{"floor":14,"key":"SkillPotion"},{"floor":18,"key":"DistilledChaos"},{"floor":23,"key":"Regen Potion"},{"floor":30,"key":"Ambrosia"}],"is_trial":false,"path_per_floor":["?","?","T","?","?","E","T","E","T","?","T","?","?","?","T","B",null,"?","?","?","?","?","E","T","?","T","?","T","E","?","?","T","B",null,"?","?","?","?","T","T","?"],"character_chosen":"WATCHER","items_purchased":["MerchantsRug","Bottled Lightning"],"campfire_rested":2,"item_purchase_floors":[39,39],"current_hp_per_floor":[67,67,67,65,65,41,41,29,29,29,29,29,32,32,32,51,84,84,85,88,74,66,25,52,43,43,46,74,73,70,67,67,59,102,69,51,78,78,78,78,0,0],"gold":533,"neow_bonus":"BOSS_RELIC","is_daily":false,"chose_seed":false,"campfire_upgraded":3,"win_rate":0.0,"timestamp":1612425572,"path_taken":["?","?","T","?","?","E","T","E","T","?","T","?","?","?","T","BOSS","?","?","?","?","?","E","T","?","T","?","T","E","?","?","T","BOSS","?","?","?","?","T","T","?"],"items_purchased_type":["Relic","Relic"],"build_version":"2020-12-22","purchased_purges":1,"victory":false,"max_hp_per_floor":[72,72,72,72,72,72,72,75,75,75,75,75,78,81,81,84,84,84,87,90,90,93,93,93,93,93,96,96,96,99,99,99,102,102,102,102,102,102,102,102,102,102],"card_choices":[{"not_picked":["CutThroughFate","Conclude"],"picked":"JustLucky","floor":1.0},{"not_picked":["Collect","WaveOfTheHand"],"picked":"Consecrate","floor":2.0},{"not_picked":["Protect","Sanctity"],"picked":"Alpha","floor":4.0},{"not_picked":["FearNoEvil","Perseverance"],"picked":"EmptyMind","floor":5.0},{"not_picked":["Crescendo","Brilliance"],"picked":"ThirdEye","floor":6.0},{"not_picked":["EmptyFist","ClearTheMind"],"picked":"Replay:AtTheReady","floor":8.0},{"not_picked":["Replay:BluntJabs","EmptyBody","CrushJoints"],"picked":"SKIP","floor":10.0},{"not_picked":["Prostrate","Consecrate"],"picked":"ThirdEye","floor":13},{"not_picked":["Replay:BluntJabs","Judgement"],"picked":"LikeWater","floor":14},{"not_picked":["Replay:AllIn","ConjureBlade"],"picked":"Alpha","floor":16},{"not_picked":["ReachHeaven","Prostrate","BowlingBash+1"],"picked":"SKIP","floor":18},{"not_picked":["Consecrate","Replay:ManipulateFuture+1"],"picked":"Study","floor":19},{"not_picked":["FlyingSleeves","Protect"],"picked":"Nirvana","floor":20},{"not_picked":["Protect","CrushJoints","Halt"],"picked":"SKIP","floor":21},{"not_picked":["Prostrate+1","Protect"],"picked":"Alpha","floor":22},{"not_picked":["DeceiveReality","FollowUp","Conclude"],"picked":"SKIP","floor":23},{"not_picked":["Halt","MentalFortress","WreathOfFlame"],"picked":"SKIP","floor":25},{"not_picked":["Replay:Battleflow+1","FlurryOfBlows+1","BattleHymn"],"picked":"SKIP","floor":29},{"not_picked":["Crescendo+1","Pray"],"picked":"Nirvana","floor":30},{"not_picked":["BowlingBash","Conclude+1","Replay:Vibes"],"picked":"SKIP","floor":31},{"not_picked":["Replay:LoomingThreat","Ragnarok"],"picked":"Alpha","floor":33},{"not_picked":["PathToVictory+1","BowlingBash+1","FlyingSleeves"],"picked":"SKIP","floor":35},{"not_picked":["Evaluate+1","EmptyBody+1","Halt"],"picked":"SKIP","floor":36},{"not_picked":["Vengeance","FollowUp+1","Study"],"picked":"SKIP","floor":37}],"player_experience":227619,"relics_obtained":[{"floor":6.0,"key":"Chameleon Ring"},{"floor":8.0,"key":"Replay:Ringing Soul"},{"floor":9.0,"key":"InkBottle"},{"floor":23,"key":"Ginger"},{"floor":26,"key":"Smiling Mask"},{"floor":29,"key":"Oddly Smooth Stone"}],"event_choices":[{"cards_removed":["Eruption"],"damage_healed":0.0,"max_hp_gain":0.0,"max_hp_loss":0.0,"gold_gain":0.0,"event_name":"Bonfire Elementals","player_choice":"Offered Basic","floor":12.0,"gold_loss":0.0,"damage_taken":0.0},{"cards_removed":["Strike_P"],"damage_healed":0,"gold_gain":0,"player_choice":"Took Card","damage_taken":0,"max_hp_gain":0,"max_hp_loss":0,"event_name":"NoteForYourself","floor":27,"gold_loss":0,"cards_obtained":["Defend_B"]},{"damage_healed":0,"gold_gain":0,"player_choice":"Ignored","damage_taken":0,"max_hp_gain":0,"max_hp_loss":0,"event_name":"Tomb of Lord Red Mask","floor":38,"gold_loss":0}],"is_beta":false,"boss_relics":[{"not_picked":["Ectoplasm","SacredBark"],"picked":"Replay:Wanted Poster"},{"not_picked":["Replay:Bronze Core","Ring of Chaos"],"picked":"Sozu"}],"items_purged_floors":[39],"is_endless":false,"potions_floor_spawned":[2,10,13,14,16,18,22,23,29,30],"killed_by":"Sphere and 2 Shapes","ascension_level":0}}