{"host":"928gv66myv2vlnsd","time":1612414615,"event":{"mods":["BaseMod","Highlight Path","Minty Spire (QoL Compilation)","StSLib"],"gold_per_floor":[113,113,127,277,277,312,34,60,60,95,95,111,111,146,146,220,220,239,269,288,106,106,134,134,163,188,218,162,187,19,50,50,50,50],"floor_reached":33,"language":"ENG","playtime":3405,"items_purged":["Strike_R"],"score":805,"play_id":"6df48dc8-0f61-46d3-ab11-2be85f835771","local_time":"20210203235655","is_ascension_mode":true,"campfire_choices":[{"floor":11,"key":"REST"},{"floor":13,"key":"REST"},{"data":"Armaments","floor":15,"key":"SMITH"},{"data":"True Grit","floor":24,"key":"SMITH"},{"floor":32,"key":"REST"}],"circlet_count":0,"master_deck":["AscendersBane","Defend_R+1","Defend_R","Defend_R","Defend_R","Bash","Shrug It Off","Inflame","Armaments+1","Evolve","Exhume","Power Through","Disarm","Rampage","Ghostly Armor","Cleave","Bludgeon","True Grit+1","Bite","Bite","Bite","Bite","Bite","True Grit","Sword Boomerang+1","Blood for Blood+1","Barricade"],"relics":["Burning Blood","NeowsBlessing","FossilizedHelix","Lizard Tail","Magic Flower","Toy Ornithopter","WingedGreaves","Snecko Eye","Red Mask","Molten Egg 2","Happy Flower","Tiny Chest","Boot","StrikeDummy","Bronze Scales","Omamori"],"acts_visited":["Exordium","TheCity"],"potions_floor_usage":[8,10,23,23,27,29,31],"damage_taken":[{"damage":0,"enemies":"2 Louse","floor":1,"turns":1},{"damage":0,"enemies":"Small Slimes","floor":3,"turns":2},{"damage":0,"enemies":"3 Sentries","floor":6,"turns":2},{"damage":40,"enemies":"Gremlin Nob","floor":8,"turns":6},{"damage":24,"enemies":"Lagavulin","floor":10,"turns":10},{"damage":0,"enemies":"Cultist","floor":12,"turns":5},{"damage":20,"enemies":"3 Sentries","floor":14,"turns":10},{"damage":106,"enemies":"Hexaghost","floor":16,"turns":17},{"damage":13,"enemies":"Spheric Guardian","floor":18,"turns":5},{"damage":15,"enemies":"Masked Bandits","floor":19,"turns":4},{"damage":10,"enemies":"3 Byrds","floor":20,"turns":6},{"damage":71,"enemies":"Slavers","floor":23,"turns":10},{"damage":33,"enemies":"Book of Stabbing","floor":25,"turns":9},{"damage":42,"enemies":"Gremlin Leader","floor":27,"turns":6},{"damage":42,"enemies":"Slavers","floor":29,"turns":6},{"damage":37,"enemies":"Gremlin Leader","floor":31,"turns":6},{"damage":81,"enemies":"Automaton","floor":33,"turns":8}],"seed_played":"-8448416557017044362","potions_obtained":[{"floor":1,"key":"EssenceOfSteel"},{"floor":8,"key":"SteroidPotion"},{"floor":16,"key":"Block Potion"},{"floor":25,"key":"Block Potion"},{"floor":27,"key":"PowerPotion"}],"is_trial":false,"path_per_floor":["M","?","M","?","?","E","$","E","T","E","R","M","R","E","R","B",null,"M","?","M","$","?","E","R","E","T","E","$","E","$","E","R","B"],"character_chosen":"IRONCLAD","items_purchased":["Evolve","Exhume","Power Through","Fruit Juice","BloodPotion","Bronze Scales"],"campfire_rested":3,"item_purchase_floors":[7,7,7,21,28,30],"current_hp_per_floor":[74,51,57,57,57,63,63,29,29,14,36,45,67,56,56,22,62,58,52,51,51,51,24,24,29,29,27,27,15,15,24,41,0,0],"gold":50,"neow_bonus":"THREE_ENEMY_KILL","is_daily":false,"chose_seed":false,"campfire_upgraded":2,"win_rate":0.0,"timestamp":1612414615,"path_taken":["M","?","M","?","?","E","$","E","T","E","R","M","R","E","R","BOSS","M","?","M","$","?","E","R","E","T","E","$","E","$","E","R","BOSS"],"items_purchased_type":["Card","Card","Card","Potion","Potion","Relic"],"build_version":"2020-12-22","purchased_purges":1,"victory":false,"max_hp_per_floor":[75,75,75,75,75,75,75,75,75,75,75,75,75,75,75,75,75,75,75,75,75,52,57,57,57,57,57,57,57,57,57,57,57,57],"card_choices":[{"not_picked":["Evolve","Thunderclap"],"picked":"Shrug It Off","floor":1},{"not_picked":["Armaments","Metallicize"],"picked":"Inflame","floor":3},{"not_picked":["Perfected Strike","Infernal Blade"],"picked":"Armaments","floor":6},{"not_picked":["Wild Strike","Pommel Strike"],"picked":"Disarm","floor":8},{"not_picked":["Reckless Charge","Power Through"],"picked":"Rampage","floor":10},{"not_picked":["Warcry","Body Slam"],"picked":"Ghostly Armor","floor":12},{"not_picked":["Battle Trance","Rupture"],"picked":"Cleave","floor":14},{"not_picked":["Brutality","Barricade"],"picked":"Bludgeon","floor":16},{"not_picked":["Cleave","Uppercut","Body Slam"],"picked":"SKIP","floor":18},{"not_picked":["Power Through","Thunderclap"],"picked":"True Grit","floor":20},{"not_picked":["Warcry","Immolate+1"],"picked":"True Grit","floor":23},{"not_picked":["Intimidate","Carnage+1"],"picked":"Sword Boomerang+1","floor":25},{"not_picked":["Seeing Red+1","Warcry"],"picked":"Blood for Blood+1","floor":27},{"not_picked":["Warcry","Ghostly Armor","Rage+1"],"picked":"SKIP","floor":29},{"not_picked":["Perfected Strike+1","Clothesline+1"],"picked":"Barricade","floor":31}],"player_experience":1450078,"relics_obtained":[{"floor":6,"key":"FossilizedHelix"},{"floor":8,"key":"Lizard Tail"},{"floor":9,"key":"Magic Flower"},{"floor":10,"key":"Toy Ornithopter"},{"floor":14,"key":"WingedGreaves"},{"floor":19,"key":"Red Mask"},{"floor":23,"key":"Molten Egg 2"},{"floor":25,"key":"Happy Flower"},{"floor":26,"key":"Tiny Chest"},{"floor":27,"key":"Boot"},{"floor":29,"key":"StrikeDummy"},{"floor":31,"key":"Omamori"}],"event_choices":[{"damage_healed":0,"gold_gain":0,"player_choice":"Entered Light","damage_taken":23,"max_hp_gain":0,"max_hp_loss":0,"event_name":"Shining Light","floor":2,"gold_loss":0,"cards_upgraded":["Strike_R","Defend_R"]},{"damage_healed":0,"gold_gain":150,"player_choice":"AGREE","damage_taken":0,"max_hp_gain":0,"max_hp_loss":0,"event_name":"Liars Game","floor":4,"gold_loss":0,"cards_obtained":["Doubt"]},{"cards_removed":["Doubt"],"damage_healed":0,"gold_gain":0,"player_choice":"Purged","damage_taken":0,"max_hp_gain":0,"max_hp_loss":0,"event_name":"Purifier","floor":5,"gold_loss":0},{"damage_healed":0,"gold_gain":0,"player_choice":"Fought Bandits","damage_taken":0,"max_hp_gain":0,"max_hp_loss":0,"event_name":"Masked Bandits","floor":19,"gold_loss":0},{"damage_healed":0,"gold_gain":0,"player_choice":"Became a vampire","damage_taken":0,"max_hp_gain":0,"max_hp_loss":23,"event_name":"Vampires","floor":22,"gold_loss":0,"cards_obtained":["Bite","Bite","Bite","Bite","Bite"]}],"is_beta":false,"boss_relics":[{"not_picked":["Black Star","Pandora\u0027s Box"],"picked":"Snecko Eye"}],"items_purged_floors":[21],"is_endless":false,"potions_floor_spawned":[1,8,16,25,27],"killed_by":"Automaton","ascension_level":20}}