{"host":"za9ilm1uiwmpmin1","time":1612480186,"event":{"mods":["AchievementEnabler","Act Like it!","Arknights","BaseMod","Dota2Spire","Downfall","Friendly Minions","Lobotomy","LobotomyExtend","Minty Spire (QoL Compilation)","MostiFishMod","Reorder Act Four","RumiaBox-露米娅的神秘盒子","StSLib","TestMod","Waifu the Spire","[IsaacMod]以撒尖塔","【功能Mod】混沌之环修复补丁"],"gold_per_floor":[113,125,125,145,70,96,111,111,111,139,151,186,199,199,199,295,295,311,374,394,21,37,81,105,130,130,165,165,190,225,250,250,346,346,367,367,433,223,223,259,259,293,293,318,353,353,368,401,401,401,401,401,251,251,286,286],"floor_reached":57,"language":"ZHS","playtime":1124,"items_purged":["ats:Strike G","ats:Strike V","ats:Strike C","ats:Mental Burst+1","ats:Defend","ats:Durian+1"],"score":3404,"play_id":"f28d4644-06d5-4e10-aa12-2d3936df9ff0","local_time":"20210205070946","is_ascension_mode":true,"campfire_choices":[{"data":"ats:Emotion Absorption","floor":8,"key":"SMITH"},{"floor":15,"key":"RECALL"},{"data":"ats:Calcification","floor":28,"key":"SMITH"},{"data":"ats:Mental Burst","floor":32,"key":"SMITH"},{"data":"ats:Rat Pack","floor":41,"key":"SMITH"},{"data":"ats:Shadow Assault","floor":46,"key":"SMITH"},{"floor":49,"key":"REST"},{"floor":54,"key":"REST"}],"circlet_count":0,"master_deck":["AscendersBane","ats:Armor Crushing Shot+1","ats:Defend+1","ats:Emotion Absorption+1","ats:Closed Bolt Burst Fire+1","ats:Calcification+1","ats:Disruption Kick+1","ats:Rat Pack+1","ats:Defend Order+1","ats:Mental Burst+1","ats:Shadow Assault+1"],"relics":["DaveBox","HushsDoor","testmod-TestBox","testmod-Fanaticism","BloodDonationMachine","FeatherPendant","Dota2Spire:Bloodstone","SynthV:TestCard","LetterFromLob","Guardian:PocketSentry","ats:Originium","ats:Industrial Water Cannon","BelialBook","Dota2Spire:DivineRapier","Golden Idol","Snecko Eye","GnawedLeaf","hexamod:BolsterEngine","sneckomod:SuperSneckoEye","Centennial Puzzle","HowToJump","MagicDraw2","Astrolabe","SatanicBible","testmod-FatalChain","Whetstone","GodSword5","testmod-BalancedPeriapt","Dream Catcher","Dota2Spire:BlackKingBar"],"acts_visited":["Exordium","TheCity","TheBeyond","TheEnding"],"potions_floor_usage":[38,56,56],"damage_taken":[{"damage":0,"enemies":"Cultist","floor":1,"turns":2},{"damage":0,"enemies":"Small Slimes","floor":2,"turns":2},{"damage":0,"enemies":"Jaw Worm","floor":4,"turns":2},{"damage":0,"enemies":"3 Sentries","floor":6,"turns":3},{"damage":0,"enemies":"Large Slime","floor":7,"turns":2},{"damage":0,"enemies":"Gremlin Nob","floor":10,"turns":3},{"damage":11,"enemies":"Red Slaver","floor":11,"turns":2},{"damage":0,"enemies":"Lagavulin","floor":12,"turns":3},{"damage":0,"enemies":"3 Louse","floor":13,"turns":1},{"damage":0,"enemies":"Slime Boss","floor":16,"turns":2},{"damage":0,"enemies":"Chosen","floor":18,"turns":2},{"damage":36,"enemies":"Hiden Room Battle","floor":19,"turns":2},{"damage":0,"enemies":"2 Thieves","floor":20,"turns":1},{"damage":0,"enemies":"3 Cultists","floor":22,"turns":2},{"damage":0,"enemies":"Gremlin Leader","floor":23,"turns":1},{"damage":0,"enemies":"Snecko","floor":24,"turns":1},{"damage":0,"enemies":"Snake Plant","floor":25,"turns":1},{"damage":0,"enemies":"Slavers","floor":27,"turns":1},{"damage":0,"enemies":"Shelled Parasite and Fungi","floor":29,"turns":1},{"damage":0,"enemies":"Gremlin Leader","floor":30,"turns":1},{"damage":0,"enemies":"Snecko","floor":31,"turns":1},{"damage":0,"enemies":"Automaton","floor":33,"turns":2},{"damage":0,"enemies":"Orb Walker","floor":35,"turns":1},{"damage":0,"enemies":"2 Orb Walkers","floor":37,"turns":1},{"damage":10,"enemies":"Nemesis","floor":40,"turns":1},{"damage":0,"enemies":"Reptomancer","floor":42,"turns":1},{"damage":0,"enemies":"3 Darklings","floor":44,"turns":1},{"damage":0,"enemies":"Nemesis","floor":45,"turns":1},{"damage":0,"enemies":"Maw","floor":47,"turns":1},{"damage":0,"enemies":"Reptomancer","floor":48,"turns":1},{"damage":0,"enemies":"Donu and Deca","floor":50,"turns":1},{"damage":0,"enemies":"Shield and Spear","floor":55,"turns":2},{"damage":0,"enemies":"The Heart","floor":56,"turns":2}],"seed_played":"-6891542266480571742","potions_obtained":[{"floor":2,"key":"Fire Potion"},{"floor":6,"key":"Guardian:BlockOnCardUsePotion"},{"floor":18,"key":"Swift Potion"},{"floor":22,"key":"Block Potion"},{"floor":40,"key":"Weak Potion"}],"is_trial":false,"path_per_floor":["M","M","?","M","$","E","M","R","T","E","M","E","M","?","R","B",null,"M","?","M","$","M","E","M","M","T","E","R","M","E","M","R","B",null,"M","?","?","$","?","E","R","E","T","M","E","R","M","E","R","B",null,null,"$","R","E","B",null],"character_chosen":"DOCTOR_CLASS","items_purchased":["ats:Calcification","sneckomod:SuperSneckoEye","SatanicBible","testmod-SpacePotion"],"campfire_rested":2,"item_purchase_floors":[17,21,34,38],"current_hp_per_floor":[64,64,53,53,53,53,53,53,53,53,42,42,42,18,18,18,51,53,45,45,45,47,47,47,47,47,47,47,47,47,47,47,49,45,45,45,45,45,43,43,43,43,43,43,43,43,43,43,43,43,43,43,43,43,43,43],"gold":286,"neow_bonus":"BOSS_RELIC","is_daily":false,"chose_seed":false,"campfire_upgraded":5,"win_rate":0.0,"timestamp":1612480186,"path_taken":["M","M","?","M","$","E","M","R","T","E","M","E","?","?","R","BOSS","M","?","M","$","M","E","M","M","T","E","R","M","E","M","R","BOSS","M","?","?","$","?","E","R","E","T","M","E","R","?","E","R","BOSS","$","R","E","BOSS"],"items_purchased_type":["Card","Relic","Relic","Potion"],"build_version":"2020-12-22","purchased_purges":6,"victory":true,"max_hp_per_floor":[71,71,71,71,71,71,71,71,71,71,71,71,71,71,71,71,62,62,62,62,62,62,62,62,62,62,62,62,62,62,62,62,62,45,45,45,45,45,43,43,43,43,43,43,43,43,43,43,43,43,43,43,43,43,43,43],"card_choices":[{"not_picked":["ats:Explosion Area Strengthen","ats:Apocalypse","ats:Very Hot Blade"],"picked":"SKIP","floor":1},{"not_picked":["ats:Ignite","ats:Cat Scratch","ats:Flexible Camouflage","ats:Shell Defense","ats:Song Of Battle"],"picked":"SKIP","floor":2},{"not_picked":["ats:Hook Shot","ats:Directed Diagnosis","ats:Roar Of Ursus","ats:Ignite"],"picked":"ats:Mental Burst","floor":4},{"not_picked":["ats:Ignite","ats:Cat Scratch","ats:Magnetic Hammer","Bomb"],"picked":"ats:Closed Bolt Burst Fire","floor":6},{"not_picked":["ats:Very Hot Blade","ats:Leaping Hammer","ats:Powerful Strike","ats:Guard Mode"],"picked":"Bomb","floor":7},{"not_picked":["ats:Hammer On","ats:Very Hot Blade","ats:Charging Defense","ats:Steam Pump","ats:Powerful Strike"],"picked":"SKIP","floor":10},{"not_picked":["ats:Mental Burst","ats:Hammer On","ats:Rapid Magazine","ats:Powerful Strike","ats:Red Shift"],"picked":"SKIP","floor":11},{"not_picked":["ats:Revitalization","ats:Wolf Pack","ats:Absolute Focus","ats:Healing Strengthening","ats:Hammer On"],"picked":"SKIP","floor":12},{"not_picked":["ats:Assault Order","ats:Blood Oath","ats:Serious Mode","ats:Absolute Focus","ats:Guard Mode"],"picked":"SKIP","floor":13},{"not_picked":["ats:Curse Doll","ats:Hammer On","ats:Steam Pump","ats:LN2 Cannon","ats:Burning Ground"],"picked":"SKIP","floor":18},{"not_picked":["ats:Sashimi Platter","ats:Explosion Area Strengthen","ats:Shell Defense","ats:Mental Burst","ats:Absolute Focus"],"picked":"SKIP","floor":20},{"not_picked":["ats:Sword Rain","ats:Curse Doll","ats:Consecutive Shot Auto","ats:Hammer On","ats:Hook Shot"],"picked":"SKIP","floor":22},{"not_picked":["ats:Charging Defense","ats:Serious Mode","ats:Poison Spread","ats:Defend Order","ats:Steam Pump"],"picked":"SKIP","floor":23},{"not_picked":["ats:Charging Defense","ats:Serious Mode","ats:Poison Spread","ats:Defend Order","ats:Steam Pump"],"picked":"SKIP","floor":23},{"not_picked":["ats:Directed Diagnosis","ats:Shell Defense","ats:Very Hot Blade","ats:Song Of Battle","ats:Assault Order"],"picked":"SKIP","floor":24},{"not_picked":["ats:Phantom","ats:Defend Order","ats:Flexible Camouflage","ats:Support Order","ats:Shell Defense"],"picked":"SKIP","floor":25},{"not_picked":["ats:Guard Mode","ats:Steam Pump","ats:Song Of Battle","ats:Powerful Strike"],"picked":"ats:Disruption Kick","floor":27},{"not_picked":["ats:Healing Strengthening","ats:Leaping Hammer","ats:Beaten Up","ats:Apocalypse","ats:Hammer On"],"picked":"SKIP","floor":29},{"not_picked":["ats:Defend Order","ats:Volcano","ats:Ignite","ats:Hammer On+1","ats:Steam Pump"],"picked":"SKIP","floor":30},{"not_picked":["ats:Shell Defense","ats:Closed Bolt Burst Fire+1","ats:Poison Spread","ats:Spore Proliferation","ats:Revitalization"],"picked":"SKIP","floor":31},{"not_picked":["ats:Durian","ats:Calcification","ats:Roar Of Ursus","ats:Echo Reverb"],"picked":"ats:Rat Pack","floor":33},{"not_picked":["ats:Collapsing Strike+1","ats:Very Hot Blade","ats:Rapid Magazine","ats:Blood Oath","ats:Neurotoxin"],"picked":"SKIP","floor":35},{"not_picked":["ats:Ignite","ats:Automatic Cover","ats:Literary Storm+1","ats:Soul Absorption","ats:Shell Defense"],"picked":"SKIP","floor":40},{"not_picked":["ats:Revitalization","ats:Overload+1","ats:Literary Storm","ats:Healing Strengthening"],"picked":"ats:Shadow Assault","floor":42},{"not_picked":["ats:Closed Bolt Burst Fire","ats:Guard Mode","ats:Neurotoxin","ats:Absolute Focus+1","ats:Consecutive Shot Auto"],"picked":"SKIP","floor":44},{"not_picked":["ats:Poison Spread","ats:Powerful Strike","ats:Echo Reverb","ats:Flexible Camouflage","ats:LN2 Cannon"],"picked":"SKIP","floor":45},{"not_picked":["ats:Support Order+1","ats:Very Hot Blade","ats:Absolute Focus","ats:Powerful Strike+1","ats:Charging Defense+1"],"picked":"SKIP","floor":47},{"not_picked":["ats:Cat Scratch","ats:Beaten Up+1","ats:Assault Order","ats:Explosion Area Strengthen","ats:Shadow Assault"],"picked":"SKIP","floor":48},{"not_picked":["ats:Rat Pack","ats:Apocalypse+1","ats:Magnetic Hammer+1","ats:Very Hot Blade","ats:Spore Proliferation"],"picked":"SKIP","floor":55}],"player_experience":954081,"relics_obtained":[{"floor":1,"key":"SynthV:TestCard"},{"floor":1,"key":"LetterFromLob"},{"floor":6,"key":"ats:Originium"},{"floor":6,"key":"ats:Industrial Water Cannon"},{"floor":10,"key":"ats:Originium"},{"floor":10,"key":"BelialBook"},{"floor":12,"key":"ats:Originium"},{"floor":12,"key":"Dota2Spire:DivineRapier"},{"floor":19,"key":"GnawedLeaf"},{"floor":19,"key":"hexamod:BolsterEngine"},{"floor":23,"key":"ats:Originium"},{"floor":23,"key":"Centennial Puzzle"},{"floor":27,"key":"HowToJump"},{"floor":30,"key":"MagicDraw2"},{"floor":37,"key":"testmod-FatalChain"},{"floor":40,"key":"Whetstone"},{"floor":42,"key":"GodSword5"},{"floor":43,"key":"testmod-BalancedPeriapt"},{"floor":45,"key":"Dream Catcher"},{"floor":55,"key":"Dota2Spire:BlackKingBar"}],"event_choices":[{"damage_healed":0,"gold_gain":0,"player_choice":"Success","damage_taken":11,"relics_obtained":["Guardian:PocketSentry"],"max_hp_gain":0,"max_hp_loss":0,"event_name":"Scrap Ooze","floor":3,"gold_loss":0},{"damage_healed":0,"gold_gain":0,"player_choice":"Take Damage","damage_taken":24,"relics_obtained":["Golden Idol"],"max_hp_gain":0,"max_hp_loss":0,"event_name":"Golden Idol","floor":14,"gold_loss":0},{"damage_healed":0,"gold_gain":0,"player_choice":"Fight","damage_taken":0,"max_hp_gain":0,"max_hp_loss":0,"event_name":"HidenRoomEvent","floor":19,"gold_loss":0},{"damage_healed":0,"gold_gain":0,"player_choice":"Swap Relic","damage_taken":0,"relics_obtained":["Technique"],"max_hp_gain":0,"max_hp_loss":0,"event_name":"给自己的盒子","floor":36,"relics_lost":["Technique"],"gold_loss":0},{"damage_healed":0,"gold_gain":0,"player_choice":"Fight","damage_taken":0,"max_hp_gain":0,"max_hp_loss":0,"event_name":"Mysterious Sphere","floor":37,"gold_loss":0},{"damage_healed":0,"gold_gain":0,"player_choice":"Max HP","damage_taken":0,"max_hp_gain":0,"max_hp_loss":2,"event_name":"Winding Halls","floor":39,"gold_loss":0}],"is_beta":false,"boss_relics":[{"not_picked":["Fusion Hammer","testmod-PortableAltar"],"picked":"Snecko Eye"},{"not_picked":[]},{"not_picked":["TimeKeys","testmod-BatchProcessingSystem"],"picked":"Astrolabe"},{"not_picked":[]}],"items_purged_floors":[5,17,21,34,38,53],"is_endless":false,"potions_floor_spawned":[2,6,11,13,18,22,24,27,29,30,31,35,40,45,47,48],"ascension_level":19}}