{"host":"6q94iy5iz6612v89","time":1612413463,"event":{"mods":["2.2 Compatiblity","AchievementEnabler","BaseMod","Colored Map","DeckTracker","Keyboard Shortcuts","Marisa£¨Ùöéë¡¡Øª×âÞÞ£©","Minty Spire (QoL Compilation)","Permanent Neow","StSLib","SuperFastMode"],"gold_per_floor":[118,43,54,4,16,16,32,42,42,61,90,90,90,90],"floor_reached":13,"language":"KOR","playtime":256,"items_purged":["Strike_MRS"],"score":148,"play_id":"29a2004f-1a6e-4607-bf9e-4fcd729ae1df","local_time":"20210204133743","is_ascension_mode":true,"campfire_choices":[{"data":"MasterSpark","floor":6,"key":"SMITH"}],"circlet_count":0,"master_deck":["AscendersBane","Strike_MRS","Strike_MRS","Defend_MRS","Defend_MRS","Defend_MRS","Defend_MRS","MasterSpark+1","UpSweep","ChargeUpSpray","NonDirectionalLaser","GalacticHalo","GalacticHalo","TreasureHunter","AsteroidBelt"],"relics":["MiniHakkero","Pocketwatch","Pantograph","Darkstone Periapt","Kunai","HandmadeGrimoire"],"acts_visited":["Exordium"],"potions_floor_usage":[11,11],"damage_taken":[{"damage":2,"enemies":"2 Louse","floor":1,"turns":2},{"damage":7,"enemies":"Jaw Worm","floor":3,"turns":3},{"damage":0,"enemies":"Cultist","floor":5,"turns":3},{"damage":16,"enemies":"Lots of Slimes","floor":7,"turns":3},{"damage":0,"enemies":"Blue Slaver","floor":8,"turns":5},{"damage":0,"enemies":"Exordium Wildlife","floor":10,"turns":3},{"damage":5,"enemies":"3 Sentries","floor":11,"turns":6},{"damage":16,"enemies":"Gremlin Nob","floor":13,"turns":2}],"seed_played":"1660612796715384651","potions_obtained":[{"floor":1,"key":"DuplicationPotion"},{"floor":3,"key":"Block Potion"}],"is_trial":false,"path_per_floor":["M","$","M","?","M","R","M","M","T","M","E","T","E"],"character_chosen":"MARISA","items_purchased":[],"campfire_rested":0,"item_purchase_floors":[],"current_hp_per_floor":[43,43,36,36,36,36,20,20,20,20,15,15,0,0],"gold":90,"neow_bonus":"ONE_RARE_RELIC","is_daily":false,"chose_seed":false,"campfire_upgraded":1,"win_rate":0.0,"timestamp":1612413463,"path_taken":["M","$","M","?","M","R","M","M","T","M","E","?","E"],"items_purchased_type":[],"build_version":"2020-12-22","purchased_purges":1,"victory":false,"max_hp_per_floor":[70,70,70,70,70,70,70,70,70,70,70,70,70,70],"card_choices":[{"not_picked":["LuminesStrike","PulseMagic"],"picked":"ChargeUpSpray","floor":1},{"not_picked":["MysteriousBeam","EventHorizon"],"picked":"NonDirectionalLaser","floor":3},{"not_picked":["OrrerysSun","AlicesGift"],"picked":"GalacticHalo","floor":5},{"not_picked":["ShootingEcho","DoubleSpark"],"picked":"GalacticHalo","floor":7},{"not_picked":["WitchOfGreed","RefractionSpark","IllusionStar"],"picked":"SKIP","floor":8},{"not_picked":["LuminesStrike","UnstableBomb"],"picked":"TreasureHunter","floor":10},{"not_picked":["NonDirectionalLaser","GasGiant"],"picked":"AsteroidBelt","floor":11}],"player_experience":1531613,"relics_obtained":[{"floor":9,"key":"Pantograph"},{"floor":11,"key":"Darkstone Periapt"},{"floor":11,"key":"Kunai"},{"floor":12,"key":"HandmadeGrimoire"}],"event_choices":[{"cards_removed":["Strike_MRS"],"damage_healed":0,"gold_gain":0,"player_choice":"Card Removal","damage_taken":0,"max_hp_gain":0,"max_hp_loss":0,"event_name":"The Cleric","floor":4,"gold_loss":50}],"is_beta":false,"boss_relics":[],"items_purged_floors":[2],"is_endless":false,"potions_floor_spawned":[1,3],"killed_by":"Gremlin Nob","ascension_level":14}}