{"host":"dw8ij7emqco3quom","time":1612481005,"event":{"mods":["BaseMod","Minty Spire (QoL Compilation)"],"gold_per_floor":[116,116,135,135,210,236,236,85,108,108,10,10,25,56,56,161,161,176,176,186,186,186],"floor_reached":21,"language":"FRA","playtime":1045,"items_purged":["Defend_R"],"score":250,"play_id":"32ecb66f-06b4-4037-9dc2-70dbb20cfcac","local_time":"20210205002325","is_ascension_mode":true,"campfire_choices":[{"floor":7,"key":"REST"},{"floor":10,"key":"REST"},{"data":"Armaments","floor":12,"key":"SMITH"},{"floor":15,"key":"REST"}],"circlet_count":0,"master_deck":["Strike_R","Strike_R","Strike_R","Strike_R","Defend_R","Defend_R","Defend_R","Bash","Disarm","Armaments+1","Headbutt","Demon Form","Shrug It Off","Thunderclap","Headbutt","Flame Barrier","Corruption","Shrug It Off","Heavy Blade"],"relics":["Burning Blood","Blood Vial","Dream Catcher","Anchor","The Courier","Busted Crown"],"acts_visited":["Exordium","TheCity"],"potions_floor_usage":[6,6,20,21],"damage_taken":[{"damage":1,"enemies":"Cultist","floor":1,"turns":4},{"damage":10,"enemies":"2 Louse","floor":3,"turns":4},{"damage":39,"enemies":"3 Sentries","floor":6,"turns":11},{"damage":0,"enemies":"Jaw Worm","floor":13,"turns":4},{"damage":27,"enemies":"Gremlin Nob","floor":14,"turns":5},{"damage":42,"enemies":"Slime Boss","floor":16,"turns":9},{"damage":32,"enemies":"Spheric Guardian","floor":18,"turns":6},{"damage":28,"enemies":"2 Thieves","floor":20,"turns":5},{"damage":54,"enemies":"Snecko","floor":21,"turns":4}],"seed_played":"-7551726040029431404","potions_obtained":[{"floor":0,"key":"Fire Potion"},{"floor":0,"key":"Ancient Potion"},{"floor":0,"key":"AttackPotion"},{"floor":18,"key":"SkillPotion"}],"is_trial":false,"path_per_floor":["M","$","M","?","?","E","R","$","T","R","$","R","M","E","R","B",null,"M","?","M","M"],"character_chosen":"IRONCLAD","items_purchased":["Dream Catcher","Shrug It Off"],"campfire_rested":3,"item_purchase_floors":[8,11],"current_hp_per_floor":[77,77,73,73,62,29,53,53,53,77,77,77,80,59,80,44,71,47,47,27,0,0],"gold":186,"neow_bonus":"THREE_SMALL_POTIONS","is_daily":false,"chose_seed":false,"campfire_upgraded":1,"win_rate":0.0,"timestamp":1612481005,"path_taken":["M","$","?","?","?","E","R","?","T","R","$","R","M","E","R","BOSS","M","?","M","?"],"items_purchased_type":["Relic","Card"],"build_version":"2020-12-22","purchased_purges":1,"victory":false,"max_hp_per_floor":[80,80,80,80,80,80,80,80,80,80,80,80,80,80,80,80,80,80,80,80,80,80],"card_choices":[{"not_picked":["Sever Soul","Rupture"],"picked":"Disarm","floor":1},{"not_picked":["Dual Wield","Thunderclap"],"picked":"Armaments","floor":3},{"not_picked":["Heavy Blade","Clash"],"picked":"Headbutt","floor":6},{"not_picked":["Clash","Flex"],"picked":"Demon Form","floor":10},{"not_picked":["Power Through","Havoc"],"picked":"Thunderclap","floor":13},{"not_picked":["Havoc","Carnage"],"picked":"Headbutt","floor":14},{"not_picked":["Rupture","True Grit"],"picked":"Flame Barrier","floor":15},{"not_picked":["Offering","Feed"],"picked":"Corruption","floor":16},{"not_picked":["Perfected Strike"],"picked":"SKIP","floor":18},{"not_picked":[],"picked":"Heavy Blade","floor":20}],"player_experience":704933,"relics_obtained":[{"floor":6,"key":"Blood Vial"},{"floor":9,"key":"Anchor"},{"floor":14,"key":"The Courier"}],"event_choices":[{"damage_healed":0,"gold_gain":0,"player_choice":"Ignored","damage_taken":0,"max_hp_gain":0,"max_hp_loss":0,"event_name":"Shining Light","floor":4,"gold_loss":0},{"damage_healed":0,"gold_gain":75,"player_choice":"Gather Gold","damage_taken":11,"max_hp_gain":0,"max_hp_loss":0,"event_name":"World of Goop","floor":5,"gold_loss":0},{"damage_healed":0,"gold_gain":0,"cards_transformed":["Strike_R"],"player_choice":"Transformed","damage_taken":0,"max_hp_gain":0,"max_hp_loss":0,"event_name":"Transmorgrifier","floor":19,"gold_loss":0,"cards_obtained":["Shrug It Off"]}],"is_beta":false,"boss_relics":[{"not_picked":["Runic Pyramid","Fusion Hammer"],"picked":"Busted Crown"}],"items_purged_floors":[11],"is_endless":false,"potions_floor_spawned":[1,18],"killed_by":"Snecko","ascension_level":7}}