{"host":"74rphcgmhz43g39u","time":1612420749,"event":{"mods":["Act Like it!","BaseMod","Hallownest","Minty Spire (QoL Compilation)","Quick Restart","StSLib","The Bug Knight"],"gold_per_floor":[112,126,126,142,192,192,42,58,82,115,131,149,149,159,159,254,254,264,283,35,35,35,35,35,89,115,128,28,28,39,59,59,59,59],"floor_reached":33,"language":"ZHS","playtime":1350,"items_purged":["HollowMod:NailStrikeStart","Shame"],"score":333,"play_id":"3c0cb9f5-f473-41a8-a8ef-3d2eda468825","local_time":"20210204143909","is_ascension_mode":true,"campfire_choices":[{"data":"HollowMod:MantisMark","floor":6.0,"key":"SMITH"},{"data":"HollowMod:AwokenDreamNail","floor":13.0,"key":"SMITH"},{"data":"HollowMod:SiblingsSouls","floor":15.0,"key":"SMITH"},{"data":"Apotheosis","floor":23.0,"key":"SMITH"},{"floor":29.0,"key":"RECALL"},{"floor":32.0,"key":"REST"}],"circlet_count":0,"master_deck":["HollowMod:NailStrikeStart","HollowMod:NailStrikeStart","HollowMod:QuickDashStart","HollowMod:QuickDashStart","HollowMod:QuickDashStart","HollowMod:QuickDashStart","HollowMod:FocusHealStart","HollowMod:PogoStrike","HollowMod:MantisMark+1","HollowMod:AwokenDreamNail+1","HollowMod:MantisMark","HollowMod:CornifersMapStart","HollowMod:SiblingsSouls+1","HollowMod:HowlingWraiths+1","HollowMod:VengefulSpirit+1","HollowMod:GreatSlash+1","HollowMod:ChannelNail","Apotheosis+1","HollowMod:GrimmsGift+1","HollowMod:ChannelNail+1"],"relics":["HollowMod:VesselMask","NeowsBlessing","Hallownest:DreamNailRelic","Medical Kit","HollowMod:KingsBrand","Bronze Scales","Astrolabe","WarpedTongs","Boot"],"acts_visited":["Exordium","Hallownest:Greenpath"],"potions_floor_usage":[33],"damage_taken":[{"damage":0.0,"enemies":"Hallownest:monsterHuskGuard","floor":1.0,"turns":1.0},{"damage":0.0,"enemies":"Hallownest:monsterHuskWarrior","floor":2.0,"turns":1.0},{"damage":0.0,"enemies":"Hallownest:2_Tiktiks_and_1_Crawlid","floor":4.0,"turns":1.0},{"damage":2.0,"enemies":"Hallownest:monsterMossCharger","floor":8.0,"turns":6.0},{"damage":25.0,"enemies":"Hallownest:eliteMossKnight","floor":10.0,"turns":3.0},{"damage":4.0,"enemies":"Hallownest:monsterFoolEater","floor":11.0,"turns":4.0},{"damage":18.0,"enemies":"Hallownest:1_Ooma_and_2_Uuma","floor":12.0,"turns":8.0},{"damage":0.0,"enemies":"Hallownest:monsterMossCharger","floor":14.0,"turns":4.0},{"damage":47.0,"enemies":"Hallownest:BossFalseKnight","floor":16.0,"turns":5.0},{"damage":13.0,"enemies":"Hallownest:2_Mistakes","floor":18.0,"turns":6.0},{"damage":12.0,"enemies":"Hallownest:3_Youths","floor":19.0,"turns":6.0},{"damage":19.0,"enemies":"Hallownest:monsterMisterMushroom","floor":27.0,"turns":7.0},{"damage":0.0,"enemies":"Hallownest:2_Husk_Sentries","floor":30.0,"turns":1.0},{"damage":23.0,"enemies":"Hallownest:monsterShrumalOgre","floor":31.0,"turns":5.0},{"damage":51,"enemies":"Hallownest:BossSoulMaster","floor":33,"turns":3}],"seed_played":"7983611632149920819","potions_obtained":[{"floor":2.0,"key":"SteroidPotion"},{"floor":4.0,"key":"SteroidPotion"},{"floor":11.0,"key":"ColorlessPotion"},{"floor":12.0,"key":"FearPotion"},{"floor":14.0,"key":"SteroidPotion"},{"floor":16.0,"key":"DuplicationPotion"},{"floor":31.0,"key":"ColorlessPotion"}],"is_trial":false,"path_per_floor":["M","M","?","M","?","R","$","M","T","E","M","M","R","M","R","B",null,"M","M","$","?","$","R","?","T","T","M","$","R","M","M","R","B"],"character_chosen":"THE_BUGKNIGHT","items_purchased":["Medical Kit","Apotheosis"],"campfire_rested":1,"item_purchase_floors":[7,20],"current_hp_per_floor":[68,68,68,68,68,68,68,75,75,50,46,40,40,46,46,5,58,45,43,43,43,43,43,43,43,43,36,36,36,36,29,51,0,0],"gold":59,"neow_bonus":"THREE_ENEMY_KILL","is_daily":false,"chose_seed":false,"campfire_upgraded":4,"win_rate":0.0,"timestamp":1612420749,"path_taken":["M","M","?","?","?","R","?","M","T","E","M","?","R","M","R","BOSS","M","M","$","?","?","R","?","?","T","?","?","R","M","M","R","BOSS"],"items_purchased_type":["Relic","Card"],"build_version":"2020-12-22","purchased_purges":2,"victory":false,"max_hp_per_floor":[75,75,75,75,75,75,75,75,75,75,75,75,75,75,75,75,75,75,75,75,75,75,75,75,75,75,75,75,75,75,75,75,75,75],"card_choices":[{"not_picked":["HollowMod:InfectedAttack","HollowMod:LifebloodCocoon"],"picked":"HollowMod:MantisMark","floor":1.0},{"not_picked":["HollowMod:MonarchWings","HollowMod:GoodIntentions"],"picked":"HollowMod:WraithStrike","floor":2.0},{"not_picked":["HollowMod:ShadowDash","HollowMod:CloakDash"],"picked":"HollowMod:MantisMark","floor":4.0},{"not_picked":["HollowMod:ShadowDash","HollowMod:SoulSplash"],"picked":"HollowMod:AwokenDreamNail","floor":8.0},{"not_picked":["HollowMod:TaintedHusks","HollowMod:LifebloodCocoon"],"picked":"HollowMod:MantisMark","floor":10.0},{"not_picked":["HollowMod:SoulVessel","HollowMod:CycloneSlash","HollowMod:DescendingDark"],"picked":"SKIP","floor":11.0},{"not_picked":["HollowMod:SoulShaman","HollowMod:MantisMark"],"picked":"HollowMod:CornifersMapStart","floor":12.0},{"not_picked":["HollowMod:ShadowDash","HollowMod:InfectedCysts"],"picked":"HollowMod:SiblingsSouls","floor":14.0},{"not_picked":["HollowMod:GoodIntentions","HollowMod:CornifersMapStart"],"picked":"HollowMod:ChannelNail","floor":18.0},{"not_picked":["HollowMod:ChannelNail","HollowMod:RecoilStrike+1","HollowMod:LordofShades"],"picked":"SKIP","floor":19.0},{"not_picked":["HollowMod:CornifersMapStart","HollowMod:SiblingsShadow","HollowMod:CycloneSlash+1"],"picked":"SKIP","floor":27.0},{"not_picked":["HollowMod:MantisMark","HollowMod:SharpenedNail"],"picked":"HollowMod:GrimmsGift+1","floor":30.0},{"not_picked":["HollowMod:SharpenedNail+1","HollowMod:CycloneSlash"],"picked":"HollowMod:ChannelNail+1","floor":31.0}],"player_experience":654024,"relics_obtained":[{"floor":9.0,"key":"HollowMod:KingsBrand"},{"floor":10.0,"key":"Bronze Scales"},{"floor":25.0,"key":"Boot"}],"event_choices":[],"is_beta":false,"boss_relics":[{"not_picked":["Ectoplasm","Tiny House"],"picked":"Astrolabe"}],"items_purged_floors":[20,28],"is_endless":false,"potions_floor_spawned":[2,4,11,12,14,16,27,31],"killed_by":"Hallownest:BossSoulMaster","ascension_level":7}}