{"host":"qrbkigq52dd42dk0","time":1612476377,"event":{"mods":["AchievementEnabler","BaseMod","Colored Map","Colored Powertips","Minty Spire (QoL Compilation)","Morshu Shopkeeper - ENHANCED","Quick Restart","StSLib","SuperFastMode","The IronCluck"],"gold_per_floor":[114,289,309,309,94,94,121,121,121,139,149,184,203,229,229,308,308,324,76,76,1,1,32,46,57,80,80,80,80,115,127,127,127,127],"floor_reached":33,"language":"ENG","playtime":634,"items_purged":["Doubt","Strike_R"],"score":582,"play_id":"a5d5bcc0-fafd-47f9-95aa-1dc354beb22c","local_time":"20210204230617","is_ascension_mode":true,"campfire_choices":[{"floor":6,"key":"RECALL"},{"floor":15,"key":"REST"},{"floor":27,"key":"REST"},{"floor":32,"key":"REST"}],"circlet_count":0,"master_deck":["AscendersBane","Strike_R","Strike_R+1","Strike_R","Strike_R","Defend_R","Defend_R","Defend_R","Bash","Armaments+1","Battle Trance","Whirlwind+1","Double Tap+1","Ghostly Armor+1","Immolate+1","Ghostly Armor+1","Shame","Evolve"],"relics":["Burning Blood","NeowsBlessing","Pocketwatch","Toxic Egg 2","Bronze Scales","Oddly Smooth Stone","Fusion Hammer","Whetstone","Vajra","Mummified Hand","Ancient Tea Set","Tiny Chest","Strawberry"],"acts_visited":["Exordium","TheCity"],"potions_floor_usage":[12,30,33],"damage_taken":[{"damage":0,"enemies":"Cultist","floor":1,"turns":1},{"damage":0,"enemies":"2 Louse","floor":3,"turns":2},{"damage":0,"enemies":"Lagavulin","floor":7,"turns":1},{"damage":5,"enemies":"Small Slimes","floor":10,"turns":2},{"damage":0,"enemies":"3 Louse","floor":11,"turns":1},{"damage":0,"enemies":"3 Sentries","floor":12,"turns":2},{"damage":12,"enemies":"Exordium Wildlife","floor":13,"turns":2},{"damage":44,"enemies":"Lagavulin","floor":14,"turns":4},{"damage":37,"enemies":"Hexaghost","floor":16,"turns":9},{"damage":0,"enemies":"3 Byrds","floor":18,"turns":3},{"damage":33,"enemies":"Slavers","floor":23,"turns":4},{"damage":0,"enemies":"Spheric Guardian","floor":24,"turns":2},{"damage":12,"enemies":"Cultist and Chosen","floor":25,"turns":3},{"damage":40,"enemies":"Gremlin Leader","floor":30,"turns":4},{"damage":0,"enemies":"Snecko","floor":31,"turns":2},{"damage":57,"enemies":"Champ","floor":33,"turns":7}],"seed_played":"-4665025186368451322","potions_obtained":[{"floor":1,"key":"BloodPotion"},{"floor":3,"key":"AttackPotion"},{"floor":16,"key":"BlessingOfTheForge"},{"floor":30,"key":"GamblersBrew"}],"is_trial":false,"path_per_floor":["M","?","M","?","$","R","E","?","T","M","M","E","M","E","R","B",null,"M","$","T","?","?","E","M","M","T","R","?","?","E","M","R","B"],"character_chosen":"IRONCLAD","items_purchased":["Battle Trance","Whirlwind","Whetstone"],"campfire_rested":3,"item_purchase_floors":[5,5,19],"current_hp_per_floor":[78,78,80,80,80,80,80,80,80,80,80,80,74,36,60,29,67,73,73,73,73,73,46,52,46,46,70,70,70,59,65,87,30,30],"gold":127,"neow_bonus":"THREE_ENEMY_KILL","is_daily":false,"chose_seed":false,"campfire_upgraded":0,"win_rate":0.0,"timestamp":1612476377,"path_taken":["M","?","M","?","$","R","E","?","T","?","M","E","M","E","R","BOSS","M","$","?","?","?","E","M","?","T","R","?","?","E","M","R","BOSS"],"items_purchased_type":["Card","Card","Relic"],"build_version":"2020-12-22","purchased_purges":2,"victory":false,"max_hp_per_floor":[80,80,80,80,80,80,80,80,80,80,80,80,80,80,80,80,80,80,80,80,80,80,80,80,80,80,80,80,80,87,87,87,87,87],"card_choices":[{"not_picked":["Clash","Flex"],"picked":"Armaments","floor":1},{"not_picked":["Warcry","Combust","Clash"],"picked":"SKIP","floor":3},{"not_picked":["Iron Wave","Havoc","Warcry"],"picked":"SKIP","floor":7},{"not_picked":["Flex+1","Perfected Strike","Clothesline"],"picked":"SKIP","floor":10},{"not_picked":["Sword Boomerang","Body Slam","Sever Soul"],"picked":"SKIP","floor":11},{"not_picked":["Disarm+1","Dropkick"],"picked":"Double Tap+1","floor":12},{"not_picked":["Anger","Wild Strike","Iron Wave"],"picked":"SKIP","floor":13},{"not_picked":["Iron Wave","Exhume+1"],"picked":"Ghostly Armor+1","floor":14},{"not_picked":["Offering+1","Corruption"],"picked":"Immolate","floor":16},{"not_picked":["Armaments+1","Iron Wave","Headbutt+1"],"picked":"SKIP","floor":18},{"not_picked":["Headbutt","Searing Blow","Anger"],"picked":"SKIP","floor":23},{"not_picked":["Immolate","Cleave","Feel No Pain"],"picked":"SKIP","floor":24},{"not_picked":["Dropkick","Body Slam"],"picked":"Ghostly Armor+1","floor":25},{"not_picked":["Iron Wave","Perfected Strike","Sever Soul"],"picked":"SKIP","floor":30},{"not_picked":["Heavy Blade+1","Sword Boomerang"],"picked":"Evolve","floor":31}],"player_experience":206262,"relics_obtained":[{"floor":7,"key":"Pocketwatch"},{"floor":9,"key":"Toxic Egg 2"},{"floor":12,"key":"Bronze Scales"},{"floor":14,"key":"Oddly Smooth Stone"},{"floor":23,"key":"Mummified Hand"},{"floor":26,"key":"Ancient Tea Set"},{"floor":30,"key":"Strawberry"}],"event_choices":[{"damage_healed":0,"gold_gain":175,"player_choice":"AGREE","damage_taken":0,"max_hp_gain":0,"max_hp_loss":0,"event_name":"Liars Game","floor":2,"gold_loss":0,"cards_obtained":["Doubt"]},{"damage_healed":0,"gold_gain":0,"player_choice":"Grow","damage_taken":0,"max_hp_gain":0,"max_hp_loss":0,"event_name":"Living Wall","floor":4,"gold_loss":0,"cards_upgraded":["Armaments"]},{"damage_healed":0,"gold_gain":0,"player_choice":"Upgraded","damage_taken":0,"max_hp_gain":0,"max_hp_loss":0,"event_name":"Upgrade Shrine","floor":8,"gold_loss":0,"cards_upgraded":["Whirlwind"]},{"cards_removed":["Defend_R"],"damage_healed":0,"gold_gain":0,"player_choice":"Gave Gold","damage_taken":0,"max_hp_gain":0,"max_hp_loss":0,"event_name":"Beggar","floor":21,"gold_loss":75},{"damage_healed":0,"gold_gain":0,"player_choice":"Opened","damage_taken":0,"relics_obtained":["Vajra"],"max_hp_gain":0,"max_hp_loss":0,"event_name":"The Mausoleum","floor":22,"gold_loss":0},{"damage_healed":0,"gold_gain":0,"player_choice":"Ignored","damage_taken":0,"max_hp_gain":0,"max_hp_loss":0,"event_name":"Ghosts","floor":28,"gold_loss":0},{"damage_healed":0,"gold_gain":0,"player_choice":"Stole Relic","damage_taken":0,"relics_obtained":["Tiny Chest"],"max_hp_gain":0,"max_hp_loss":0,"event_name":"Addict","floor":29,"gold_loss":0,"cards_obtained":["Shame"]}],"is_beta":false,"boss_relics":[{"not_picked":["Tiny House","Calling Bell"],"picked":"Fusion Hammer"}],"items_purged_floors":[5,19],"is_endless":false,"potions_floor_spawned":[1,3,11,16,25,30,31],"killed_by":"Champ","ascension_level":13}}