{"host":"ordk2y2ebcetabk6","time":1612418664,"event":{"mods":["AlwaysNeverKeys","BaseMod","Better Debug","Colored Map","Colored Powertips","Dark Map","Highlight Path","Minty Spire (QoL Compilation)","Morshu Shopkeeper","Permanent Neow","Rare Cards Sparkle","Spire Arcade","StSLib","The Adventurer"],"gold_per_floor":[115,40,215,226,20,20,80,80,80,80,126,126,179,209,209],"floor_reached":14,"language":"ENG","playtime":325,"items_purged":["adventurer:Strike","Doubt"],"score":76,"play_id":"c2ca6363-878d-44a4-bee8-f0c849b38e36","local_time":"20210203230424","is_ascension_mode":false,"campfire_choices":[{"data":"adventurer:TreasureChest","floor":6.0,"key":"SMITH"},{"data":"adventurer:JourneyBegins","floor":10.0,"key":"SMITH"}],"circlet_count":0,"master_deck":["adventurer:Strike","adventurer:Strike","adventurer:Strike","adventurer:Defend","adventurer:Defend","adventurer:Defend","adventurer:Defend","adventurer:FlurryFire","adventurer:JourneyBegins+1","adventurer:TreasureChest+1","adventurer:LoseSteam","adventurer:MinMaxing","adventurer:Nah","adventurer:PartyPopper","adventurer:StopThat"],"relics":["adventurer:TodoItem","NeowsBlessing","Frozen Egg 2","Golden Idol","Bottled Lightning","Tiny Chest"],"acts_visited":["Exordium"],"potions_floor_usage":[],"damage_taken":[{"damage":0.0,"enemies":"Cultist","floor":1.0,"turns":1.0},{"damage":0.0,"enemies":"Small Slimes","floor":4.0,"turns":1.0},{"damage":0.0,"enemies":"Gremlin Nob","floor":7.0,"turns":1.0},{"damage":11.0,"enemies":"Jaw Worm","floor":11.0,"turns":7.0},{"damage":10.0,"enemies":"Looter","floor":12.0,"turns":4.0},{"damage":67,"enemies":"Gremlin Nob","floor":14,"turns":6}],"seed_played":"-46406256159259209","potions_obtained":[{"floor":4.0,"key":"DistilledChaos"}],"is_trial":false,"path_per_floor":["M","$","?","M","$","R","?","?","T","R","M","M","T","E"],"character_chosen":"THE_ADVENTURER","items_purchased":["adventurer:MinMaxing","adventurer:Nah"],"campfire_rested":0,"item_purchase_floors":[5,5],"current_hp_per_floor":[80,80,80,80,80,80,80,74,74,74,63,53,53,0,0],"gold":209,"neow_bonus":"THREE_ENEMY_KILL","is_daily":false,"chose_seed":false,"campfire_upgraded":2,"win_rate":0.0,"timestamp":1612418664,"path_taken":["M","$","?","M","$","R","?","?","T","R","M","M","?","E"],"items_purchased_type":["Card","Card"],"build_version":"2020-12-22","purchased_purges":2,"victory":false,"max_hp_per_floor":[80,80,80,80,80,80,80,74,74,74,74,74,74,74,74],"card_choices":[{"not_picked":["adventurer:HeavyAmmo","adventurer:Workout"],"picked":"adventurer:TreasureChest","floor":1.0},{"not_picked":["adventurer:BulletBlade","adventurer:Scary"],"picked":"adventurer:LoseSteam","floor":4.0},{"not_picked":["adventurer:HeavyAmmo","adventurer:Sunhat"],"picked":"adventurer:PartyPopper","floor":7.0},{"not_picked":["adventurer:Chorus+1","adventurer:DungeonEntrance","adventurer:BulletBlade"],"picked":"SKIP","floor":11.0},{"not_picked":["adventurer:DecisionMaking","adventurer:Sunhat"],"picked":"adventurer:StopThat","floor":12}],"player_experience":934440,"relics_obtained":[{"floor":7.0,"key":"Frozen Egg 2"},{"floor":9.0,"key":"Bottled Lightning"},{"floor":13,"key":"Tiny Chest"}],"event_choices":[{"damage_healed":0.0,"max_hp_gain":0.0,"max_hp_loss":0.0,"gold_gain":175.0,"event_name":"Liars Game","player_choice":"AGREE","floor":3.0,"gold_loss":0.0,"damage_taken":0.0,"cards_obtained":["Doubt"]},{"damage_healed":0.0,"max_hp_gain":0.0,"max_hp_loss":0.0,"gold_gain":0.0,"event_name":"Dead Adventurer","player_choice":"Searched \u00272\u0027 times","floor":7.0,"gold_loss":0.0,"damage_taken":0.0},{"damage_healed":0.0,"max_hp_gain":0.0,"max_hp_loss":6.0,"gold_gain":0.0,"event_name":"Golden Idol","player_choice":"Lose Max HP","floor":8.0,"gold_loss":0.0,"damage_taken":0.0,"relics_obtained":["Golden Idol"]}],"is_beta":false,"boss_relics":[],"items_purged_floors":[2,5],"is_endless":false,"potions_floor_spawned":[4],"killed_by":"Gremlin Nob","ascension_level":0}}