{"host":"27c7lqff1bu0ydoz","time":1612416379,"event":{"mods":["AchievementEnabler","Act Like it!","Aspiration","Bard","BaseMod","Block Reminder","CapriCore","Colored Powertips","Conspire","Downfall","Energized Spire","Friendly Minions","Gensokyo","GifTheSpireLib","Hallownest","Highlight Path","Hubris","Infinite Spire","Koishi","Marisa????????","Minty Spire (QoL Compilation)","Pale of the Ancients","Rare Cards Sparkle","Reimu??????","Remilia??????","Replay The Spire","StSLib","The Bug Knight","The Construct","The Disciple","The Gatherer","The Hierophant","The Immortal","The Judge","The Jungle","The Runesmith","The Servant 0.9.4","TheFirefly","Wandering Minibosses","yUi"],"gold_per_floor":[116,84,84,95,95,130,130,142,142,153,153,173,27,27,27,126,126,137,137,155,174,188,188,188,188,239,271,290,389,20,39,39,141,141,154,154,154,204,228,240,278,290,302,314,344,375,387,409,421,433,445,476,488,15,15,29,29,29,29,29],"floor_reached":61,"language":"ENG","playtime":6651,"items_purged":["hubris:Envy"],"score":1471,"play_id":"83c6b41a-e379-4df4-997c-f97691215871","local_time":"20210204062619","is_ascension_mode":false,"campfire_choices":[{"floor":7.0,"key":"REST"},{"floor":11.0,"key":"REST"},{"floor":15.0,"key":"REST"},{"floor":23,"key":"REST"},{"data":"1","floor":25,"key":"LIFT"},{"floor":32,"key":"REST"},{"data":"2","floor":40,"key":"LIFT"},{"data":"3","floor":42,"key":"LIFT"},{"data":"MokouMod:ProfanedFlare","floor":44,"key":"SMITH"},{"data":"MokouMod:BurningDraft","floor":49,"key":"SMITH"},{"data":"MokouMod:Overheat","floor":55,"key":"SMITH"},{"floor":57,"key":"REST"}],"circlet_count":0,"master_deck":["MokouMod:Strike","MokouMod:Strike","MokouMod:Strike","MokouMod:Strike","MokouMod:Strike","MokouMod:Defend","MokouMod:Defend","MokouMod:Defend","MokouMod:Defend","MokouMod:HeatSpark","MokouMod:Combust","MokouMod:Sear","MokouMod:Stoke","MokouMod:FlamingFireTalons","MokouMod:ScorchingColumn","MokouMod:FujiyamaVolcano","MokouMod:BurningDraft+1","infinitespire:Gouge","MokouMod:ProfanedFlare+1","MokouMod:HeatCyclone","MokouMod:Afterburner","MokouMod:HeartofFire","MokouMod:FlamingFireTalons+1","MokouMod:AdaptivePyromancy","WordoMod:Petrified","MokouMod:Refresh","MokouMod:ResonanceReactor","MokouMod:FujiyamaVolcano","MokouMod:Sear","Sickly","MokouMod:Ventilation","MokouMod:BurningDraft+1","infinitespire:Punishment","MokouMod:Firecracker+1","MokouMod:Overheat+1","Amnesia","MokouMod:HouraiForge+1","MokouMod:Sear+1","MokouMod:IgnitionBarrier+1","Doubt","MokouMod:Ember+1","MokouMod:ResoluteFlare+1","MokouMod:BlazingComet+1","Shame","MokouMod:ResonanceReactor+1","MokouMod:HeatCyclone+1"],"relics":["MokouMod:PhoenixFeather","Girya","Orichalcum","ClockworkSouvenir","Replay:Grab Bag","energizedSpire:CursedPentagram","energizedSpire:SpiderWeb","construct:ClawGrip","wanderingMiniBosses:Inkheart","aspiration:RitualStick","Bronze Scales","Letter Opener","HollowMod:StagPassRelic","aspiration:SecretTechniqueScroll","Sozu","ReplayTheSpireMod:Ring of Exchange","Ring of Greed","Golden Egg","MawBank","Blue Doll","Mirror","paleoftheancients:Timepiece","CultistMask","paleoftheancients:SoulOfTheShapes","hubris:Towel","Medical Kit","Boot","infinitespire:WardingShard"],"acts_visited":["Exordium","TheCity","TheCity","Gensokyo:Gensokyoest"],"potions_floor_usage":[21,33,33],"damage_taken":[{"damage":16.0,"enemies":"Gensokyo:Gryphon","floor":1.0,"turns":4.0},{"damage":1.0,"enemies":"Gensokyo:2_Kodama","floor":4.0,"turns":6.0},{"damage":9.0,"enemies":"Gensokyo:3_Fairies","floor":5.0,"turns":5.0},{"damage":66.0,"enemies":"Gensokyo:Cirno","floor":6.0,"turns":12.0},{"damage":16.0,"enemies":"Gensokyo:Kitsune","floor":8.0,"turns":4.0},{"damage":2.0,"enemies":"Gensokyo:3_Kodama","floor":10.0,"turns":4.0},{"damage":0.0,"enemies":"Gensokyo:LivingMonolith","floor":12.0,"turns":6.0},{"damage":23.0,"enemies":"Gensokyo:Kokoro","floor":16.0,"turns":10.0},{"damage":0,"enemies":"Chosen","floor":18,"turns":5},{"damage":4,"enemies":"Spheric Guardian","floor":20,"turns":3},{"damage":9,"enemies":"Snake Plant","floor":21,"turns":2},{"damage":23,"enemies":"conspire:HollyBat","floor":22,"turns":8},{"damage":11,"enemies":"HollowMod:Nosk","floor":27,"turns":5},{"damage":6,"enemies":"3 Cultists","floor":28,"turns":4},{"damage":0,"enemies":"Centurion and Healer","floor":31,"turns":3},{"damage":70,"enemies":"Champ","floor":33,"turns":7},{"damage":0,"enemies":"Gensokyo:3_Boulders","floor":35,"turns":3},{"damage":0,"enemies":"Gensokyo:AncientGuardian","floor":39,"turns":1},{"damage":2,"enemies":"Gensokyo:Doremy","floor":41,"turns":3},{"damage":0,"enemies":"Gensokyo:AtlasGolem","floor":45,"turns":2},{"damage":0,"enemies":"Gensokyo:4_Bats","floor":46,"turns":3},{"damage":0,"enemies":"Gensokyo:SeedOfUnknown","floor":48,"turns":2},{"damage":0,"enemies":"Gensokyo:Yuyuko","floor":50,"turns":4},{"damage":85,"enemies":"Gensokyo:Yuyuko","floor":51,"turns":4},{"damage":0,"enemies":"Gensokyo:Yuyuko","floor":52,"turns":3},{"damage":56,"enemies":"Gensokyo:Yuyuko","floor":56,"turns":8},{"damage":130,"enemies":"paleoftheancients:N","floor":60,"turns":7}],"seed_played":"-6097384022257197492","potions_obtained":[{"floor":4.0,"key":"GrandPatriotsElixir:ReiMu"},{"floor":6.0,"key":"Dexterity Potion"},{"floor":10.0,"key":"FearPotion"},{"floor":18,"key":"PowerPotion"},{"floor":22,"key":"Block Potion"},{"floor":31,"key":"Fire Potion"}],"is_trial":false,"path_per_floor":["M","?","$","M","M","E","R","M","T","M","R","M","$","?","R","B",null,"M","?","M","M","M","R","?","R","T","E","M","?","$","M","R","B",null,"M","AVR","?","?","M","R","E","R","T","R","M","M","?","M","R","B","M","M","?","$","R","M","R","T","?","B",null],"character_chosen":"MKU","items_purchased":["ClockworkSouvenir","MokouMod:ResonanceReactor","HollowMod:StagPassRelic","MokouMod:FujiyamaVolcano","Medical Kit","Boot","MokouMod:ResoluteFlare","MokouMod:BlazingComet","MokouMod:ResonanceReactor+1"],"campfire_rested":6,"item_purchase_floors":[13,30,30,30,54,54,54,54,54],"current_hp_per_floor":[66,82,82,81,72,6,30,14,14,12,36,36,36,17,41,18,82,82,82,78,69,46,70,54,54,54,43,37,37,37,37,61,20,82,82,82,82,82,82,82,80,80,80,80,80,80,80,80,80,82,82,82,82,82,82,54,78,78,78,51],"gold":29,"neow_bonus":"TEN_PERCENT_HP_BONUS","is_daily":false,"chose_seed":false,"campfire_upgraded":3,"win_rate":0.0,"timestamp":1612416379,"path_taken":["M","?","$","M","M","E","R","?","T","M","R","M","$","?","R","BOSS","M","?","M","M","?","R","?","R","T","E","M","?","$","M","R","BOSS","M","AVR","?","?","M","R","E","R","T","R","M","M","?","M","R","BOSS","M","M","?","$","R","M","R","T","?","BOSS"],"items_purchased_type":["Relic","Card","Relic","Card","Relic","Relic","Card","Card","Card"],"build_version":"2020-12-22","purchased_purges":1,"victory":true,"max_hp_per_floor":[82,82,82,82,82,82,82,82,82,82,82,82,82,82,82,82,82,82,82,82,82,82,82,82,82,82,82,82,82,82,82,82,82,82,82,82,82,82,82,82,82,82,82,82,82,82,82,82,82,82,82,82,82,82,82,82,82,82,82,82],"card_choices":[{"not_picked":["MokouMod:CrimsonFlare","MokouMod:BlazingComet"],"picked":"MokouMod:Combust","floor":1.0},{"not_picked":["MokouMod:Firecracker","MokouMod:ResonanceReactor"],"picked":"MokouMod:Sear","floor":4.0},{"not_picked":["MokouMod:ScorchingColumn","MokouMod:Sear"],"picked":"MokouMod:Stoke","floor":5.0},{"not_picked":["MokouMod:ShiftIgnition","MokouMod:Burn"],"picked":"MokouMod:FlamingFireTalons","floor":6.0},{"not_picked":["MokouMod:Firecracker","MokouMod:BurningDraft"],"picked":"MokouMod:ScorchingColumn","floor":8.0},{"not_picked":["MokouMod:FlareStarter","MokouMod:Ember"],"picked":"MokouMod:FujiyamaVolcano","floor":10.0},{"not_picked":["MokouMod:Overheat","MokouMod:Singe"],"picked":"MokouMod:BurningDraft","floor":12.0},{"not_picked":["infinitespire:Punishment","infinitespire:UltimateForm"],"picked":"infinitespire:Gouge","floor":14.0},{"not_picked":["MokouMod:PhoenixForm","MokouMod:ResonatingAura"],"picked":"MokouMod:ProfanedFlare","floor":16.0},{"not_picked":["MokouMod:FujiyamaVolcano","MokouMod:Stoke"],"picked":"MokouMod:HeatCyclone","floor":18},{"not_picked":["MokouMod:FujiyamaVolcano+1","MokouMod:TemporalFireSeal"],"picked":"MokouMod:HeartofFire","floor":20},{"not_picked":["MokouMod:IcarusDive","MokouMod:InfernalWave"],"picked":"MokouMod:FlamingFireTalons+1","floor":21},{"not_picked":["MokouMod:FlickeringFlame","MokouMod:Meltdown"],"picked":"MokouMod:AdaptivePyromancy","floor":22},{"not_picked":["MokouMod:BurningDraft+1","MokouMod:AdaptivePyromancy"],"picked":"MokouMod:RetainTemperature+1","floor":27},{"not_picked":["MokouMod:Stoke","MokouMod:UncontrollableSolarReaction"],"picked":"MokouMod:Refresh","floor":28},{"not_picked":["MokouMod:BurningDraft","MokouMod:UncontrollableSolarReaction+1"],"picked":"MokouMod:Sear","floor":31},{"not_picked":["MokouMod:Rekindle","MokouMod:Geothermal"],"picked":"MokouMod:Ventilation","floor":33},{"not_picked":["MokouMod:InfernalWave","MokouMod:PhoenixFeathers+1"],"picked":"MokouMod:BurningDraft+1","floor":35},{"not_picked":["MokouMod:UncontrollableSolarReaction+1","MokouMod:AdaptivePyromancy+1"],"picked":"MokouMod:Firecracker+1","floor":39},{"not_picked":["MokouMod:BurningDraft+1","MokouMod:HeartofFire"],"picked":"MokouMod:Overheat","floor":41},{"not_picked":["MokouMod:RetainTemperature+1","MokouMod:RoaringFlare+1"],"picked":"MokouMod:HouraiForge","floor":45},{"not_picked":["MokouMod:EternalBurstReactor+1","MokouMod:Singe+1"],"picked":"MokouMod:Sear+1","floor":46},{"not_picked":["MokouMod:IndiscriminateIgnition+1","MokouMod:Trailblazer+1"],"picked":"MokouMod:IgnitionBarrier+1","floor":48},{"not_picked":["MokouMod:Sear","MokouMod:Combust"],"picked":"MokouMod:Ember+1","floor":52},{"not_picked":["MokouMod:Cataclysm","MokouMod:FlareStarter"],"picked":"MokouMod:HeatCyclone+1","floor":56}],"player_experience":317187,"relics_obtained":[{"floor":6.0,"key":"Girya"},{"floor":9.0,"key":"Orichalcum"},{"floor":22,"key":"wanderingMiniBosses:Inkheart"},{"floor":26,"key":"Bronze Scales"},{"floor":27,"key":"Letter Opener"},{"floor":38,"key":"ReplayTheSpireMod:Ring of Exchange"},{"floor":38,"key":"Ring of Greed"},{"floor":38,"key":"Golden Egg"},{"floor":38,"key":"MawBank"},{"floor":41,"key":"Blue Doll"},{"floor":43,"key":"Mirror"},{"floor":52,"key":"paleoftheancients:SoulOfTheShapes"},{"floor":58,"key":"infinitespire:WardingShard"}],"event_choices":[{"damage_healed":0,"gold_gain":0,"player_choice":"Read","damage_taken":0,"max_hp_gain":0,"max_hp_loss":0,"event_name":"The Library","floor":19,"gold_loss":0,"cards_obtained":["MokouMod:Afterburner"]},{"damage_healed":0,"gold_gain":99,"player_choice":"Stole From Cult","damage_taken":0,"max_hp_gain":0,"max_hp_loss":0,"event_name":"Nest","floor":29,"gold_loss":0}],"is_beta":false,"boss_relics":[{"not_picked":["Astrolabe","aspiration:IroncladSkillbook"],"picked":"Replay:Grab Bag"},{"not_picked":["hubris:CrackedHourglass","conspire:RoyalGoblet"],"picked":"energizedSpire:CursedPentagram"},{"not_picked":["ChewingGum","ReplayTheSpireMod:DimensionalGlitch"],"picked":"energizedSpire:SpiderWeb"},{"not_picked":["Pandora\u0027s Box","construct:WeddingRing"],"picked":"construct:ClawGrip"},{"not_picked":["aspiration:DefectSkillbook","aspiration:MarisaSkillbook"],"picked":"aspiration:SecretTechniqueScroll"}],"items_purged_floors":[54],"is_endless":false,"potions_floor_spawned":[4,6,10,18,22,27,31,39,48,52],"ascension_level":0}}