{"host":"y1oqg7uy0jc6f5mb","time":1612424843,"event":{"mods":["AchievementEnabler","BaseMod","Better Altar","Better Match","Better Note","Better Sensory Stone","Better Skull","Better Third Choice","BetterRewards","Colored Map","Colored Powertips","Downfall","Highlight Path","Ironclad Rager","Minty Spire (QoL Compilation)","Permanent Neow","Quick Restart","Relic Stats","Replay The Spire","Shop Mod","Smile Girya","StSLib"],"gold_per_floor":[115,130,130,142,32,32,32,32,83,83,109,109,126,140,140,217,267,283,283,21,21,21,21,21,21],"floor_reached":24,"language":"ENG","playtime":1194,"items_purged":["Strike_R","Spreading Infection"],"score":326,"play_id":"e6a39f3e-b966-4dd5-a403-2e7b78fb49a5","local_time":"20210204154723","is_ascension_mode":true,"campfire_choices":[{"data":"True Grit","floor":6.0,"key":"SMITH"},{"data":"Neutralize","floor":8.0,"key":"SMITH"},{"data":"Armaments","floor":12.0,"key":"SMITH"},{"data":"Carnage","floor":15.0,"key":"SMITH"},{"floor":23.0,"key":"REST"}],"circlet_count":0,"master_deck":["AscendersBane","Strike_R","Strike_R","Strike_R","Defend_R+1","Defend_R","Defend_R","Defend_R","Carnage+1","True Grit+1","Life Link+1","Survivor","Neutralize+1","Armaments+1","Run Through","Thunderclap","Limit Break","Uppercut","Flame Barrier+1","RitualDagger","Sword Boomerang"],"relics":["Burning Blood","Dream Catcher","Tiny House","Nloth\u0027s Gift","ReplayTheSpireMod:CursedCoin","Nunchaku","Regal Pillow"],"acts_visited":["Exordium","TheCity"],"potions_floor_usage":[24,24],"damage_taken":[{"damage":24.0,"enemies":"Jaw Worm","floor":1.0,"turns":7.0},{"damage":9.0,"enemies":"2 Louse","floor":2.0,"turns":3.0},{"damage":15.0,"enemies":"Small Slimes","floor":4.0,"turns":3.0},{"damage":15.0,"enemies":"Gremlin Nob","floor":11.0,"turns":4.0},{"damage":0.0,"enemies":"Blue Slaver","floor":13.0,"turns":3.0},{"damage":12.0,"enemies":"Exordium Thugs","floor":14.0,"turns":5.0},{"damage":31.0,"enemies":"Fading Forest","floor":16.0,"turns":11.0},{"damage":27.0,"enemies":"2 Thieves","floor":18.0,"turns":5.0},{"damage":89,"enemies":"Gremlin Leader","floor":24,"turns":7}],"seed_played":"6614168526065574066","potions_obtained":[{"floor":1.0,"key":"Regen Potion"},{"floor":2.0,"key":"Ancient Potion"},{"floor":14.0,"key":"Dexterity Potion"}],"is_trial":false,"path_per_floor":["M","M","?","M","$","R","?","R","T","?","E","R","M","M","R_BF","B",null,"M","?","$","?","$","R","E"],"character_chosen":"IRONCLAD","items_purchased":["Life Link","ReplayTheSpireMod:CursedCoin","Nunchaku","Regal Pillow"],"campfire_rested":1,"item_purchase_floors":[5,20,20,20],"current_hp_per_floor":[57,54,54,45,45,45,45,45,45,45,45,45,51,45,45,28,74,53,53,53,47,47,87,0,0],"gold":21,"neow_bonus":"TEN_PERCENT_HP_BONUS","is_daily":false,"chose_seed":false,"campfire_upgraded":4,"win_rate":0.0,"timestamp":1612424843,"path_taken":["M","M","?","M","$","R","?","R","T","?","E","R","M","M","R_BF","BOSS","M","?","?","?","$","R","E"],"items_purchased_type":["Card","Relic","Relic","Relic"],"build_version":"2020-12-22","purchased_purges":2,"victory":false,"max_hp_per_floor":[82,82,82,82,82,82,82,82,82,82,82,82,82,82,82,82,87,87,87,87,87,87,87,87,87],"relic_stats":{"Dream Catcher":1,"Nunchaku":[0],"Regal Pillow":14,"counters":[9,48],"Nloth\u0027s Gift":0,"obtain_stats":[{"Dream Catcher":9,"Nunchaku":20,"Regal Pillow":20,"Tiny House":17,"Ornamental Fan":11,"ReplayTheSpireMod:CursedCoin":20,"Nloth\u0027s Gift":19,"Burning Blood":0},{"Dream Catcher":3,"Nunchaku":8,"Regal Pillow":8,"Tiny House":7,"Ornamental Fan":4,"ReplayTheSpireMod:CursedCoin":8,"Nloth\u0027s Gift":8,"Burning Blood":0},{"Dream Catcher":13,"Nunchaku":41,"Regal Pillow":41,"Tiny House":36,"Ornamental Fan":17,"ReplayTheSpireMod:CursedCoin":41,"Nloth\u0027s Gift":41,"Burning Blood":0}],"Burning Blood":48},"card_choices":[{"not_picked":["Twin Strike","Sever Soul"],"picked":"Carnage","floor":1.0},{"not_picked":["Dual Wield","Perfected Strike","Wild Strike"],"picked":"SKIP","floor":2.0},{"not_picked":["Heavy Blade","Anger"],"picked":"True Grit","floor":4.0},{"not_picked":["Demonic Infusion","Flex"],"picked":"Armaments","floor":11.0},{"not_picked":["Armaments","Reckless Charge"],"picked":"Run Through","floor":13.0},{"not_picked":["Infernal Blade","Run Through"],"picked":"Thunderclap","floor":14.0},{"not_picked":["Eclipse","Fiend Fire"],"picked":"Limit Break","floor":16.0},{"not_picked":["Run Through","Sword Boomerang"],"picked":"Uppercut","floor":17.0},{"not_picked":["Shockwave","Pommel Strike"],"picked":"Flame Barrier+1","floor":18.0},{"not_picked":["Bloodletting","Wild Strike"],"picked":"Sword Boomerang","floor":23.0}],"player_experience":359680,"relics_obtained":[{"floor":9.0,"key":"Dream Catcher"},{"floor":11.0,"key":"Ornamental Fan"}],"event_choices":[{"cards_removed":["Strike_R"],"damage_healed":0.0,"max_hp_gain":0.0,"max_hp_loss":0.0,"gold_gain":0.0,"event_name":"Living Wall","player_choice":"Forget","floor":3.0,"gold_loss":0.0,"damage_taken":0.0},{"damage_healed":0.0,"max_hp_gain":0.0,"max_hp_loss":0.0,"gold_gain":0.0,"event_name":"N\u0027loth","player_choice":"Traded Relic","floor":19.0,"relics_lost":["Ornamental Fan"],"gold_loss":0.0,"damage_taken":0.0,"relics_obtained":["Nloth\u0027s Gift"]},{"damage_healed":0.0,"max_hp_gain":0.0,"max_hp_loss":0.0,"gold_gain":0.0,"event_name":"betterThird:BetterNest","player_choice":"Dagger","floor":21.0,"gold_loss":0.0,"damage_taken":6.0,"cards_obtained":["RitualDagger"]}],"is_beta":false,"boss_relics":[{"not_picked":["Velvet Choker","Ectoplasm"],"picked":"Tiny House"}],"items_purged_floors":[5,20],"is_endless":false,"potions_floor_spawned":[1,2,14,16,18],"killed_by":"Gremlin Leader","ascension_level":14}}