{"host":"uy3vg6glkp8m6iit","time":1612428619,"event":{"mods":["AchievementEnabler","BaseMod","Colored Map","DeckTracker","Highlight Path","Keyboard Shortcuts","Minty Spire (QoL Compilation)","Quick Restart","Random Character Button","Rare Cards Sparkle","Relic Stats","StSLib","everything is the same but u backflip on backflip"],"gold_per_floor":[116,116,16,26,42,42,74,74,101,126,141,160,187,262,262,337,337,355,280,280,233,43,71,71,90,90,120,136,136,136],"floor_reached":29,"language":"KOR","playtime":1380,"items_purged":["Clumsy","Strike_G","Strike_G"],"score":524,"play_id":"52abdc96-ee1e-4f1f-9521-f6a204c9b941","local_time":"20210204175019","is_ascension_mode":true,"campfire_choices":[{"data":"Slice","floor":6.0,"key":"SMITH"},{"floor":8.0,"key":"REST"},{"floor":15.0,"key":"REST"},{"data":"Malaise","floor":24.0,"key":"SMITH"}],"circlet_count":0,"master_deck":["AscendersBane","Strike_G","Strike_G","Strike_G","Defend_G","Defend_G","Defend_G","Defend_G","Defend_G","Survivor","Neutralize","Slice+1","Backflip","Venomology","Quick Slash","Poisoned Stab","Dash","Terror","Malaise+1","Deadly Poison","Noxious Fumes","Bouncing Flask+1","Deflect+1"],"relics":["Ring of the Snake","Incense Burner","Smiling Mask","Pen Nib","Anchor","Omamori","SacredBark","Ice Cream","Blood Vial","Gremlin Horn","White Beast Statue"],"acts_visited":["Exordium","TheCity"],"potions_floor_usage":[28,28,29,29],"damage_taken":[{"damage":6.0,"enemies":"Cultist","floor":1.0,"turns":5.0},{"damage":0.0,"enemies":"Jaw Worm","floor":4.0,"turns":3.0},{"damage":7.0,"enemies":"Small Slimes","floor":5.0,"turns":7.0},{"damage":22.0,"enemies":"3 Sentries","floor":7.0,"turns":12.0},{"damage":16.0,"enemies":"Gremlin Nob","floor":10.0,"turns":3.0},{"damage":0.0,"enemies":"Blue Slaver","floor":11.0,"turns":3.0},{"damage":1.0,"enemies":"3 Louse","floor":12.0,"turns":6.0},{"damage":16.0,"enemies":"Lagavulin","floor":13.0,"turns":8.0},{"damage":6.0,"enemies":"The Guardian","floor":16.0,"turns":14.0},{"damage":0.0,"enemies":"Chosen","floor":18.0,"turns":6.0},{"damage":2.0,"enemies":"2 Thieves","floor":21.0,"turns":5.0},{"damage":9.0,"enemies":"Gremlin Leader","floor":23.0,"turns":7.0},{"damage":16.0,"enemies":"3 Cultists","floor":25.0,"turns":4.0},{"damage":14.0,"enemies":"Book of Stabbing","floor":27.0,"turns":7.0},{"damage":7,"enemies":"Snecko","floor":28,"turns":5},{"damage":20,"enemies":"Gremlin Leader","floor":29,"turns":4}],"seed_played":"7898987615193477230","potions_obtained":[{"floor":2.0,"key":"GamblersBrew"},{"floor":2.0,"key":"SpeedPotion"},{"floor":5.0,"key":"GhostInAJar"},{"floor":7.0,"key":"Strength Potion"},{"floor":12.0,"key":"DistilledChaos"},{"floor":16.0,"key":"Block Potion"},{"floor":21.0,"key":"Weak Potion"},{"floor":28,"key":"Strength Potion"}],"is_trial":false,"path_per_floor":["M","?","$","M","M","R","E","R","T","E","M","M","E","?","R","B",null,"M","$","?","M","$","E","R","M","T","E","M","E"],"character_chosen":"THE_SILENT","items_purchased":["Backflip","Deadly Poison","Strength Potion","Noxious Fumes"],"campfire_rested":2,"item_purchase_floors":[3,19,22,22],"current_hp_per_floor":[53,53,53,53,46,46,24,43,43,27,27,26,25,14,33,27,56,56,56,56,54,54,45,45,31,31,19,14,0,0],"gold":136,"neow_bonus":"ONE_RARE_RELIC","is_daily":false,"chose_seed":false,"campfire_upgraded":2,"win_rate":0.0,"timestamp":1612428619,"path_taken":["M","?","$","M","M","R","E","R","T","E","?","M","E","?","R","BOSS","M","$","?","M","$","E","R","M","T","E","M","E"],"items_purchased_type":["Card","Card","Potion","Card"],"build_version":"2020-12-22","purchased_purges":3,"victory":false,"max_hp_per_floor":[66,66,66,66,66,66,66,66,66,66,66,66,66,66,66,66,66,66,66,66,66,66,66,66,66,66,66,66,66,66],"relic_stats":{"Blood Vial":8,"Gremlin Horn":[3,3],"counters":[16,99],"Pen Nib":[12],"Smiling Mask":125,"obtain_stats":[{"Ice Cream":20,"Blood Vial":23,"Anchor":10,"Gremlin Horn":26,"SacredBark":17,"Pen Nib":9,"Incense Burner":0,"Omamori":13,"Smiling Mask":7,"White Beast Statue":27,"Ring of the Snake":0},{"Ice Cream":10,"Blood Vial":12,"Anchor":5,"Gremlin Horn":13,"SacredBark":9,"Pen Nib":4,"Incense Burner":0,"Omamori":8,"Smiling Mask":4,"White Beast Statue":14,"Ring of the Snake":0},{"Ice Cream":67,"Blood Vial":79,"Anchor":30,"Gremlin Horn":83,"SacredBark":61,"Pen Nib":27,"Incense Burner":0,"Omamori":47,"Smiling Mask":27,"White Beast Statue":90,"Ring of the Snake":0}],"Ring of the Snake":[32]},"card_choices":[{"not_picked":["Outmaneuver","Distraction"],"picked":"Slice","floor":1.0},{"not_picked":["Acrobatics","Backflip","Blur"],"picked":"SKIP","floor":4.0},{"not_picked":["Dodge and Roll","Escape Plan"],"picked":"Venomology","floor":5.0},{"not_picked":["Leg Sweep","Backflip"],"picked":"Quick Slash","floor":7.0},{"not_picked":["Cloak And Dagger","Outmaneuver"],"picked":"Poisoned Stab","floor":10.0},{"not_picked":["Flying Knee","Backflip"],"picked":"Dash","floor":11.0},{"not_picked":["Deflect","Leg Sweep","Prepared"],"picked":"SKIP","floor":12.0},{"not_picked":["Storm of Steel","Dagger Throw"],"picked":"Terror","floor":13.0},{"not_picked":["After Image","Wraith Form v2"],"picked":"Malaise","floor":16.0},{"not_picked":["Poisoned Stab","Cloak And Dagger","Dodge and Roll"],"picked":"SKIP","floor":18.0},{"not_picked":["Predator+1","Underhanded Strike","Acrobatics"],"picked":"SKIP","floor":21.0},{"not_picked":["Choke","Skewer"],"picked":"Bouncing Flask+1","floor":23.0},{"not_picked":["Flechettes","Dagger Throw"],"picked":"Deflect+1","floor":25.0},{"not_picked":["Leg Sweep","Infinite Blades","Terror"],"picked":"SKIP","floor":27.0},{"not_picked":["Quick Slash","Sucker Punch","Endless Agony+1"],"picked":"SKIP","floor":28}],"player_experience":1505320,"relics_obtained":[{"floor":7.0,"key":"Smiling Mask"},{"floor":9.0,"key":"Pen Nib"},{"floor":10.0,"key":"Anchor"},{"floor":13.0,"key":"Omamori"},{"floor":23.0,"key":"Blood Vial"},{"floor":26.0,"key":"Gremlin Horn"},{"floor":27.0,"key":"White Beast Statue"}],"event_choices":[{"damage_healed":0.0,"max_hp_gain":0.0,"max_hp_loss":0.0,"gold_gain":0.0,"event_name":"Lab","player_choice":"Got Potions","floor":2.0,"gold_loss":0.0,"damage_taken":0.0},{"damage_healed":0.0,"max_hp_gain":0.0,"max_hp_loss":0.0,"gold_gain":75.0,"event_name":"World of Goop","player_choice":"Gather Gold","floor":14.0,"gold_loss":0.0,"damage_taken":11.0},{"damage_healed":0.0,"max_hp_gain":0.0,"max_hp_loss":0.0,"gold_gain":0.0,"event_name":"The Mausoleum","player_choice":"Opened","floor":20.0,"gold_loss":0.0,"damage_taken":0.0,"relics_obtained":["Ice Cream"],"cards_obtained":["Writhe"]}],"is_beta":false,"boss_relics":[{"not_picked":["Velvet Choker","Cursed Key"],"picked":"SacredBark"}],"items_purged_floors":[3,19,22],"is_endless":false,"potions_floor_spawned":[5,7,11,12,16,21,23,28],"killed_by":"Gremlin Leader","ascension_level":17}}