{"host":"61ejhfsushs0xmcl","time":1612429868,"event":{"mods":["ATMod(°¢èªMod)","Act Like it!","BaseMod","Colored Map","Gold Saver","Minty Spire (QoL Compilation)","MostiFishMod","Reliquary","Spicy Shops","StSLib","TestMod","[IsaacMod]ÒÔÈö¼âËþ","¡¾ÒÅÎï¿¨ÅÆ¡¿REMEMod","óô»ðÖ¸ÄÏ"],"gold_per_floor":[1809,1822,1837,1848,1848,1877,1877,1912,1912,1180,1213,921,593,610,141,315,315,334,413,424,340,367,513,438,580,580,607,744,771,799,948,149,341,341,366,366,366,366,602,712,712],"floor_reached":41,"language":"ZHS","playtime":1355,"items_purged":["Strike_G","Strike_G","Strike_G","Defend_G","Defend_G","Strike_G","Survivor"],"score":2203,"play_id":"020be7a0-7619-4cb5-a6e9-7080989d33fa","local_time":"20210204171108","is_ascension_mode":true,"campfire_choices":[{"data":"REME_ACTH","floor":7.0,"key":"SMITH"},{"data":"Catalyst","floor":36,"key":"SMITH"},{"floor":37,"key":"RECALL"}],"circlet_count":0,"master_deck":["AscendersBane","Defend_G","Neutralize","AT_FocusSwordFire+1","REME_ACTH+1","REME_GreenPollution","Acrobatics","Unload","Escape Plan","Acrobatics","Catalyst+1","REME_GreenPollution","Malaise","REME_GreenPollution","Calculated Gamble","Burst","Catalyst","MostiFishMod:HiddenBlade"],"relics":["Ring of the Snake","testmod-TestBox","DaveBox","AT_ATBox","REME_ComplimentaryCards","HushsDoor","HowToJump","testmod-Maize","ShadowXiaoBlade","reliquary:Pushpin","SynthV:TestCard","Bronze Scales","AT_GuinsooRageblade","Dodecahedron","AT_SeraphEmbrace","testmod-IWantAll","PreservedInsect","Mercury Hourglass","AT_TheCollector","testmod-InjuryResistance","AT_ChloranthyRing","testmod-Justice","OrangePellets","Empty Cage","SatanicBible","testmod-Acrobat","SynthV:C4","Juzu Bracelet","testmod-LifeArmor","GnawedLeaf","AnarchistCookbook","Civilization","DianPoetry","Orrery","BloodDonationMachine"],"acts_visited":["Exordium","TheCity","TheBeyond","TheEnding","TheEnding","TheEnding","TheEnding","TheEnding","TheEnding"],"potions_floor_usage":[41,41],"damage_taken":[{"damage":0.0,"enemies":"Small Slimes","floor":1.0,"turns":2.0},{"damage":0.0,"enemies":"Cultist","floor":2.0,"turns":2.0},{"damage":8.0,"enemies":"2 Louse","floor":3.0,"turns":2.0},{"damage":0.0,"enemies":"Red Slaver","floor":4.0,"turns":2.0},{"damage":0.0,"enemies":"3 Sentries","floor":6.0,"turns":4.0},{"damage":3.0,"enemies":"Gremlin Nob","floor":8.0,"turns":3.0},{"damage":0.0,"enemies":"Lagavulin","floor":11.0,"turns":1.0},{"damage":0.0,"enemies":"Looter","floor":14.0,"turns":1.0},{"damage":0.0,"enemies":"Hexaghost","floor":16.0,"turns":2.0},{"damage":0.0,"enemies":"2 Thieves","floor":18.0,"turns":1.0},{"damage":0.0,"enemies":"Spheric Guardian","floor":20.0,"turns":1.0},{"damage":0.0,"enemies":"Chosen and Byrds","floor":22.0,"turns":2.0},{"damage":0.0,"enemies":"Book of Stabbing","floor":23.0,"turns":1.0},{"damage":0.0,"enemies":"Gremlin Leader","floor":25.0,"turns":1.0},{"damage":0.0,"enemies":"Snecko","floor":27.0,"turns":1.0},{"damage":0.0,"enemies":"Slavers","floor":28.0,"turns":1.0},{"damage":0.0,"enemies":"Centurion and Healer","floor":29.0,"turns":1.0},{"damage":0.0,"enemies":"Snake Plant","floor":30.0,"turns":1.0},{"damage":0.0,"enemies":"Book of Stabbing","floor":31.0,"turns":1.0},{"damage":0.0,"enemies":"Collector","floor":33.0,"turns":1.0},{"damage":0.0,"enemies":"Orb Walker","floor":35.0,"turns":1.0},{"damage":0,"enemies":"Shield and Spear","floor":40,"turns":2},{"damage":0,"enemies":"The Heart","floor":41,"turns":3}],"seed_played":"-3009361759140349487","potions_obtained":[{"floor":1.0,"key":"Explosive Potion"},{"floor":2.0,"key":"DuplicationPotion"},{"floor":8.0,"key":"Energy Potion"},{"floor":22.0,"key":"Explosive Potion"},{"floor":30.0,"key":"testmod-SpacePotion"},{"floor":31.0,"key":"Strength Potion"},{"floor":40,"key":"FairyPotion"}],"is_trial":false,"path_per_floor":["M","M","M","M","?","E","R","E","T","$","E","$","R","M","R","B",null,"M","?","M","$","M","E","?","E","T","M","E","M","M","E","R","B",null,"M","R","R","$","E","B"],"character_chosen":"THE_SILENT","items_purchased":["Dodecahedron","AT_ArchangelStaff","testmod-IWantAll","PreservedInsect","AT_TheCollector","Acrobatics","testmod-InjuryResistance","AT_ChloranthyRing","REME_GreenPollution","testmod-Justice","OrangePellets","SatanicBible","testmod-Acrobat","Civilization","DianPoetry","Orrery"],"campfire_rested":0,"item_purchase_floors":[10,10,10,10,12,12,13,13,15,15,15,17,21,32,32,32],"current_hp_per_floor":[59,59,51,51,51,51,51,48,48,48,48,48,48,48,48,48,45,45,30,30,30,30,30,30,30,30,30,30,30,30,30,30,31,42,47,48,48,41,45,50,50],"gold":712,"neow_bonus":"ONE_RARE_RELIC","is_daily":false,"chose_seed":false,"campfire_upgraded":2,"win_rate":0.0,"timestamp":1612429868,"path_taken":["M","M","M","M","?","E","R","E","T","?","E","$","R","M","R","BOSS","M","?","M","$","?","E","?","E","T","M","E","M","M","E","R","BOSS","M","R","R","$","E","BOSS"],"items_purchased_type":["Relic","Relic","Relic","Relic","Relic","Card","Relic","Relic","Card","Relic","Relic","Relic","Relic","Relic","Relic","Relic"],"build_version":"2020-12-22","purchased_purges":7,"victory":false,"max_hp_per_floor":[60,60,60,60,60,60,60,60,60,60,60,60,60,60,60,60,45,45,45,45,45,45,45,45,45,45,45,45,45,45,45,45,46,46,48,48,48,41,45,50,50],"card_choices":[{"not_picked":["Poisoned Stab","Cloak And Dagger","PiercingWail"],"picked":"SKIP","floor":1.0},{"not_picked":["All Out Attack","Well Laid Plans","Flying Knee","Acrobatics"],"picked":"REME_GreenPollution","floor":2.0},{"not_picked":["Slice","AT_WindFlip","Noxious Fumes","Tools of the Trade"],"picked":"Acrobatics","floor":3.0},{"not_picked":["Blade Dance","Dash","Slice","Leg Sweep","Deadly Poison"],"picked":"SKIP","floor":4.0},{"not_picked":["MostiFishMod:VineMother","Bane","Prepared","Blade Dance","AT_TinkerSharpsword"],"picked":"SKIP","floor":6.0},{"not_picked":["AT_WomanClash","Sucker Punch","Masterful Stab","AT_ArcaneSupremacy"],"picked":"Unload","floor":8.0},{"not_picked":["Backflip","Quick Slash","Doppelganger","MostiFishMod:PoisonShield"],"picked":"Escape Plan","floor":11.0},{"not_picked":["Setup","Bane","Acrobatics","Slice"],"picked":"Catalyst","floor":14.0},{"not_picked":["REME_LeechingPoison","Phantasmal Killer","Grand Finale","MostiFishMod:WinterMarkForm"],"picked":"Malaise","floor":16.0},{"not_picked":["Caltrops","Dagger Spray","Skewer","PiercingWail","Accuracy"],"picked":"SKIP","floor":18.0},{"not_picked":["PiercingWail","Masterful Stab","Footwork","Poisoned Stab"],"picked":"MostiFishMod:FullyArmed","floor":20.0},{"not_picked":["Flying Knee","All Out Attack","Outmaneuver","Cloak And Dagger","Dagger Spray"],"picked":"SKIP","floor":22.0},{"not_picked":["Accuracy","Slice","Sucker Punch","Deflect","Predator"],"picked":"SKIP","floor":23.0},{"not_picked":["Poisoned Stab","Dagger Spray","Prepared","Deadly Poison"],"picked":"REME_GreenPollution","floor":25.0},{"not_picked":["Backflip","Flying Knee+1","Sucker Punch","PiercingWail"],"picked":"Calculated Gamble","floor":27.0},{"not_picked":["Doppelganger","MostiFishMod:Listen","PiercingWail","Flying Knee","MostiFishMod:ThornCasing"],"picked":"SKIP","floor":28.0},{"not_picked":["AT_WindFlip","Flying Knee","Backstab","Terror","Concentrate"],"picked":"SKIP","floor":29.0},{"not_picked":["Prepared","Leg Sweep","AT_WindFlip","Deadly Poison+1"],"picked":"Burst","floor":30.0},{"not_picked":["Footwork","MostiFishMod:InvigoratingSolution+1","Predator","Cloak And Dagger","REME_LeechingPoison"],"picked":"SKIP","floor":31.0},{"not_picked":["AT_ShadowStep","AT_WindFlip","Outmaneuver","Riddle With Holes"],"picked":"Catalyst","floor":32.0},{"not_picked":["AT_MyraUnstableElement","MostiFishMod:SpreadingSpore","MostiFishMod:ShivMaster","Envenom"],"picked":"MostiFishMod:HiddenBlade","floor":33.0},{"not_picked":["Poisoned Stab+1","MostiFishMod:InvigoratingSolution","Slice","Deflect","Cloak And Dagger"],"picked":"SKIP","floor":35},{"not_picked":["Prepared","Bane+1","Slice+1","Deflect+1","REME_CopyPotion"],"picked":"SKIP","floor":40}],"player_experience":846856,"relics_obtained":[{"floor":1.0,"key":"SynthV:TestCard"},{"floor":6.0,"key":"Bronze Scales"},{"floor":8.0,"key":"AT_GuinsooRageblade"},{"floor":11.0,"key":"Mercury Hourglass"},{"floor":23.0,"key":"SynthV:C4"},{"floor":25.0,"key":"Juzu Bracelet"},{"floor":26.0,"key":"testmod-LifeArmor"},{"floor":28.0,"key":"GnawedLeaf"},{"floor":31.0,"key":"AnarchistCookbook"},{"floor":40,"key":"BloodDonationMachine"}],"event_choices":[{"damage_healed":0.0,"max_hp_gain":0.0,"max_hp_loss":0.0,"gold_gain":0.0,"event_name":"Upgrade Shrine","player_choice":"Upgraded","floor":5.0,"gold_loss":0.0,"damage_taken":0.0,"cards_upgraded":["AT_FocusSwordFire"]},{"cards_removed":["Defend_G"],"damage_healed":0.0,"max_hp_gain":0.0,"max_hp_loss":0.0,"gold_gain":0.0,"event_name":"Beggar","player_choice":"Gave Gold","floor":24.0,"gold_loss":75.0,"damage_taken":0.0}],"is_beta":false,"boss_relics":[{"not_picked":["Ring of the Serpent","testmod-BloodSacrificeSpiritualization"],"picked":"Empty Cage"},{"not_picked":[]},{"not_picked":[]},{"not_picked":[]},{"not_picked":[]},{"not_picked":[]},{"not_picked":[]},{"not_picked":[]},{"not_picked":[]},{"not_picked":[]}],"items_purged_floors":[10,12,15,17,32,32,39],"is_endless":false,"potions_floor_spawned":[1,2,8,11,16,20,22,29,30,31,33,35,40],"killed_by":"The Heart","ascension_level":20}}