{"host":"8rgpnls124hwjv5t","time":1612399222,"event":{"mods":["BaseMod","Colored Map","Colored Powertips","DeckTracker","Highlight Path","Minty Spire (QoL Compilation)","Permanent Neow","Quick Restart","Relic Stats","Shop Mod","StSLib"],"gold_per_floor":[118,35,54,66,85,85,85,85,85,85,85,85,118,136,136,227,227,247,261,284,284,284,284],"floor_reached":22,"language":"ENG","playtime":1324,"items_purged":[],"score":372,"play_id":"7d9b5a4d-3a8a-4e28-a59f-1aea50755436","local_time":"20210203194022","is_ascension_mode":true,"campfire_choices":[{"floor":6,"key":"REST"},{"data":"Caltrops","floor":8,"key":"SMITH"},{"data":"Caltrops","floor":10,"key":"SMITH"},{"floor":12,"key":"REST"},{"data":"Blur","floor":15,"key":"SMITH"}],"circlet_count":0,"master_deck":["AscendersBane","Strike_G","Strike_G","Strike_G","Strike_G","Strike_G","Defend_G","Defend_G","Defend_G","Defend_G","Defend_G","Survivor","Neutralize","Deflect","Caltrops+1","Sucker Punch","Caltrops+1","Predator+1","Poisoned Stab","Blur+1","Bullet Time","Well Laid Plans","Acrobatics","Blur+1"],"relics":["Ring of the Snake","Gremlin Horn","Golden Idol","Bottled Flame","Snecko Eye"],"acts_visited":["Exordium","TheCity"],"potions_floor_usage":[5,5,13,16,20],"damage_taken":[{"damage":9,"enemies":"Cultist","floor":1,"turns":5},{"damage":3,"enemies":"Jaw Worm","floor":3,"turns":6},{"damage":0,"enemies":"2 Louse","floor":4,"turns":3},{"damage":8,"enemies":"Exordium Wildlife","floor":5,"turns":6},{"damage":20,"enemies":"Lagavulin","floor":13,"turns":8},{"damage":0,"enemies":"2 Fungi Beasts","floor":14,"turns":4},{"damage":15,"enemies":"Hexaghost","floor":16,"turns":9},{"damage":7,"enemies":"2 Thieves","floor":18,"turns":4},{"damage":30,"enemies":"Shell Parasite","floor":19,"turns":6},{"damage":15,"enemies":"Snecko","floor":20,"turns":6},{"damage":22,"enemies":"Sentry and Sphere","floor":22,"turns":4}],"seed_played":"-8093103308661547693","potions_obtained":[{"floor":0,"key":"DuplicationPotion"},{"floor":0,"key":"Swift Potion"},{"floor":1,"key":"Fire Potion"},{"floor":5,"key":"Fruit Juice"},{"floor":13,"key":"ColorlessPotion"},{"floor":14,"key":"GhostInAJar"},{"floor":19,"key":"CunningPotion"}],"is_trial":false,"path_per_floor":["M","$","M","M","M","R","?","R","T","R","?","R","E","M","R","B",null,"M","M","M","?","M"],"character_chosen":"THE_SILENT","items_purchased":["Caltrops"],"campfire_rested":2,"item_purchase_floors":[2],"current_hp_per_floor":[50,50,47,47,44,65,65,65,65,65,41,62,42,42,42,27,60,53,23,8,22,0,0],"gold":284,"neow_bonus":"THREE_SMALL_POTIONS","is_daily":false,"chose_seed":false,"campfire_upgraded":3,"win_rate":0.0,"timestamp":1612399222,"path_taken":["M","?","?","M","?","R","?","R","T","R","?","R","E","M","R","BOSS","M","M","M","?","M"],"items_purchased_type":["Card"],"build_version":"2020-12-22","purchased_purges":0,"victory":false,"max_hp_per_floor":[66,66,66,66,71,71,71,71,71,71,71,71,71,71,71,71,71,71,71,71,71,71,71],"relic_stats":{"Gremlin Horn":[2,3],"counters":[11,61],"Golden Idol":41,"Snecko Eye":[32,37,51,38],"obtain_stats":[{"Bottled Flame":13,"Gremlin Horn":9,"Golden Idol":11,"Snecko Eye":17,"Ring of the Snake":0},{"Bottled Flame":5,"Gremlin Horn":4,"Golden Idol":4,"Snecko Eye":7,"Ring of the Snake":0},{"Bottled Flame":28,"Gremlin Horn":20,"Golden Idol":20,"Snecko Eye":41,"Ring of the Snake":0}],"Ring of the Snake":[22]},"card_choices":[{"not_picked":["Blade Dance","Deadly Poison"],"picked":"Deflect","floor":1},{"not_picked":["Outmaneuver","Acrobatics"],"picked":"Sucker Punch","floor":3},{"not_picked":["Riddle With Holes","Outmaneuver"],"picked":"Caltrops","floor":4},{"not_picked":["Catalyst","Flying Knee"],"picked":"Predator","floor":5},{"not_picked":["Concentrate","Bane"],"picked":"Poisoned Stab","floor":13},{"not_picked":["Masterful Stab","Cloak And Dagger"],"picked":"Blur","floor":14},{"not_picked":["Doppelganger","Envenom"],"picked":"Bullet Time","floor":16},{"not_picked":["Sucker Punch","Slice"],"picked":"Well Laid Plans","floor":18},{"not_picked":["Distraction","Flying Knee+1"],"picked":"Acrobatics","floor":19},{"not_picked":["Leg Sweep","Underhanded Strike"],"picked":"Blur+1","floor":20}],"player_experience":480876,"relics_obtained":[{"floor":9,"key":"Gremlin Horn"},{"floor":13,"key":"Bottled Flame"}],"event_choices":[{"damage_healed":0,"gold_gain":0,"player_choice":"Grow","damage_taken":0,"max_hp_gain":0,"max_hp_loss":0,"event_name":"Living Wall","floor":7,"gold_loss":0,"cards_upgraded":["Predator"]},{"damage_healed":0,"gold_gain":0,"player_choice":"Take Damage","damage_taken":24,"relics_obtained":["Golden Idol"],"max_hp_gain":0,"max_hp_loss":0,"event_name":"Golden Idol","floor":11,"gold_loss":0},{"damage_healed":14,"gold_gain":0,"player_choice":"Heal","damage_taken":0,"max_hp_gain":0,"max_hp_loss":0,"event_name":"The Library","floor":21,"gold_loss":0}],"is_beta":false,"boss_relics":[{"not_picked":["Astrolabe","Ring of the Serpent"],"picked":"Snecko Eye"}],"items_purged_floors":[],"is_endless":false,"potions_floor_spawned":[1,5,13,14,19],"killed_by":"Sentry and Sphere","ascension_level":20}}