{"host":"d0y5v5lostuas3k8","time":1612420055,"event":{"mods":["AchievementEnabler","BaseMod","Colored Map","Colored Powertips","Lobotomy","Minty Spire (QoL Compilation)","Permanent Neow","Quick Restart","StSLib","SuperFastMode"],"gold_per_floor":[111,111,127,145,145,176,176,176,176],"floor_reached":8,"language":"KOR","playtime":601,"items_purged":[],"score":58,"play_id":"5a6aa389-4fe0-4669-9ac7-c9b2509351dd","local_time":"20210204152735","is_ascension_mode":false,"campfire_choices":[{"data":"Whirlwind","floor":7.0,"key":"SMITH"}],"circlet_count":0,"master_deck":["Strike_R","Strike_R","Strike_R","Strike_R","Defend_R","Defend_R","Defend_R","Defend_R","Bash","Bloodbath","Whirlwind+1","Spot Weakness"],"relics":["Burning Blood","CogitoBucket","RabbitCall","StoneCalendar"],"acts_visited":["Exordium"],"potions_floor_usage":[8],"damage_taken":[{"damage":2.0,"enemies":"2 Louse","floor":1.0,"turns":3.0},{"damage":1.0,"enemies":"Jaw Worm","floor":2.0,"turns":6.0},{"damage":1.0,"enemies":"Cultist","floor":3.0,"turns":4.0},{"damage":29.0,"enemies":"Exordium Thugs","floor":4.0,"turns":8.0},{"damage":48.0,"enemies":"Gremlin Nob","floor":6.0,"turns":5.0},{"damage":21,"enemies":"Lagavulin","floor":8,"turns":7}],"seed_played":"1104397638188490791","potions_obtained":[{"floor":2.0,"key":"Regen Potion"},{"floor":6.0,"key":"Strength Potion"}],"is_trial":false,"path_per_floor":["M","M","M","M","?","E","R","E"],"character_chosen":"IRONCLAD","items_purchased":[],"campfire_rested":0,"item_purchase_floors":[],"current_hp_per_floor":[80,80,80,63,56,29,29,11,11],"gold":176,"neow_bonus":"","is_daily":false,"chose_seed":false,"campfire_upgraded":1,"win_rate":0.0,"timestamp":1612420055,"path_taken":["M","M","M","M","?","E","R","E"],"items_purchased_type":[],"build_version":"2020-12-22","purchased_purges":0,"victory":false,"max_hp_per_floor":[80,80,80,80,80,80,80,80,80],"card_choices":[{"not_picked":["SpiderBud","CherryBlossoms"],"picked":"Bloodbath","floor":1.0},{"not_picked":["True Grit","Armaments","Shockwave"],"picked":"SKIP","floor":1.0},{"not_picked":["PunishingBird","BeautyBeast","UniverseFragment"],"picked":"Singing Bowl","floor":2.0},{"not_picked":["Uppercut","Iron Wave","Shockwave"],"picked":"SKIP","floor":2.0},{"not_picked":["OldLady","UniverseFragment","Scorched"],"picked":"Singing Bowl","floor":3.0},{"not_picked":["Rampage","Twin Strike","Dual Wield"],"picked":"SKIP","floor":3.0},{"not_picked":["SpiderBud","CherryBlossoms","Porccubus"],"picked":"Singing Bowl","floor":4.0},{"not_picked":["Reckless Charge","Bloodletting"],"picked":"Whirlwind","floor":4.0},{"not_picked":["Yin","HeroicMonk","Wellcheers"],"picked":"Singing Bowl","floor":6.0},{"not_picked":["Corruption","Clothesline"],"picked":"Spot Weakness","floor":6.0}],"player_experience":249960,"relics_obtained":[{"floor":6.0,"key":"StoneCalendar"}],"event_choices":[{"cards_removed":["Strike_R"],"damage_healed":0.0,"max_hp_gain":0.0,"max_hp_loss":0.0,"gold_gain":0.0,"event_name":"Golden Wing","player_choice":"Card Removal","floor":5.0,"gold_loss":0.0,"damage_taken":7.0}],"is_beta":false,"boss_relics":[],"items_purged_floors":[],"is_endless":false,"potions_floor_spawned":[2,6],"killed_by":"Lagavulin","ascension_level":0}}