{"host":"sc0o2qwpf9j16a4i","time":1612435357,"event":{"mods":["AchievementEnabler","BaseMod","BetterRewards","Block Reminder","Colored Map","Colored Powertips","Custom Start","Highlight Path","Minty Spire (QoL Compilation)","Relic Stats"],"gold_per_floor":[113,131,306,326,7,7,42,57,82,150,150,165,199,214,214,313,313,332,332,345,42,58,91,91,103,103,117,133,133,133],"floor_reached":29,"language":"ENG","playtime":1348,"items_purged":[],"score":409,"play_id":"e364d777-1aaa-4a9d-a84b-5061a9d4362f","local_time":"20210204124237","daily_mods":["Insanity","Diverse","Terminal"],"is_ascension_mode":false,"campfire_choices":[{"data":"Spot Weakness","floor":6,"key":"SMITH"},{"data":"Reprogram","floor":11,"key":"SMITH"},{"data":"Static Discharge","floor":15,"key":"SMITH"},{"floor":29,"key":"REST"}],"circlet_count":0,"master_deck":["Chill","Fasting2","Iron Wave","Thunderclap","WindmillStrike","Recycle","Distraction","EmptyBody","Outmaneuver","Body Slam","Bloodletting","Heavy Blade","Static Discharge+1","Reprogram+1","Perfected Strike","Calculated Gamble","Ball Lightning","Sword Boomerang","Spot Weakness+1","Cleave","Dodge and Roll","Dagger Throw","Stack","Carnage","TalkToTheHand","Cloak And Dagger","FlurryOfBlows","SignatureMove","Redo","Static Discharge","Eviscerate","Lockon","Clash","Genetic Algorithm","EmptyBody","Skim","Crippling Poison","Compile Driver","Prostrate","Perfected Strike","Wild Strike","Backflip","ReachHeaven","Coolheaded","PiercingWail","Twin Strike","ThirdEye","Predator","Crippling Poison","Bloodletting","Headbutt","Doubt","Pommel Strike","Burning Pact","Go for the Eyes","Pommel Strike","Protect","WindmillStrike","SashWhip","Limit Break","WheelKick","Ghostly","Ghostly","Ghostly","Ghostly","Ghostly","Armaments","Crippling Poison","Omniscience","Meditate","EmptyFist+1","Self Repair"],"relics":["Ring of the Snake","Frozen Eye","Bag of Marbles","Smiling Mask","Happy Flower","Sozu","Pocketwatch","Singing Bowl","Tingsha"],"acts_visited":["Exordium","TheCity"],"potions_floor_usage":[7,7,16,23],"damage_taken":[{"damage":0,"enemies":"Jaw Worm","floor":1,"turns":3},{"damage":3,"enemies":"Small Slimes","floor":2,"turns":2},{"damage":0,"enemies":"2 Louse","floor":4,"turns":2},{"damage":19,"enemies":"Gremlin Nob","floor":7,"turns":4},{"damage":0,"enemies":"Gremlin Gang","floor":8,"turns":5},{"damage":4,"enemies":"Blue Slaver","floor":12,"turns":2},{"damage":9,"enemies":"Lagavulin","floor":13,"turns":9},{"damage":0,"enemies":"Exordium Wildlife","floor":14,"turns":3},{"damage":0,"enemies":"Hexaghost","floor":16,"turns":9},{"damage":3,"enemies":"Shell Parasite","floor":18,"turns":3},{"damage":3,"enemies":"Spheric Guardian","floor":20,"turns":4},{"damage":3,"enemies":"Snecko","floor":22,"turns":5},{"damage":3,"enemies":"Slavers","floor":23,"turns":5},{"damage":3,"enemies":"Centurion and Healer","floor":25,"turns":5},{"damage":1,"enemies":"Snake Plant","floor":27,"turns":7},{"damage":6,"enemies":"Shelled Parasite and Fungi","floor":28,"turns":5}],"seed_played":"711313742704832752","potions_obtained":[{"floor":1,"key":"Energy Potion"},{"floor":2,"key":"Energy Potion"},{"floor":8,"key":"Ancient Potion"},{"floor":16,"key":"CunningPotion"}],"is_trial":true,"path_per_floor":["M","M","?","M","$","R","E","M","T","?","R","M","E","M","R","B",null,"M","?","M","$","M","E","?","M","T","M","M","R"],"character_chosen":"THE_SILENT","items_purchased":["Frozen Eye","Burning Pact","Strength Potion","ColorlessPotion","Pocketwatch"],"campfire_rested":1,"item_purchase_floors":[5,5,5,5,21],"current_hp_per_floor":[68,65,65,65,64,63,44,44,44,44,44,40,31,31,31,31,52,49,24,21,21,18,15,15,12,12,11,5,9,9],"gold":133,"neow_bonus":"","is_daily":false,"chose_seed":false,"campfire_upgraded":3,"win_rate":0.0,"timestamp":1612435357,"path_taken":["M","M","?","M","$","R","E","M","T","?","R","M","E","M","R","BOSS","M","?","M","$","M","E","?","M","T","M","?","R"],"items_purchased_type":["Relic","Card","Potion","Potion","Relic"],"build_version":"2020-12-22","purchased_purges":0,"victory":false,"max_hp_per_floor":[68,67,66,65,64,63,62,61,60,59,58,57,56,55,54,53,52,51,24,23,22,21,20,19,18,17,16,15,15,15],"relic_stats":{"Sozu":5,"Happy Flower":[15],"Singing Bowl":0,"counters":[16,73],"Tingsha":[9],"Smiling Mask":0,"obtain_stats":[{"Sozu":17,"Frozen Eye":5,"Happy Flower":13,"Singing Bowl":23,"Tingsha":26,"Bag of Marbles":7,"Smiling Mask":9,"Ring of the Snake":0,"Pocketwatch":21},{"Sozu":9,"Frozen Eye":3,"Happy Flower":7,"Singing Bowl":13,"Tingsha":14,"Bag of Marbles":4,"Smiling Mask":5,"Ring of the Snake":0,"Pocketwatch":11},{"Sozu":39,"Frozen Eye":7,"Happy Flower":27,"Singing Bowl":56,"Tingsha":61,"Bag of Marbles":11,"Smiling Mask":16,"Ring of the Snake":0,"Pocketwatch":46}],"Ring of the Snake":[32],"Pocketwatch":[32]},"card_choices":[{"not_picked":["Study","Rebound"],"picked":"Headbutt","floor":1},{"not_picked":["Poisoned Stab","Perfected Strike","Bane"],"picked":"SKIP","floor":2},{"not_picked":["Escape Plan","Protect"],"picked":"Pommel Strike","floor":4},{"not_picked":["Whirlwind","Burning Pact"],"picked":"Go for the Eyes","floor":7},{"not_picked":["Barrage","EmptyFist"],"picked":"Pommel Strike","floor":8},{"not_picked":["Acrobatics","Dodge and Roll"],"picked":"Protect","floor":12},{"not_picked":["Gash","Dagger Spray"],"picked":"WindmillStrike","floor":13},{"not_picked":["Fire Breathing","Outmaneuver"],"picked":"SashWhip","floor":14},{"not_picked":["Bullet Time","Adrenaline"],"picked":"Limit Break","floor":16},{"not_picked":["EmptyMind","SignatureMove"],"picked":"WheelKick","floor":18},{"not_picked":["Thunderclap","FollowUp"],"picked":"Armaments","floor":20},{"not_picked":["Beam Cell","Acrobatics"],"picked":"Crippling Poison","floor":22},{"not_picked":["Wild Strike","Redo"],"picked":"Omniscience","floor":23},{"not_picked":["Backflip","Second Wind"],"picked":"Meditate","floor":25},{"not_picked":["Prepared","JustLucky"],"picked":"EmptyFist+1","floor":27},{"not_picked":["Havoc+1","Steam"],"picked":"Self Repair","floor":28}],"player_experience":1171887,"relics_obtained":[{"floor":7,"key":"Bag of Marbles"},{"floor":9,"key":"Smiling Mask"},{"floor":13,"key":"Happy Flower"},{"floor":23,"key":"Singing Bowl"},{"floor":26,"key":"Tingsha"}],"event_choices":[{"damage_healed":0,"gold_gain":175,"player_choice":"AGREE","damage_taken":0,"max_hp_gain":0,"max_hp_loss":0,"event_name":"Liars Game","floor":3,"gold_loss":0,"cards_obtained":["Doubt"]},{"damage_healed":0,"gold_gain":68,"player_choice":"Gained Gold","damage_taken":0,"max_hp_gain":0,"max_hp_loss":0,"event_name":"Golden Wing","floor":10,"gold_loss":0},{"damage_healed":0,"gold_gain":0,"player_choice":"Became a Ghost","damage_taken":0,"max_hp_gain":0,"max_hp_loss":26,"event_name":"Ghosts","floor":19,"gold_loss":0,"cards_obtained":["Ghostly","Ghostly","Ghostly","Ghostly","Ghostly"]},{"damage_healed":0,"gold_gain":0,"player_choice":"Got Potions","damage_taken":0,"max_hp_gain":0,"max_hp_loss":0,"event_name":"Lab","floor":24,"gold_loss":0}],"is_beta":false,"boss_relics":[{"not_picked":["SlaversCollar","Runic Pyramid"],"picked":"Sozu"}],"items_purged_floors":[],"is_endless":false,"potions_floor_spawned":[1,2,8,16,25,27],"ascension_level":0}}