{"host":"6a9c3xws62y7efyw","time":1612425300,"event":{"mods":["BaseMod","Colored Map","Minty Spire (QoL Compilation)","Relic Stats","StSLib"],"gold_per_floor":[112,24,24,24,24,52,52,83,83,111,131,151,151,20,20,97,97,114,114,130,130,18,52,72,72,72,101,116,116,126,145,145,222,222,237,257,257,267,287,312,312,339,362,362,46,46,46,78,78,78,78,78,78,2,31,31],"floor_reached":57,"language":"ENG","playtime":4070,"items_purged":["Bite"],"score":3017,"play_id":"ab202ac9-f324-4f80-bc90-b67096a170fe","local_time":"20210203235500","is_ascension_mode":true,"campfire_choices":[{"data":"Venomology","floor":7.0,"key":"SMITH"},{"data":"Crippling Poison","floor":13.0,"key":"SMITH"},{"data":"Catalyst","floor":15.0,"key":"SMITH"},{"data":"Deadly Poison","floor":25.0,"key":"SMITH"},{"data":"Ghostly","floor":32.0,"key":"SMITH"},{"data":"Defend_G","floor":41.0,"key":"PURGE"},{"data":"Bite","floor":44.0,"key":"PURGE"},{"floor":46.0,"key":"RECALL"},{"data":"Neutralize","floor":49.0,"key":"PURGE"},{"data":"Bite","floor":53.0,"key":"PURGE"}],"circlet_count":0,"master_deck":["AscendersBane","Defend_G","Defend_G","Defend_G","Defend_G","Survivor","Underhanded Strike","Predator+1","Venomology+1","Well Laid Plans","Crippling Poison+1","Deadly Poison+1","Leg Sweep","Catalyst+1","Footwork","Night Terror","Footwork+1","Acrobatics","Bite","Bite","All Out Attack","Deadly Poison","Dodge and Roll","Backflip","Ghostly","Ghostly","Ghostly+1","Noxious Fumes","Backflip+1","Bullet Time","Dodge and Roll","Malaise","Wraith Form v2","Catalyst","Escape Plan","Escape Plan+1"],"relics":["Ring of the Snake","NeowsBlessing","Bag of Preparation","Gambling Chip","InkBottle","Bronze Scales","Coffee Dripper","Ninja Scroll","Peace Pipe","Happy Flower","Fusion Hammer","Akabeko","Oddly Smooth Stone","Calipers","Smiling Mask","Dead Branch","Bottled Tornado"],"acts_visited":["Exordium","TheCity","TheBeyond","TheEnding"],"potions_floor_usage":[],"damage_taken":[{"damage":0.0,"enemies":"Small Slimes","floor":1.0,"turns":1.0},{"damage":0.0,"enemies":"3 Sentries","floor":6.0,"turns":2.0},{"damage":0.0,"enemies":"Gremlin Nob","floor":8.0,"turns":1.0},{"damage":22.0,"enemies":"3 Sentries","floor":10.0,"turns":9.0},{"damage":0.0,"enemies":"2 Louse","floor":11.0,"turns":2.0},{"damage":0.0,"enemies":"Jaw Worm","floor":12.0,"turns":2.0},{"damage":1.0,"enemies":"The Guardian","floor":16.0,"turns":8.0},{"damage":3.0,"enemies":"Spheric Guardian","floor":18.0,"turns":3.0},{"damage":0.0,"enemies":"Chosen","floor":20.0,"turns":4.0},{"damage":25.0,"enemies":"Book of Stabbing","floor":23.0,"turns":5.0},{"damage":13.0,"enemies":"Snecko","floor":24.0,"turns":3.0},{"damage":20.0,"enemies":"Gremlin Leader","floor":27.0,"turns":5.0},{"damage":3.0,"enemies":"Centurion and Healer","floor":28.0,"turns":17.0},{"damage":0.0,"enemies":"3 Cultists","floor":30.0,"turns":3.0},{"damage":0.0,"enemies":"Shelled Parasite and Fungi","floor":31.0,"turns":4.0},{"damage":5.0,"enemies":"Automaton","floor":33.0,"turns":10.0},{"damage":0.0,"enemies":"Orb Walker","floor":35.0,"turns":2.0},{"damage":0.0,"enemies":"3 Darklings","floor":36.0,"turns":6.0},{"damage":0.0,"enemies":"Transient","floor":38.0,"turns":6.0},{"damage":0.0,"enemies":"Writhing Mass","floor":39.0,"turns":6.0},{"damage":16.0,"enemies":"Giant Head","floor":40.0,"turns":9.0},{"damage":14.0,"enemies":"Reptomancer","floor":42.0,"turns":7.0},{"damage":15.0,"enemies":"Giant Head","floor":48.0,"turns":8.0},{"damage":5.0,"enemies":"Awakened One","floor":50.0,"turns":12.0},{"damage":0.0,"enemies":"Donu and Deca","floor":51.0,"turns":13.0},{"damage":0.0,"enemies":"Shield and Spear","floor":55.0,"turns":9.0},{"damage":15,"enemies":"The Heart","floor":56,"turns":9}],"seed_played":"4395481440425516155","potions_obtained":[{"floor":1.0,"key":"SpeedPotion"},{"floor":16.0,"key":"FairyPotion"},{"floor":20.0,"key":"Strength Potion"},{"floor":23.0,"key":"Poison Potion"},{"floor":40.0,"key":"FairyPotion"}],"is_trial":false,"path_per_floor":["M","$","?","?","?","E","R","E","T","E","M","M","R","$","R","B",null,"M","?","M","?","$","E","M","R","T","E","M","?","M","M","R","B",null,"M","M","?","M","M","E","R","E","T","R","$","R","T","E","R","B","B",null,"R","$","E","B",null],"character_chosen":"THE_SILENT","items_purchased":["Predator","Catalyst","Footwork","All Out Attack","Calipers","Escape Plan"],"campfire_rested":0,"item_purchase_floors":[2,14,14,22,45,54],"current_hp_per_floor":[59,59,52,57,57,57,57,57,57,35,35,35,35,35,35,34,62,59,59,59,49,49,24,19,19,19,13,48,24,24,24,24,23,24,24,24,22,24,24,12,12,8,8,8,8,8,8,3,3,8,18,23,23,23,24,13],"gold":31,"neow_bonus":"THREE_ENEMY_KILL","is_daily":false,"chose_seed":false,"campfire_upgraded":5,"win_rate":0.0,"timestamp":1612425300,"path_taken":["M","$","?","?","?","E","R","E","T","E","M","M","R","?","R","BOSS","M","?","M","?","$","E","M","R","T","E","M","?","M","M","R","BOSS","M","M","?","M","?","E","R","E","T","R","$","R","?","E","R","BOSS","BOSS","R","$","E","BOSS"],"items_purchased_type":["Card","Card","Card","Card","Relic","Card"],"build_version":"2020-12-22","purchased_purges":1,"victory":true,"max_hp_per_floor":[66,66,66,71,71,71,71,71,71,71,71,71,71,71,71,71,71,71,71,71,49,49,49,49,49,49,49,49,24,24,24,24,24,24,24,24,24,24,24,24,24,24,24,24,24,24,24,24,24,24,24,24,24,24,24,24],"relic_stats":{"Peace Pipe":4,"Happy Flower":[40],"counters":[27,166],"Gambling Chip":[124],"Bronze Scales":[557],"Dead Branch":[90],"Bag of Preparation":[16],"Smiling Mask":0,"obtain_stats":[{"Calipers":45,"NeowsBlessing":0,"Happy Flower":27,"Dead Branch":48,"Oddly Smooth Stone":42,"Bag of Preparation":6,"Bottled Tornado":55,"Smiling Mask":47,"Akabeko":40,"Peace Pipe":26,"Ninja Scroll":23,"Gambling Chip":8,"Bronze Scales":10,"Fusion Hammer":34,"Coffee Dripper":17,"InkBottle":9,"Ring of the Snake":0},{"Calipers":22,"NeowsBlessing":0,"Happy Flower":12,"Dead Branch":23,"Oddly Smooth Stone":22,"Bag of Preparation":2,"Bottled Tornado":26,"Smiling Mask":22,"Akabeko":21,"Peace Pipe":11,"Ninja Scroll":10,"Gambling Chip":3,"Bronze Scales":4,"Fusion Hammer":16,"Coffee Dripper":7,"InkBottle":3,"Ring of the Snake":0},{"Calipers":115,"NeowsBlessing":0,"Happy Flower":45,"Dead Branch":123,"Oddly Smooth Stone":115,"Bag of Preparation":3,"Bottled Tornado":157,"Smiling Mask":115,"Akabeko":108,"Peace Pipe":40,"Ninja Scroll":37,"Gambling Chip":4,"Bronze Scales":13,"Fusion Hammer":79,"Coffee Dripper":25,"InkBottle":4,"Ring of the Snake":0}],"InkBottle":[64],"Ring of the Snake":[54]},"card_choices":[{"not_picked":["Outmaneuver","Tactician"],"picked":"Underhanded Strike","floor":1.0},{"not_picked":["Blade Dance","PiercingWail"],"picked":"Venomology","floor":6.0},{"not_picked":["Tactician","Dodge and Roll"],"picked":"Well Laid Plans","floor":8.0},{"not_picked":["PiercingWail","Concentrate"],"picked":"Crippling Poison","floor":10.0},{"not_picked":["Cloak And Dagger","Tactician"],"picked":"Deadly Poison","floor":11.0},{"not_picked":["Dagger Spray","Slice"],"picked":"Leg Sweep","floor":12.0},{"not_picked":["Bullet Time","After Image"],"picked":"Night Terror","floor":16.0},{"not_picked":["Deflect","Quick Slash"],"picked":"Footwork+1","floor":18.0},{"not_picked":["Calculated Gamble","Footwork"],"picked":"Acrobatics","floor":20.0},{"not_picked":["Well Laid Plans","Terror"],"picked":"Deadly Poison","floor":23.0},{"not_picked":["Cloak And Dagger","Poisoned Stab"],"picked":"Dodge and Roll","floor":24.0},{"not_picked":["Escape Plan","Crippling Poison"],"picked":"Backflip","floor":27.0},{"not_picked":["Venomology","Deadly Poison","Deflect"],"picked":"SKIP","floor":28.0},{"not_picked":["Infinite Blades","Dagger Throw"],"picked":"Noxious Fumes","floor":30.0},{"not_picked":["Well Laid Plans+1","Deadly Poison"],"picked":"Backflip+1","floor":31.0},{"not_picked":["After Image","Tools of the Trade"],"picked":"Bullet Time","floor":33.0},{"not_picked":["PiercingWail","Dagger Spray+1"],"picked":"Dodge and Roll","floor":35.0},{"not_picked":["Poisoned Stab","Prepared","Masterful Stab"],"picked":"SKIP","floor":36.0},{"not_picked":["Quick Slash","Footwork","Underhanded Strike+1"],"picked":"SKIP","floor":38.0},{"not_picked":["Slice","Deadly Poison"],"picked":"Malaise","floor":39.0},{"not_picked":["Deflect","Bouncing Flask"],"picked":"Wraith Form v2","floor":40.0},{"not_picked":["Terror","Deflect","All Out Attack"],"picked":"SKIP","floor":42.0},{"not_picked":["Concentrate","Choke"],"picked":"Catalyst","floor":48.0},{"not_picked":["Setup","Flying Knee"],"picked":"Escape Plan+1","floor":55.0}],"player_experience":1481305,"relics_obtained":[{"floor":6.0,"key":"Bag of Preparation"},{"floor":8.0,"key":"Gambling Chip"},{"floor":9.0,"key":"InkBottle"},{"floor":10.0,"key":"Bronze Scales"},{"floor":23.0,"key":"Ninja Scroll"},{"floor":26.0,"key":"Peace Pipe"},{"floor":27.0,"key":"Happy Flower"},{"floor":40.0,"key":"Akabeko"},{"floor":42.0,"key":"Oddly Smooth Stone"},{"floor":47.0,"key":"Smiling Mask"},{"floor":48.0,"key":"Dead Branch"},{"floor":55.0,"key":"Bottled Tornado"}],"event_choices":[{"cards_removed":["Strike_G"],"damage_healed":0.0,"max_hp_gain":0.0,"max_hp_loss":0.0,"gold_gain":0.0,"event_name":"Golden Wing","player_choice":"Card Removal","floor":3.0,"gold_loss":0.0,"damage_taken":7.0},{"damage_healed":0.0,"max_hp_gain":5.0,"max_hp_loss":0.0,"gold_gain":0.0,"event_name":"Big Fish","player_choice":"Donut","floor":4.0,"gold_loss":0.0,"damage_taken":0.0},{"damage_healed":0.0,"max_hp_gain":0.0,"max_hp_loss":0.0,"gold_gain":0.0,"event_name":"Living Wall","player_choice":"Grow","floor":5.0,"gold_loss":0.0,"damage_taken":0.0,"cards_upgraded":["Predator"]},{"damage_healed":0.0,"max_hp_gain":0.0,"max_hp_loss":0.0,"gold_gain":0.0,"event_name":"The Mausoleum","player_choice":"Ignored","floor":19.0,"gold_loss":0.0,"damage_taken":0.0},{"damage_healed":0.0,"max_hp_gain":0.0,"max_hp_loss":22.0,"gold_gain":0.0,"event_name":"Vampires","player_choice":"Became a vampire","floor":21.0,"gold_loss":0.0,"damage_taken":0.0,"cards_obtained":["Bite","Bite","Bite","Bite","Bite"]},{"damage_healed":0.0,"max_hp_gain":0.0,"max_hp_loss":25.0,"gold_gain":0.0,"event_name":"Ghosts","player_choice":"Became a Ghost","floor":29.0,"gold_loss":0.0,"damage_taken":0.0,"cards_obtained":["Ghostly","Ghostly","Ghostly"]},{"damage_healed":0.0,"max_hp_gain":0.0,"max_hp_loss":0.0,"gold_gain":0.0,"event_name":"The Woman in Blue","player_choice":"Bought 0 Potions","floor":37.0,"gold_loss":0.0,"damage_taken":0.0}],"is_beta":false,"boss_relics":[{"not_picked":["Busted Crown","Ectoplasm"],"picked":"Coffee Dripper"},{"not_picked":["Pandora\u0027s Box","Snecko Eye"],"picked":"Fusion Hammer"}],"items_purged_floors":[22],"is_endless":false,"potions_floor_spawned":[1,10,16,20,23,30,31,40,42],"ascension_level":20}}