{"host":"684z1xpuwaoqmmh1","time":1612467057,"event":{"mods":["A Magickal Journey","BaseMod","Downfall","Hermit","Jorbs\u0027s Wanderer Trilogy","Marisa????????","Minty Spire (QoL Compilation)","Robot Space Explorer","Shade Mod","StSLib","The Dragon Tamer","The Elementalist","The Hayseed","The Hierophant","The Marked","The Mystic","The Runesmith","The Saiyan","The Vixen","TheBandit","TheFirefly"],"gold_per_floor":[94,106,106,124,124,124,151,151,204,234,234,265,285,60,60,60,60],"floor_reached":16,"language":"ENG","playtime":538,"items_purged":["Saiyan:SAIYA_Strike"],"score":173,"play_id":"91166259-c61e-41df-8886-85de5244f2c2","local_time":"20210204213057","is_ascension_mode":true,"campfire_choices":[{"data":"Saiyan:AugmentedBlast","floor":6,"key":"SMITH"},{"data":"Saiyan:BurningSoul","floor":8,"key":"SMITH"},{"data":"Saiyan:MajinSeal","floor":15,"key":"SMITH"}],"circlet_count":0,"master_deck":["Saiyan:SAIYA_Strike","Saiyan:SAIYA_Strike","Saiyan:SAIYA_Defend","Saiyan:SAIYA_Defend","Saiyan:SAIYA_Defend","Saiyan:SAIYA_Defend","Saiyan:EnergyBlast","Saiyan:KaioKen","Saiyan:RuthlessBlow","Saiyan:Flurry","Saiyan:KameHameHa","Saiyan:AugmentedBlast+1","Saiyan:BurningSoul+1","Saiyan:Medicine+1","Saiyan:TurtleShell","Saiyan:MajinSeal+1"],"relics":["SaiyanSoul","SaiyanHeart","hexamod:Sixitude","Toy Ornithopter","Tiny Chest","Toxic Egg 2","Anchor","Strawberry"],"acts_visited":["Exordium"],"potions_floor_usage":[7,10,12],"damage_taken":[{"damage":0,"enemies":"Jaw Worm","floor":1,"turns":3},{"damage":0,"enemies":"Small Slimes","floor":2,"turns":2},{"damage":1,"enemies":"2 Louse","floor":4,"turns":4},{"damage":12,"enemies":"Gremlin Nob","floor":7,"turns":3},{"damage":17,"enemies":"Lagavulin","floor":10,"turns":6},{"damage":8,"enemies":"3 Sentries","floor":12,"turns":9},{"damage":1,"enemies":"Blue Slaver","floor":13,"turns":3},{"damage":35,"enemies":"Slime Boss","floor":16,"turns":6}],"seed_played":"-2621436028739855505","potions_obtained":[{"floor":2,"key":"PowerPotion"},{"floor":7,"key":"AttackPotion"},{"floor":10,"key":"Dexterity Potion"}],"is_trial":false,"path_per_floor":["M","M","?","M","?","R","E","R","T","E","?","E","M","$","R","B"],"character_chosen":"SAIYAJIN","items_purchased":["Strawberry"],"campfire_rested":0,"item_purchase_floors":[14],"current_hp_per_floor":[43,45,38,39,39,39,27,27,27,16,4,7,12,19,19,0,0],"gold":60,"neow_bonus":"ONE_RARE_RELIC","is_daily":false,"chose_seed":false,"campfire_upgraded":3,"win_rate":0.0,"timestamp":1612467057,"path_taken":["M","M","?","M","?","R","E","R","T","E","?","E","M","?","R","BOSS"],"items_purchased_type":["Relic"],"build_version":"2020-12-22","purchased_purges":1,"victory":false,"max_hp_per_floor":[61,63,63,65,65,65,65,65,65,66,66,66,67,74,74,75,75],"card_choices":[{"not_picked":["Saiyan:WarmUp","Saiyan:DoubleMasenko"],"picked":"Saiyan:Flurry","floor":1},{"not_picked":["Saiyan:Reset","Saiyan:ExpandingShockwave"],"picked":"Saiyan:KameHameHa","floor":2},{"not_picked":["Saiyan:ExpandingShockwave","Saiyan:ThirstForFight"],"picked":"Saiyan:AugmentedBlast","floor":4},{"not_picked":["Saiyan:DoubleMasenko","Saiyan:SpiritSword"],"picked":"Saiyan:BurningSoul","floor":7},{"not_picked":["Saiyan:MeteorDash","Saiyan:ConcussiveBlow"],"picked":"Saiyan:Medicine+1","floor":10},{"not_picked":["Saiyan:ExtremeSpeed","Saiyan:MeteorDash"],"picked":"Saiyan:TurtleShell","floor":12},{"not_picked":["Saiyan:KiStrike","Saiyan:Flurry"],"picked":"Saiyan:MajinSeal","floor":13}],"player_experience":2944875,"relics_obtained":[{"floor":7,"key":"Toy Ornithopter"},{"floor":9,"key":"Tiny Chest"},{"floor":10,"key":"Toxic Egg 2"},{"floor":12,"key":"Anchor"}],"event_choices":[{"cards_removed":["Saiyan:SAIYA_Strike"],"damage_healed":0,"gold_gain":0,"player_choice":"Card Removal","damage_taken":7,"max_hp_gain":0,"max_hp_loss":0,"event_name":"Golden Wing","floor":3,"gold_loss":0},{"damage_healed":0,"gold_gain":0,"player_choice":"Fled","damage_taken":12,"max_hp_gain":0,"max_hp_loss":0,"event_name":"Scrap Ooze","floor":11,"gold_loss":0}],"is_beta":false,"boss_relics":[],"items_purged_floors":[14],"is_endless":false,"potions_floor_spawned":[2,7,10],"killed_by":"Slime Boss","ascension_level":5}}