{"host":"3utjneowtjjikdca","time":1612398529,"event":{"mods":["2.2 Compatiblity","Act Like it!","Ascension Reborn","Aspiration","BaseMod","Beaked The Cultist","Better Altar","Better Match","Better Note","Better Sensory Stone","Better Skull","Better Third Choice","BetterRewards","Challenge The Spire","Clockwork Mod","Colored Map","Colored Powertips","Conspire","Downfall","Duelist Mod","Energized Spire","Friendly Minions","GifTheSpireLib","Googly Eyes","GungeonMod","Halation","Highlight Path","Hubris","Infinite Spire","Lobotomy","Mimic Mod","Minty Spire (QoL Compilation)","Quick Restart","Relic Stats","Replay The Spire","Shop Mod","StSLib","Strawberry Spire","Stuff the Spire","The Bug Knight","The Cursed","The Poker Player","Trackpad"],"gold_per_floor":[110,121,121,121,137,137,150,194,194,217,217,240,240,240,240,240,240],"floor_reached":16,"language":"ENG","playtime":1850,"items_purged":[],"score":102,"play_id":"c55fe5c2-a2c3-4b37-a6ee-7a37da1dfe0e","local_time":"20210203192849","is_ascension_mode":true,"campfire_choices":[{"data":"Clockwork:Tinker","floor":6.0,"key":"SMITH"},{"data":"Clockwork:PerfectForm","floor":11.0,"key":"SMITH"},{"data":"Clockwork:AssemblyLine","floor":13.0,"key":"SMITH"},{"data":"Clockwork:Shield","floor":15.0,"key":"SMITH"}],"circlet_count":0,"master_deck":["Clockwork:Strike","Clockwork:Strike","Clockwork:Strike","Clockwork:Strike","Clockwork:Shield+1","Clockwork:Shield","Clockwork:Shield","Clockwork:Shield+1","Clockwork:Tinker+1","Clockwork:WarmUp","Clockwork:PerfectForm+1","Clockwork:AssemblyLine+1","Clockwork:Enhance"],"relics":["Clockwork:MomentumEngine","aspiration:DSix","Golden Idol","HollowMod:LifeEnderRelic"],"acts_visited":["Exordium"],"potions_floor_usage":[16],"damage_taken":[{"damage":16.0,"enemies":"infinitespire:Voidling","floor":1.0,"turns":8.0},{"damage":0.0,"enemies":"Jaw Worm","floor":2.0,"turns":9.0},{"damage":0.0,"enemies":"conspire:RoseBush","floor":5.0,"turns":5.0},{"damage":0.0,"enemies":"conspire:2 RoseBushes","floor":7.0,"turns":6.0},{"damage":13.0,"enemies":"Lagavulin","floor":8.0,"turns":9.0},{"damage":1.0,"enemies":"2 Fungi Beasts","floor":10.0,"turns":6.0},{"damage":6.0,"enemies":"Exordium Wildlife","floor":12.0,"turns":11.0},{"damage":83,"enemies":"Fading Forest","floor":16,"turns":8}],"seed_played":"3023556336464139968","potions_obtained":[{"floor":1.0,"key":"Explosive Potion"},{"floor":7.0,"key":"AttackPotion"},{"floor":12.0,"key":"Explosive Potion"}],"is_trial":false,"path_per_floor":["M","M","?","$","M","R","M","E","T","M","R","M","R","?","R","B"],"character_chosen":"CLOCKWORK","items_purchased":[],"campfire_rested":0,"item_purchase_floors":[],"current_hp_per_floor":[82,82,79,79,79,79,79,66,66,65,65,59,59,59,59,0,0],"gold":240,"neow_bonus":"DSIX","is_daily":false,"chose_seed":false,"campfire_upgraded":4,"win_rate":0.0,"timestamp":1612398529,"path_taken":["M","?","?","?","?","R","M","E","T","M","R","M","R","?","R","BOSS"],"items_purchased_type":[],"build_version":"2020-12-22","purchased_purges":0,"victory":false,"max_hp_per_floor":[85,85,79,79,79,79,79,79,79,79,79,79,79,79,79,79,79],"relic_stats":{"counters":[8,62],"Golden Idol":25,"obtain_stats":[{"Clockwork:MomentumEngine":0,"HollowMod:LifeEnderRelic":8,"Golden Idol":3,"DemoMod:GlassGuonStoneRelic":1,"aspiration:DSix":0},{"Clockwork:MomentumEngine":0,"HollowMod:LifeEnderRelic":5,"Golden Idol":2,"DemoMod:GlassGuonStoneRelic":1,"aspiration:DSix":0},{"Clockwork:MomentumEngine":0,"HollowMod:LifeEnderRelic":37,"Golden Idol":17,"DemoMod:GlassGuonStoneRelic":8,"aspiration:DSix":0}]},"card_choices":[{"not_picked":["Clockwork:CogBarrier","Clockwork:AdaptiveCannon","Clockwork:Redundancy"],"picked":"SKIP","floor":1.0},{"not_picked":["Clockwork:AssemblyLine","Clockwork:Redundancy"],"picked":"Clockwork:PerfectForm","floor":2.0},{"not_picked":["Clockwork:ChargingBlade","Clockwork:TiltAWhirl","Clockwork:ChargingShield"],"picked":"SKIP","floor":5.0},{"not_picked":["Clockwork:ReserveSystems","Clockwork:SpurOn"],"picked":"Clockwork:AssemblyLine","floor":7.0},{"not_picked":["Clockwork:PerfectedStrike","Clockwork:RitualDaggerMk0","Clockwork:SystemScan"],"picked":"SKIP","floor":8.0},{"not_picked":["Clockwork:LogisticRegression","Clockwork:Minimalism"],"picked":"Clockwork:Enhance","floor":10.0},{"not_picked":["Clockwork:CogShield","Clockwork:ForgeStrike","Clockwork:AdaptiveShield"],"picked":"SKIP","floor":12.0}],"player_experience":99534,"relics_obtained":[{"floor":8.0,"key":"HollowMod:LifeEnderRelic"}],"event_choices":[{"damage_healed":0.0,"max_hp_gain":0.0,"max_hp_loss":6.0,"gold_gain":0.0,"event_name":"Golden Idol","player_choice":"Lose Max HP","floor":3.0,"gold_loss":0.0,"damage_taken":0.0,"relics_obtained":["Golden Idol"]}],"is_beta":false,"boss_relics":[],"items_purged_floors":[],"is_endless":false,"potions_floor_spawned":[1,7,12],"killed_by":"Fading Forest","ascension_level":0}}