{"host":"3azvxbhvx7nk2p5g","time":1612449383,"event":{"mods":["BaseMod","KinomotoSakuraMod(Ä¾Ö®±¾Ó£)","Minty Spire (QoL Compilation)","StSLib","The Blackbeard","The Runesmith","The Senshi"],"gold_per_floor":[111,61,8,25,25,60,73,92,118,118,129,129,129,142,142,271,271,284,284,334,334,334],"floor_reached":21,"language":"ZHS","playtime":2131,"items_purged":[],"score":204,"play_id":"b2a54c7f-a90a-42da-b842-a99aae4b7c5f","local_time":"20210204223623","is_ascension_mode":false,"campfire_choices":[{"data":"Runesmith:Grindstone","floor":10.0,"key":"SMITH"},{"floor":15.0,"key":"REST"}],"circlet_count":0,"master_deck":["Runesmith:CraftFirestone","Runesmith:Fortify","Runesmith:Grindstone+1","Runesmith:Grindstone","Runesmith:RunicBlueprint","Runesmith:CraftProtectio","Runesmith:EnergizedChisel","Runesmith:Malloc","Runesmith:GoWithTheFlow","Runesmith:MetallurgicalResearch","Runesmith:Duplicate","Runesmith:CreatorForm","Runesmith:Supernova","Runesmith:Repurpose","Runesmith:HeatedChisel","Runesmith:Overpower","Runesmith:GoWithTheFlow"],"relics":["Runesmith:BrokenRuby","NeowsBlessing","Runesmith:EmergencyProvisions","Tiny Chest","Golden Idol","Pandora\u0027s Box","Vajra"],"acts_visited":["Exordium","TheCity"],"potions_floor_usage":[21],"damage_taken":[{"damage":0.0,"enemies":"2 Louse","floor":1.0,"turns":1.0},{"damage":0.0,"enemies":"Small Slimes","floor":4.0,"turns":1.0},{"damage":0.0,"enemies":"Gremlin Nob","floor":6.0,"turns":1.0},{"damage":0.0,"enemies":"Jaw Worm","floor":7.0,"turns":5.0},{"damage":11.0,"enemies":"Exordium Wildlife","floor":8.0,"turns":5.0},{"damage":1.0,"enemies":"Large Slime","floor":11.0,"turns":9.0},{"damage":9.0,"enemies":"3 Louse","floor":14.0,"turns":5.0},{"damage":51.0,"enemies":"Slime Boss","floor":16.0,"turns":15.0},{"damage":30.0,"enemies":"Spheric Guardian","floor":18.0,"turns":6.0},{"damage":51,"enemies":"3 Byrds","floor":21,"turns":3}],"seed_played":"7078139936981190025","potions_obtained":[{"floor":1.0,"key":"Energy Potion"},{"floor":4.0,"key":"Energy Potion"},{"floor":8.0,"key":"PowerPotion"},{"floor":14.0,"key":"FairyPotion"}],"is_trial":false,"path_per_floor":["M","?","$","M","?","E","M","M","T","R","M","?","?","M","R","B",null,"M","?","T","M"],"character_chosen":"RUNESMITH_CLASS","items_purchased":["Runesmith:Grindstone"],"campfire_rested":1,"item_purchase_floors":[3],"current_hp_per_floor":[70,70,70,70,63,63,63,52,52,52,51,56,38,29,51,22,75,45,45,45,0,0],"gold":334,"neow_bonus":"THREE_ENEMY_KILL","is_daily":false,"chose_seed":false,"campfire_upgraded":1,"win_rate":0.0,"timestamp":1612449383,"path_taken":["M","?","$","M","?","E","M","M","T","R","M","?","?","M","R","BOSS","M","?","?","M"],"items_purchased_type":["Card"],"build_version":"2020-12-22","purchased_purges":0,"victory":false,"max_hp_per_floor":[70,70,70,70,70,70,70,70,70,70,70,75,75,75,75,75,75,75,75,75,75,75],"card_choices":[{"not_picked":["Runesmith:ElementalConversion","Runesmith:Empowerment"],"picked":"Runesmith:Grindstone","floor":1.0},{"not_picked":["Runesmith:HammerAndChisel","Runesmith:CraftReservo"],"picked":"Runesmith:RunicBlueprint","floor":4.0},{"not_picked":["Runesmith:CraftMagma","Runesmith:Overpower"],"picked":"Runesmith:CraftProtectio","floor":6.0},{"not_picked":["Runesmith:CraftObretio","Runesmith:StaticCage"],"picked":"Runesmith:EnergizedChisel","floor":7.0},{"not_picked":["Runesmith:Accelerate","Runesmith:EarthShield"],"picked":"Runesmith:Malloc","floor":8.0},{"not_picked":["Runesmith:HeatExchange","Runesmith:ChiselStab","Runesmith:Overpower"],"picked":"SKIP","floor":11.0},{"not_picked":["Runesmith:CraftObretio","Runesmith:FrozenChisel"],"picked":"Runesmith:GoWithTheFlow","floor":14.0},{"not_picked":["Runesmith:LightningRod","Runesmith:CraftPrismatica"],"picked":"Runesmith:MetallurgicalResearch","floor":16.0},{"not_picked":["Runesmith:CraftMagma","Runesmith:Overpower","Runesmith:ChargedHammer"],"picked":"SKIP","floor":18.0}],"player_experience":79177,"relics_obtained":[{"floor":6.0,"key":"Runesmith:EmergencyProvisions"},{"floor":9.0,"key":"Tiny Chest"},{"floor":20,"key":"Vajra"}],"event_choices":[{"cards_removed":["Runesmith:Strike_RS"],"damage_healed":0.0,"max_hp_gain":0.0,"max_hp_loss":0.0,"gold_gain":0.0,"event_name":"The Cleric","player_choice":"Card Removal","floor":2.0,"gold_loss":50.0,"damage_taken":0.0},{"cards_removed":["Runesmith:Strike_RS"],"damage_healed":0.0,"max_hp_gain":0.0,"max_hp_loss":0.0,"gold_gain":0.0,"event_name":"Golden Wing","player_choice":"Card Removal","floor":5.0,"gold_loss":0.0,"damage_taken":7.0},{"damage_healed":0.0,"max_hp_gain":5.0,"max_hp_loss":0.0,"gold_gain":0.0,"event_name":"Big Fish","player_choice":"Donut","floor":12.0,"gold_loss":0.0,"damage_taken":0.0},{"damage_healed":0.0,"max_hp_gain":0.0,"max_hp_loss":0.0,"gold_gain":0.0,"event_name":"Golden Idol","player_choice":"Take Damage","floor":13.0,"gold_loss":0.0,"damage_taken":18.0,"relics_obtained":["Golden Idol"]},{"damage_healed":0,"gold_gain":0,"player_choice":"Read","damage_taken":0,"max_hp_gain":0,"max_hp_loss":0,"event_name":"The Library","floor":19,"gold_loss":0,"cards_obtained":["Runesmith:GoWithTheFlow"]}],"is_beta":false,"boss_relics":[{"not_picked":["Runic Pyramid","Calling Bell"],"picked":"Pandora\u0027s Box"}],"items_purged_floors":[],"is_endless":false,"potions_floor_spawned":[1,4,8,14],"killed_by":"3 Byrds","ascension_level":0}}