{"host":"y7b1p9nkx4idorr2","time":1612468383,"event":{"mods":["AchievementEnabler","Act Like it!","BaseMod","Colored Map","Downfall","GifTheSpireLib","Googly Eyes","Highlight Path","Mimic Mod","Minty Spire (QoL Compilation)","Shop Mod","Spicy Shops","StSLib","Unceasing Turn Reminder"],"gold_per_floor":[99,110,110,110,20,48,75,93,93,103,120,120,120,19,38,38,38,38],"floor_reached":16,"language":"ENG","playtime":721,"items_purged":["bronze:Strike"],"score":110,"play_id":"2df938fc-7ef4-497c-b5ed-56f39eba5906","local_time":"20210204135303","is_ascension_mode":true,"campfire_choices":[{"data":"bronze:Verify","floor":1,"key":"SMITH"},{"floor":9,"key":"REST"},{"floor":13,"key":"REST"}],"circlet_count":0,"master_deck":["bronze:Strike","bronze:Strike","bronze:Defend","bronze:Defend","bronze:Defend","bronze:Defend","bronze:Replicate+1","bronze:Goto","bronze:Verify+1","bronze:Iterate+1","bronze:Goto+1","bronze:Invalidate","bronze:HardenedForm","bronze:Philosophize","bronze:WhirlingStrike","bronze:Constructor","expansioncontent:Chronoboost"],"relics":["bronze:BronzeCore","Strawberry","PreservedInsect","Mercury Hourglass"],"acts_visited":["Exordium"],"potions_floor_usage":[11],"damage_taken":[{"damage":12,"enemies":"Small Slimes","floor":2,"turns":3},{"damage":0,"enemies":"downfall:FleeingMerchant","floor":5,"turns":4},{"damage":36,"enemies":"3 Sentries","floor":6,"turns":12},{"damage":2,"enemies":"Jaw Worm","floor":8,"turns":4},{"damage":0,"enemies":"Cultist","floor":10,"turns":3},{"damage":11,"enemies":"Exordium Thugs","floor":11,"turns":4},{"damage":15,"enemies":"downfall:FleeingMerchant","floor":14,"turns":4},{"damage":7,"enemies":"3 Louse","floor":15,"turns":2},{"damage":26,"enemies":"WA_ARCHETYPE_RETAIN","floor":16,"turns":4}],"seed_played":"1668365435638031197","potions_obtained":[{"floor":8,"key":"EssenceOfSteel"},{"floor":15,"key":"Explosive Potion"}],"is_trial":false,"path_per_floor":["R","M","?","?","$","E","T","M","R","M","M","T","R","$","M","B"],"character_chosen":"THE_AUTOMATON","items_purchased":["expansioncontent:Chronoboost"],"campfire_rested":2,"item_purchase_floors":[14],"current_hp_per_floor":[49,37,37,37,37,8,8,6,29,29,18,18,41,26,19,0,0,0],"gold":38,"neow_bonus":"THREE_RARE_CARDS","is_daily":false,"chose_seed":false,"campfire_upgraded":1,"win_rate":0.0,"timestamp":1612468383,"path_taken":["R","M","?","?","$","E","T","M","R","?","M","?","R","$","M","BOSS"],"items_purchased_type":["Card"],"build_version":"2020-12-22","purchased_purges":1,"victory":false,"max_hp_per_floor":[70,70,70,70,70,77,77,77,77,77,77,77,77,77,77,77,77,77],"card_choices":[{"not_picked":["bronze:CleanCode","bronze:HyperBeam"],"picked":"bronze:Verify","floor":0},{"not_picked":["bronze:Branch","bronze:OilSpill"],"picked":"bronze:Iterate","floor":2},{"not_picked":["bronze:BitShift","bronze:Shield"],"picked":"bronze:Invalidate","floor":5},{"not_picked":["bronze:BitShift","bronze:BronzeArmor"],"picked":"bronze:HardenedForm","floor":6},{"not_picked":["bronze:BugBarrage","bronze:ChosenStrike"],"picked":"bronze:Philosophize","floor":8},{"not_picked":["bronze:Deprecate","bronze:DelayedSlice","bronze:Turbo"],"picked":"SKIP","floor":10},{"not_picked":["bronze:Invalidate","bronze:DarkDash"],"picked":"bronze:WhirlingStrike","floor":11},{"not_picked":["bronze:Invalidate","bronze:DelayedSlice"],"picked":"bronze:Constructor","floor":14},{"not_picked":["bronze:ItsAFeature","bronze:InfiniteBeams","bronze:CutThrough"],"picked":"SKIP","floor":15}],"player_experience":2284123,"relics_obtained":[{"floor":6,"key":"Strawberry"},{"floor":7,"key":"PreservedInsect"},{"floor":12,"key":"Mercury Hourglass"}],"event_choices":[],"is_beta":false,"boss_relics":[],"items_purged_floors":[5],"is_endless":false,"potions_floor_spawned":[8,15],"killed_by":"WA_ARCHETYPE_RETAIN","ascension_level":2}}