{"host":"2q4w55ev63ot6isg","time":1612456977,"event":{"mods":["Aspiration","BaseMod","Downfall","Hubris","Marisa????????","Minty Spire (QoL Compilation)","Replay The Spire","StSLib","The Cursed","The Jungle","The Servant 0.9.4"],"gold_per_floor":[109,109,120,45,45,45,80,80,132,132,142,162,162,162,241,337,337,347,332,56,71,91,102,102,102,102],"floor_reached":25,"language":"ENG","playtime":865,"items_purged":["Strike_R","Strike_R"],"score":271,"play_id":"8c272a5e-e79c-43c4-b86a-f9034c8a0b35","local_time":"20210204084257","is_ascension_mode":true,"campfire_choices":[{"data":"Defend_R","floor":6,"key":"SMITH"},{"data":"Sword Boomerang","floor":8,"key":"SMITH"},{"data":"Barricade","floor":13,"key":"SMITH"},{"floor":24,"key":"REST"}],"circlet_count":0,"master_deck":["Strike_R+1","Strike_R+1","Defend_R+1","Defend_R","Defend_R+1","Defend_R","Bash+1","Seeing Red+1","Sword Boomerang+1","Barricade+1","Limit Break","Impervious","Armaments","hubris:EnhanceAbility","Warcry+1"],"relics":["Burning Blood","Guardian:PocketSentry","Simple Rune","Boot","Odd Mushroom","Busted Crown"],"acts_visited":["Exordium","TheCity"],"potions_floor_usage":[16,18,23,25],"damage_taken":[{"damage":3,"enemies":"2 Louse","floor":1,"turns":3},{"damage":0,"enemies":"Small Slimes","floor":3,"turns":2},{"damage":29,"enemies":"Gremlin Nob","floor":7,"turns":4},{"damage":0,"enemies":"Cultist","floor":11,"turns":2},{"damage":20,"enemies":"The Mushroom Lair","floor":12,"turns":4},{"damage":63,"enemies":"Fading Forest","floor":16,"turns":11},{"damage":11,"enemies":"3 Byrds","floor":18,"turns":4},{"damage":0,"enemies":"2 Thieves","floor":19,"turns":4},{"damage":44,"enemies":"3 Cultists","floor":21,"turns":6},{"damage":3,"enemies":"Centurion and Healer","floor":22,"turns":12},{"damage":0,"enemies":"Snecko","floor":23,"turns":6},{"damage":62,"enemies":"Gremlin Leader","floor":25,"turns":9}],"seed_played":"-4140674278534566111","potions_obtained":[{"floor":1,"key":"LiquidBronze"},{"floor":12,"key":"Regen Potion"},{"floor":16,"key":"DuplicationPotion"},{"floor":18,"key":"FearPotion"},{"floor":19,"key":"SmokeBomb"},{"floor":21,"key":"Block Potion"}],"is_trial":false,"path_per_floor":["M","?","M","$","?","R","E","R","T","?","M","?","R","?","R","B",null,"M","M","$","M","M","M","R","E"],"character_chosen":"IRONCLAD","items_purchased":["hubris:EnhanceAbility"],"campfire_rested":1,"item_purchase_floors":[20],"current_hp_per_floor":[75,59,65,65,65,65,42,42,42,42,48,34,34,34,34,12,63,58,64,64,26,29,35,59,0,0],"gold":102,"neow_bonus":"RANDOM_COMMON_RELIC","is_daily":false,"chose_seed":false,"campfire_upgraded":3,"win_rate":0.0,"timestamp":1612456977,"path_taken":["M","?","M","$","?","R","E","R","T","?","?","?","R","?","R","BOSS","M","M","$","M","?","M","R","E"],"items_purchased_type":["Card"],"build_version":"2020-12-22","purchased_purges":2,"victory":false,"max_hp_per_floor":[80,80,80,80,80,80,80,80,80,80,80,80,80,80,80,80,80,80,80,80,80,80,80,80,80,80],"card_choices":[{"not_picked":["Whirlwind","Replay:Undeath\u0027s Touch"],"picked":"Seeing Red","floor":1},{"not_picked":["Flex","Infernal Blade","Run Through"],"picked":"SKIP","floor":3},{"not_picked":["Pummel","Power Through"],"picked":"Sword Boomerang","floor":7},{"not_picked":["Heavy Blade","Flex","Second Wind"],"picked":"SKIP","floor":11},{"not_picked":["Clothesline","Armaments"],"picked":"Barricade","floor":12},{"not_picked":["hubris:StunningStrike","Corruption"],"picked":"Impervious","floor":16},{"not_picked":[],"picked":"Armaments","floor":18},{"not_picked":["Wild Strike+1"],"picked":"SKIP","floor":19},{"not_picked":["Clash"],"picked":"SKIP","floor":21},{"not_picked":[],"picked":"Warcry+1","floor":22},{"not_picked":["Anger+1"],"picked":"SKIP","floor":23}],"player_experience":218794,"relics_obtained":[{"floor":7,"key":"Simple Rune"},{"floor":9,"key":"Boot"},{"floor":12,"key":"Odd Mushroom"}],"event_choices":[{"damage_healed":0,"gold_gain":0,"player_choice":"Entered Light","damage_taken":16,"max_hp_gain":0,"max_hp_loss":0,"event_name":"Shining Light","floor":2,"gold_loss":0,"cards_upgraded":["Strike_R","Seeing Red"]},{"cards_removed":["Strike_R"],"damage_healed":0,"gold_gain":0,"player_choice":"Purged","damage_taken":0,"max_hp_gain":0,"max_hp_loss":0,"event_name":"Purifier","floor":10,"gold_loss":0},{"damage_healed":0,"gold_gain":0,"player_choice":"Fought Mushrooms","damage_taken":0,"max_hp_gain":0,"max_hp_loss":0,"event_name":"Mushrooms","floor":12,"gold_loss":0},{"damage_healed":0,"gold_gain":0,"player_choice":"1 cards matched","damage_taken":0,"max_hp_gain":0,"max_hp_loss":0,"event_name":"Match and Keep!","floor":14,"gold_loss":0,"cards_obtained":["Limit Break"]}],"is_beta":false,"boss_relics":[{"not_picked":["ReplayTheSpireMod:DimensionalGlitch","ChewingGum"],"picked":"Busted Crown"}],"items_purged_floors":[4,20],"is_endless":false,"potions_floor_spawned":[1,12,16,18,19,21],"killed_by":"Gremlin Leader","ascension_level":7}}