{"host":"1xo5g347e5o4auts","time":1612471879,"event":{"mods":["BaseMod","Minty Spire (QoL Compilation)","Permanent Neow","StSLib"],"gold_per_floor":[115,190,200,200,217,242,242,259,259,294,310,70,90,117,117,188,188,205,223,66,66,66,101,118,150,195,228,273,308,308,346,346,418,418,467,550,530,576,622,622,657,657,705,755,805,146,203,243,243,243,243,243,243,48,48,48],"floor_reached":55,"language":"ENG","playtime":3261,"items_purged":["Bite"],"score":2333,"play_id":"063e91dc-1ba9-4a49-a168-c293899e5a58","local_time":"20210204225119","is_ascension_mode":true,"campfire_choices":[{"data":"TalkToTheHand","floor":7.0,"key":"SMITH"},{"data":"TalkToTheHand","floor":15.0,"key":"SMITH"},{"data":"Wish","floor":32.0,"key":"SMITH"},{"data":"WaveOfTheHand","floor":40.0,"key":"SMITH"},{"floor":42.0,"key":"RECALL"},{"data":"TalkToTheHand","floor":49.0,"key":"SMITH"},{"data":"SpiritShield","floor":53.0,"key":"SMITH"}],"circlet_count":0,"master_deck":["AscendersBane","Defend_P","Defend_P","Defend_P","Defend_P","Eruption","Vigilance","Master of Strategy","JustLucky","ClearTheMind","Prostrate","SpiritShield+1","FearNoEvil","TalkToTheHand+1","Adaptation","CutThroughFate","TalkToTheHand+1","Wallop","Weave","Protect","Vault","FlurryOfBlows","Weave+1","Master of Strategy","Bite","Bite","Bite","Bite","Halt+1","Wish+1","FlurryOfBlows","Conclude","DeceiveReality","DeusExMachina","WaveOfTheHand+1","CutThroughFate","Adaptation+1","Alpha","TalkToTheHand+1","Apotheosis"],"relics":["PureWater","MealTicket","Mercury Hourglass","FossilizedHelix","Lantern","GoldenEye","Coffee Dripper","DollysMirror","Nunchaku","Pantograph","Strawberry","Eternal Feather","Darkstone Periapt","Runic Pyramid","TungstenRod","Oddly Smooth Stone","OrangePellets","Art of War","Anchor","Shuriken"],"acts_visited":["Exordium","TheCity","TheBeyond","TheEnding"],"potions_floor_usage":[],"damage_taken":[{"damage":0.0,"enemies":"Jaw Worm","floor":1.0,"turns":3.0},{"damage":0.0,"enemies":"2 Louse","floor":3.0,"turns":2.0},{"damage":2.0,"enemies":"Cultist","floor":5.0,"turns":5.0},{"damage":34.0,"enemies":"3 Sentries","floor":6.0,"turns":13.0},{"damage":0.0,"enemies":"Looter","floor":8.0,"turns":3.0},{"damage":12.0,"enemies":"Lagavulin","floor":10.0,"turns":7.0},{"damage":0.0,"enemies":"Large Slime","floor":11.0,"turns":4.0},{"damage":0.0,"enemies":"3 Louse","floor":13.0,"turns":2.0},{"damage":0.0,"enemies":"3 Sentries","floor":14.0,"turns":4.0},{"damage":7.0,"enemies":"The Guardian","floor":16.0,"turns":11.0},{"damage":0.0,"enemies":"Chosen","floor":18.0,"turns":4.0},{"damage":0.0,"enemies":"2 Thieves","floor":19.0,"turns":4.0},{"damage":0.0,"enemies":"Slavers","floor":23.0,"turns":7.0},{"damage":0.0,"enemies":"Centurion and Healer","floor":24.0,"turns":5.0},{"damage":8.0,"enemies":"Gremlin Leader","floor":25.0,"turns":8.0},{"damage":16.0,"enemies":"Slavers","floor":27.0,"turns":5.0},{"damage":0.0,"enemies":"Cultist and Chosen","floor":28.0,"turns":4.0},{"damage":9.0,"enemies":"Gremlin Leader","floor":29.0,"turns":5.0},{"damage":0.0,"enemies":"Shelled Parasite and Fungi","floor":31.0,"turns":4.0},{"damage":0.0,"enemies":"Automaton","floor":33.0,"turns":6.0},{"damage":28.0,"enemies":"3 Darklings","floor":35.0,"turns":7.0},{"damage":0.0,"enemies":"2 Orb Walkers","floor":36.0,"turns":6.0},{"damage":0.0,"enemies":"Orb Walker","floor":38.0,"turns":3.0},{"damage":2.0,"enemies":"Spire Growth","floor":39.0,"turns":7.0},{"damage":22.0,"enemies":"Reptomancer","floor":41.0,"turns":10.0},{"damage":0.0,"enemies":"Transient","floor":44.0,"turns":7.0},{"damage":0.0,"enemies":"Writhing Mass","floor":45.0,"turns":12.0},{"damage":3.0,"enemies":"Nemesis","floor":47.0,"turns":10.0},{"damage":2.0,"enemies":"Sphere and 2 Shapes","floor":48.0,"turns":8.0},{"damage":0.0,"enemies":"Donu and Deca","floor":50.0,"turns":10.0},{"damage":18.0,"enemies":"Awakened One","floor":51.0,"turns":17.0},{"damage":55,"enemies":"Shield and Spear","floor":55,"turns":4}],"seed_played":"5008548730166968670","potions_obtained":[{"floor":3.0,"key":"BottledMiracle"},{"floor":6.0,"key":"SneckoOil"},{"floor":10.0,"key":"Regen Potion"},{"floor":14.0,"key":"PowerPotion"},{"floor":18.0,"key":"DistilledChaos"},{"floor":27.0,"key":"SkillPotion"},{"floor":29.0,"key":"AttackPotion"},{"floor":35.0,"key":"Block Potion"},{"floor":41.0,"key":"Dexterity Potion"},{"floor":44.0,"key":"AttackPotion"}],"is_trial":false,"path_per_floor":["M","?","M","?","M","E","R","M","T","E","M","$","M","E","R","B",null,"M","M","$","?","?","E","M","E","T","E","M","E","?","M","R","B",null,"M","?","?","M","M","R","E","R","T","M","M","$","E","M","R","B","B",null,"R","$","E"],"character_chosen":"WATCHER","items_purchased":["Lantern","Wallop","DollysMirror","OrangePellets","Art of War","Anchor","Alpha","Apotheosis"],"campfire_rested":0,"item_purchase_floors":[12,12,20,46,46,46,46,54],"current_hp_per_floor":[61,50,50,50,48,14,14,14,14,2,2,17,17,29,29,22,52,52,52,62,45,45,46,46,44,51,43,51,44,44,50,53,53,53,35,41,41,47,53,53,45,53,53,53,53,53,52,51,53,53,51,53,53,53,0,0],"gold":48,"neow_bonus":"RANDOM_COLORLESS_2","is_daily":false,"chose_seed":false,"campfire_upgraded":6,"win_rate":0.0,"timestamp":1612471879,"path_taken":["M","?","M","?","M","E","R","M","T","E","?","$","M","E","R","BOSS","M","M","$","?","?","E","M","E","T","E","M","E","?","M","R","BOSS","M","?","?","M","M","R","E","R","T","M","M","$","E","?","R","BOSS","BOSS","R","$","E"],"items_purchased_type":["Relic","Card","Relic","Relic","Relic","Relic","Card","Card"],"build_version":"2020-12-22","purchased_purges":1,"victory":false,"max_hp_per_floor":[62,62,62,62,62,62,62,62,62,62,62,62,62,62,62,62,62,62,62,62,67,46,46,46,46,53,53,53,53,53,53,53,53,53,53,53,53,53,53,53,53,53,53,53,53,53,53,53,53,53,53,53,53,53,53,53],"card_choices":[{"not_picked":["The Bomb","Panache"],"picked":"Master of Strategy","floor":0.0},{"not_picked":["Collect","SashWhip"],"picked":"JustLucky","floor":1.0},{"not_picked":["PathToVictory","Vengeance"],"picked":"ClearTheMind","floor":3.0},{"not_picked":["JustLucky","DevaForm"],"picked":"FearNoEvil","floor":5.0},{"not_picked":["Judgement","FlurryOfBlows"],"picked":"TalkToTheHand","floor":6.0},{"not_picked":["InnerPeace","Halt"],"picked":"Adaptation","floor":8.0},{"not_picked":["Collect","Worship"],"picked":"CutThroughFate","floor":10.0},{"not_picked":["Indignation","PathToVictory"],"picked":"TalkToTheHand","floor":11.0},{"not_picked":["WreathOfFlame","JustLucky"],"picked":"Weave","floor":13.0},{"not_picked":["SashWhip","ForeignInfluence"],"picked":"Protect","floor":14.0},{"not_picked":["Alpha","DevaForm"],"picked":"Vault","floor":16.0},{"not_picked":["Evaluate","Study"],"picked":"FlurryOfBlows","floor":18.0},{"not_picked":["Crescendo","EmptyFist"],"picked":"Weave+1","floor":19.0},{"not_picked":["Sanctity","Weave"],"picked":"Halt+1","floor":23.0},{"not_picked":["CrushJoints","Protect","ClearTheMind"],"picked":"SKIP","floor":24.0},{"not_picked":["FollowUp","PathToVictory"],"picked":"Wish","floor":25.0},{"not_picked":["EmptyFist+1","SashWhip"],"picked":"FlurryOfBlows","floor":27.0},{"not_picked":["ReachHeaven","Fasting2","Halt"],"picked":"SKIP","floor":28.0},{"not_picked":["Worship","CrushJoints"],"picked":"Conclude","floor":29.0},{"not_picked":["CarveReality","ForeignInfluence"],"picked":"DeceiveReality","floor":31.0},{"not_picked":["SpiritShield","Blasphemy"],"picked":"DeusExMachina","floor":33.0},{"not_picked":["EmptyBody","Crescendo","PathToVictory"],"picked":"SKIP","floor":35.0},{"not_picked":["Sanctity","Fasting2+1"],"picked":"WaveOfTheHand","floor":38.0},{"not_picked":["Consecrate","SignatureMove"],"picked":"CutThroughFate","floor":39.0},{"not_picked":["ReachHeaven","Crescendo"],"picked":"Adaptation+1","floor":41.0},{"not_picked":["FearNoEvil","EmptyFist","Evaluate+1"],"picked":"SKIP","floor":44.0},{"not_picked":["WaveOfTheHand","FollowUp+1","Sanctity+1"],"picked":"SKIP","floor":45.0},{"not_picked":["EmptyBody","FlurryOfBlows"],"picked":"TalkToTheHand","floor":47.0},{"not_picked":["Evaluate","CarveReality","CrushJoints+1"],"picked":"SKIP","floor":48.0}],"player_experience":1441121,"relics_obtained":[{"floor":6.0,"key":"MealTicket"},{"floor":9.0,"key":"Mercury Hourglass"},{"floor":10.0,"key":"FossilizedHelix"},{"floor":14.0,"key":"GoldenEye"},{"floor":23.0,"key":"Nunchaku"},{"floor":25.0,"key":"Pantograph"},{"floor":26.0,"key":"Strawberry"},{"floor":27.0,"key":"Eternal Feather"},{"floor":29.0,"key":"Darkstone Periapt"},{"floor":36.0,"key":"TungstenRod"},{"floor":41.0,"key":"Oddly Smooth Stone"},{"floor":47.0,"key":"Shuriken"}],"event_choices":[{"damage_healed":0.0,"max_hp_gain":0.0,"max_hp_loss":0.0,"gold_gain":75.0,"event_name":"World of Goop","player_choice":"Gather Gold","floor":2.0,"gold_loss":0.0,"damage_taken":11.0},{"damage_healed":0.0,"max_hp_gain":0.0,"max_hp_loss":0.0,"gold_gain":0.0,"event_name":"Match and Keep!","player_choice":"2 cards matched","floor":4.0,"gold_loss":0.0,"damage_taken":0.0,"cards_obtained":["Prostrate","SpiritShield"]},{"damage_healed":0.0,"max_hp_gain":5.0,"max_hp_loss":0.0,"gold_gain":0.0,"event_name":"Forgotten Altar","player_choice":"Shed Blood","floor":21.0,"gold_loss":0.0,"damage_taken":22.0},{"damage_healed":0.0,"max_hp_gain":0.0,"max_hp_loss":21.0,"gold_gain":0.0,"event_name":"Vampires","player_choice":"Became a vampire","floor":22.0,"gold_loss":0.0,"damage_taken":0.0,"cards_obtained":["Bite","Bite","Bite","Bite","Bite"]},{"damage_healed":0.0,"max_hp_gain":0.0,"max_hp_loss":0.0,"gold_gain":0.0,"event_name":"The Mausoleum","player_choice":"Ignored","floor":30.0,"gold_loss":0.0,"damage_taken":0.0},{"damage_healed":0.0,"max_hp_gain":0.0,"max_hp_loss":0.0,"gold_gain":0.0,"event_name":"Mysterious Sphere","player_choice":"Fight","floor":36.0,"gold_loss":0.0,"damage_taken":0.0},{"damage_healed":0.0,"max_hp_gain":0.0,"max_hp_loss":0.0,"gold_gain":0.0,"event_name":"The Woman in Blue","player_choice":"Bought 1 Potion","floor":37.0,"gold_loss":0.0,"damage_taken":0.0}],"is_beta":false,"boss_relics":[{"not_picked":["Black Star","Fusion Hammer"],"picked":"Coffee Dripper"},{"not_picked":["Calling Bell","Busted Crown"],"picked":"Runic Pyramid"}],"items_purged_floors":[46],"is_endless":false,"potions_floor_spawned":[3,6,10,13,14,18,19,27,28,29,35,41,44,47],"killed_by":"Shield and Spear","ascension_level":20}}