{"host":"bxdue9bkfm2khp2x","time":1612425408,"event":{"mods":["ATMod(阿瑾Mod)","Arknights","Aspiration","BaseMod","Better Vampires","Challenge The Spire","Colored Map","Colored Powertips","Conspire","Decade(王小明)","Dota2Spire","Highlight Path","Minty Spire (QoL Compilation)","MostiFishMod","Reliquary","Remilia（蕾米莉亚）","Replay The Spire","RumiaBox-露米娅的神秘盒子","Ryuuou龙王","Spicy Shops","StSLib","Td1madao Mod","The Alterego","The Bug Knight","The Cursed","The Servant 0.9.4","WarShipGirlsR/战舰少女R mod","Wide Potions","noobMod","【功能Mod】混沌之环修复补丁","【遗物卡牌】REMEMod","残留之物","篝火指南"],"gold_per_floor":[116,116,131,56,66,92,50,50,50,50,50,10,10,29,29,101,101,111,130,130,140,155,155,188,88,114,164,199,199,399,399,399,475,475,488,501,55,69,69,94,112,112,112,0,50,50,50,50,50,50],"floor_reached":51,"language":"ZHS","playtime":8227,"items_purged":["rmod:strick","rmod:defend","rmod:strick","rmod:defend"],"score":1511,"play_id":"dfe6847b-3215-4abb-b700-e6bc4d025c43","local_time":"20210204155648","is_ascension_mode":true,"campfire_choices":[{"data":"rmod:smokecover","floor":8.0,"key":"SMITH"},{"data":"rmod:mineteam","floor":10.0,"key":"SMITH"},{"data":"rmod:diaomin","floor":13.0,"key":"SMITH"},{"data":"rmod:basicallowance","floor":15.0,"key":"SMITH"},{"data":"rmod:abidefaith","floor":23,"key":"SMITH"},{"data":"rmod:lonelyqueen","floor":29,"key":"SMITH"},{"data":"rmod:maingunfire","floor":32,"key":"SMITH"},{"data":"rmod:overbreakdown","floor":42,"key":"SMITH"},{"data":"rmod:firesupport","floor":47,"key":"SMITH"},{"data":"rmod:defend","floor":49,"key":"SMITH"}],"circlet_count":0,"master_deck":["AscendersBane","rmod:strick","rmod:strick","rmod:defend+1","rmod:basicallowance+1","rmod:maingunfire+1","Vault+1","rmod:smokecover+1","rmod:firesupport+1","rmod:diaomin+1","rmod:mineteam+1","rmod:overbreakdown+1","rmod:abidefaith+1","rmod:lonelyqueen+1","rmod:intelligenceanalysis+1","rmod:seals"],"relics":["rmod:firstchargereward","DaveBox","REME_ComplimentaryCards","ice","AT_ATBox","MetatronsCube","NeowsBlessing","SynthV:TestCard","Juzu Bracelet","reliquary:ExpiredCoupon","MostiFishMod:Haymaker","Runic Pyramid","Enchiridion","MealTicket","Dota2Spire:AssaultCuirass","xbg","Simple Rune","aspiration:Lifesprig","Red Mask"],"acts_visited":["Exordium","TheCity","TheBeyond"],"potions_floor_usage":[21,22,50],"damage_taken":[{"damage":0.0,"enemies":"Jaw Worm","floor":1.0,"turns":1.0},{"damage":0.0,"enemies":"Cultist","floor":3.0,"turns":1.0},{"damage":0.0,"enemies":"Small Slimes","floor":5.0,"turns":1.0},{"damage":11.0,"enemies":"3 Sentries","floor":6.0,"turns":9.0},{"damage":2.0,"enemies":"Looter","floor":14.0,"turns":2.0},{"damage":0.0,"enemies":"Hexaghost","floor":16.0,"turns":9.0},{"damage":0,"enemies":"Spheric Guardian","floor":18,"turns":4},{"damage":0,"enemies":"3 Byrds","floor":19,"turns":6},{"damage":7,"enemies":"Centurion and Healer","floor":21,"turns":5},{"damage":0,"enemies":"Cultist and Chosen","floor":22,"turns":7},{"damage":6,"enemies":"Slavers","floor":24,"turns":6},{"damage":15,"enemies":"Book of Stabbing","floor":28,"turns":6},{"damage":8,"enemies":"conspire:MysteriousRune","floor":33,"turns":7},{"damage":6,"enemies":"3 Darklings","floor":35,"turns":4},{"damage":0,"enemies":"Orb Walker","floor":36,"turns":4},{"damage":0,"enemies":"Sphere and 2 Shapes","floor":38,"turns":4},{"damage":0,"enemies":"Giant Head","floor":40,"turns":7},{"damage":8,"enemies":"Jaw Worm Horde","floor":41,"turns":4},{"damage":0,"enemies":"conspire:OrnateMirror","floor":50,"turns":10}],"seed_played":"3393494965225323609","potions_obtained":[{"floor":1.0,"key":"ColorlessPotion"},{"floor":3.0,"key":"Dota2Spire:HealingSalve"},{"floor":19,"key":"PowerPotion"},{"floor":21,"key":"Fruit Juice"},{"floor":22,"key":"REME_GoldPotion"},{"floor":24,"key":"Block Potion"}],"is_trial":false,"path_per_floor":["M","?","M","$","M","E","$","R","T","R","?","?","R","M","R","B",null,"M","M","?","M","M","R","E","$","T","?","E","R","?","?","R","B",null,"M","M","$","M","?","E","M","R","T","?","?","?","R","?","R","B",null],"character_chosen":"PRAEFECT","items_purchased":["rmod:mineteam","Simple Rune"],"campfire_rested":0,"item_purchase_floors":[7,37],"current_hp_per_floor":[63,63,63,63,63,70,70,70,70,70,70,70,70,68,68,68,70,70,70,49,47,47,47,41,56,56,56,41,41,41,41,41,33,65,59,59,74,74,74,74,66,66,66,66,66,66,66,66,66,66],"gold":50,"neow_bonus":"THREE_ENEMY_KILL","is_daily":false,"chose_seed":false,"campfire_upgraded":10,"win_rate":0.0,"timestamp":1612425408,"path_taken":["M","?","M","$","?","E","?","R","T","R","?","?","R","M","R","BOSS","M","M","?","M","M","R","E","$","T","?","E","R","?","?","R","BOSS","M","M","$","M","?","E","M","R","T","?","?","?","R","?","R","BOSS"],"items_purchased_type":["Card","Relic"],"build_version":"2020-12-22","purchased_purges":4,"victory":true,"max_hp_per_floor":[70,70,70,70,70,70,70,70,70,70,70,70,70,70,70,70,70,70,70,70,75,75,75,75,75,75,75,75,75,75,75,75,75,75,75,75,75,75,75,75,75,75,75,75,75,71,71,71,71,71],"card_choices":[{"not_picked":["rmod:advancebysurprise","rmod:diamondstrike"],"picked":"rmod:smokecover","floor":1.0},{"not_picked":["rmod:circuitoustactics","rmod:supportescort","rmod:goodfighter","rmod:salvage"],"picked":"rmod:firesupport","floor":3.0},{"not_picked":["rmod:unsinkable","rmod:ammunitionsupply","rmod:aluminumsupply","rmod:generalist","rmod:windflower"],"picked":"SKIP","floor":5.0},{"not_picked":["rmod:heivgo","rmod:wolves","rmod:shuttlebombing","rmod:diamondstrike"],"picked":"rmod:diaomin","floor":6.0},{"not_picked":[],"picked":"rmod:overbreakdown","floor":12.0},{"not_picked":["rmod:firesupport","rmod:overbreakdown","rmod:tearstotiara","rmod:capitalist","rmod:fuelsupply"],"picked":"SKIP","floor":14.0},{"not_picked":["rmod:stealaluminum","rmod:fletcher","rmod:lastglory","rmod:desperatesituation"],"picked":"rmod:abidefaith","floor":16.0},{"not_picked":["rmod:circuitoustactics","rmod:gendarmerie","rmod:slowdown","rmod:tearstotiara","rmod:heivgo"],"picked":"SKIP","floor":18},{"not_picked":["rmod:luckystar","rmod:highspeedshooting","rmod:ammunitionsupply","rmod:shuttlebombing","rmod:steelsupply"],"picked":"SKIP","floor":19},{"not_picked":["rmod:ammunitionsupply","rmod:u235","rmod:luckystar","rmod:diamondstrike"],"picked":"rmod:lonelyqueen","floor":21},{"not_picked":["rmod:intelligenceanalysis","rmod:steelsupply+1","rmod:goodfighter+1","rmod:victimresponsibility","rmod:smokecover"],"picked":"SKIP","floor":22},{"not_picked":["rmod:steelsupply","rmod:expedition","rmod:expeditionaryescort","rmod:smokecover"],"picked":"rmod:intelligenceanalysis+1","floor":24},{"not_picked":["rmod:supportescort","rmod:firesupport","rmod:ridicule","rmod:aviationdawn+1","rmod:launchingtorpedo"],"picked":"SKIP","floor":28},{"not_picked":["rmod:auspiciousomen","rmod:highspeedmaneuver","rmod:windflower","rmod:ridicule"],"picked":"rmod:seals","floor":33},{"not_picked":["rmod:aluminumsupply","rmod:firesupport","rmod:generalist+1","rmod:circuitoustactics","rmod:fletcherpendant"],"picked":"SKIP","floor":35},{"not_picked":["rmod:luckystar","rmod:selfconfidence","rmod:ammunitionsupply","rmod:fletcherpendant","rmod:supportaircraftcarrier"],"picked":"SKIP","floor":36},{"not_picked":["rmod:aluminumsupply","rmod:chargemoney","rmod:fuelsupply+1","rmod:intelligenceanalysis+1","rmod:ammunitionsupply"],"picked":"SKIP","floor":38},{"not_picked":["rmod:victimresponsibility","rmod:gendarmerie","rmod:slowdown","rmod:circuitoustactics","rmod:luckystar"],"picked":"SKIP","floor":40},{"not_picked":["rmod:supportescort","rmod:guardianhero","rmod:rockthrower+1","rmod:tearstotiara","rmod:diamondstrike"],"picked":"SKIP","floor":41}],"player_experience":1415111,"relics_obtained":[{"floor":1.0,"key":"SynthV:TestCard"},{"floor":6.0,"key":"Juzu Bracelet"},{"floor":9.0,"key":"reliquary:ExpiredCoupon"},{"floor":20,"key":"Enchiridion"},{"floor":24,"key":"MealTicket"},{"floor":28,"key":"Dota2Spire:AssaultCuirass"},{"floor":40,"key":"aspiration:Lifesprig"}],"event_choices":[{"damage_healed":0.0,"max_hp_gain":0.0,"max_hp_loss":0.0,"gold_gain":0.0,"event_name":"Accursed Blacksmith","player_choice":"Forge","floor":2.0,"gold_loss":0.0,"damage_taken":0.0,"cards_upgraded":["Vault"]},{"damage_healed":0.0,"max_hp_gain":0.0,"max_hp_loss":0.0,"gold_gain":0.0,"event_name":"Dead Adventurer","player_choice":"Searched \u00272\u0027 times","floor":11.0,"gold_loss":0.0,"damage_taken":0.0,"relics_obtained":["MostiFishMod:Haymaker"]},{"damage_healed":0,"gold_gain":0,"player_choice":"Obtained Book","damage_taken":21,"max_hp_gain":0,"max_hp_loss":0,"event_name":"Cursed Tome","floor":20,"gold_loss":0},{"damage_healed":0,"gold_gain":50,"player_choice":"Stole From Cult","damage_taken":0,"max_hp_gain":0,"max_hp_loss":0,"event_name":"Nest","floor":27,"gold_loss":0},{"damage_healed":0,"gold_gain":250,"player_choice":"Bet on Owner","damage_taken":0,"max_hp_gain":0,"max_hp_loss":0,"event_name":"The Joust","floor":30,"gold_loss":50},{"damage_healed":0,"gold_gain":0,"player_choice":"Memory 1","damage_taken":0,"max_hp_gain":0,"max_hp_loss":0,"event_name":"SensoryStone","floor":39,"gold_loss":0},{"damage_healed":0,"gold_gain":0,"player_choice":"Paid","damage_taken":0,"relics_obtained":["Red Mask"],"max_hp_gain":0,"max_hp_loss":0,"event_name":"Tomb of Lord Red Mask","floor":44,"gold_loss":112},{"damage_healed":0,"gold_gain":50,"player_choice":"Pray","damage_taken":0,"max_hp_gain":0,"max_hp_loss":0,"event_name":"Golden Shrine","floor":45,"gold_loss":0},{"damage_healed":0,"gold_gain":0,"player_choice":"Max HP","damage_taken":0,"max_hp_gain":0,"max_hp_loss":4,"event_name":"Winding Halls","floor":46,"gold_loss":0},{"cards_removed":["rmod:defend"],"damage_healed":0,"gold_gain":0,"player_choice":"Removed Skill","damage_taken":0,"max_hp_gain":0,"max_hp_loss":0,"event_name":"Falling","floor":48,"gold_loss":0}],"is_beta":false,"boss_relics":[{"not_picked":["Fusion Hammer","MoonlightInvasionPlan"],"picked":"Runic Pyramid"},{"not_picked":["Replay:Ancient Bell","HereWithMe"],"picked":"xbg"}],"items_purged_floors":[4,25,37,37],"is_endless":false,"potions_floor_spawned":[1,3,19,21,22,24,36,38,40],"ascension_level":16}}