{"host":"3498uni0c31c9bdm","time":1612435318,"event":{"mods":["BaseMod","Better Third Choice","Minty Spire (QoL Compilation)","Replay The Spire","StSLib"],"gold_per_floor":[110,110,110,110,110,145,145,161,161,161,189,189,233,251,251,345,345,360,360,360,360,374,431,431,441,441,451,43,59,59,59,59,135,135,176,176,194,47,47,47,99,99,99,24,39,39,49,62,62,62],"floor_reached":51,"language":"ENG","playtime":2488,"items_purged":["Normality"],"score":1606,"play_id":"ded92711-6f15-4e62-9710-ba07f8d6b9aa","local_time":"20210204214158","is_ascension_mode":true,"campfire_choices":[{"floor":7.0,"key":"RECALL"},{"data":"MentalFortress","floor":10.0,"key":"SMITH"},{"floor":15,"key":"REST"},{"floor":24,"key":"REST"},{"floor":30,"key":"REST"},{"floor":40,"key":"REST"},{"data":"TalkToTheHand","floor":46,"key":"SMITH"},{"floor":49,"key":"REST"}],"circlet_count":0,"master_deck":["AscendersBane","Strike_P","Strike_P","Strike_P","Strike_P","Defend_P","Defend_P+1","Defend_P","Defend_P","Eruption","Vigilance","Wallop+1","EmptyBody","MentalFortress+1","CarveReality","Collect","WindmillStrike","Wish","ReplayTheSpireMod:Restless Dread","CrushJoints","J.A.X.","Tantrum","Prostrate","EmptyMind+1","FlurryOfBlows","Prostrate","Weave","Ragnarok","MasterReality","Wallop","LikeWater","TalkToTheHand+1","FearNoEvil","Parasite","CutThroughFate+1","WindmillStrike+1"],"relics":["PureWater","NeowsBlessing","Snack Pack","Onion Ring","StoneCalendar","Bag of Marbles","Bloody Idol","Turnip","Replay:Ancient Bell","Omamori","Gremlin Horn","CaptainsWheel","PreservedInsect","Replay:Ringing Soul","Replay:WaspNest","Tiny Chest","Honey Jar","ReplayFunnel","Mummified Hand","Mercury Hourglass","Ring of Hypnosis","Ring of Fangs","Torii"],"acts_visited":["Exordium","TheCity","TheBeyond"],"potions_floor_usage":[16,23,33,50,50,50],"damage_taken":[{"damage":0.0,"enemies":"Jaw Worm","floor":1.0,"turns":1.0},{"damage":0.0,"enemies":"Lagavulin","floor":6.0,"turns":1.0},{"damage":0.0,"enemies":"2 Louse","floor":8.0,"turns":2.0},{"damage":12.0,"enemies":"3 Sentries","floor":11.0,"turns":7.0},{"damage":45.0,"enemies":"Gremlin Nob","floor":13.0,"turns":5.0},{"damage":1,"enemies":"Small Slimes","floor":14,"turns":3},{"damage":23,"enemies":"Fading Forest","floor":16,"turns":11},{"damage":4,"enemies":"Spheric Guardian","floor":18,"turns":4},{"damage":0,"enemies":"Chosen","floor":22,"turns":4},{"damage":44,"enemies":"Slavers","floor":23,"turns":7},{"damage":12,"enemies":"Snecko","floor":25,"turns":5},{"damage":14,"enemies":"Sentry and Sphere","floor":27,"turns":3},{"damage":26,"enemies":"Centurion and Healer","floor":29,"turns":5},{"damage":28,"enemies":"Pondfish","floor":33,"turns":7},{"damage":24,"enemies":"3 Darklings","floor":35,"turns":6},{"damage":17,"enemies":"Orb Walker","floor":37,"turns":2},{"damage":10,"enemies":"Nemesis","floor":41,"turns":5},{"damage":15,"enemies":"Jaw Worm Horde","floor":45,"turns":6},{"damage":59,"enemies":"Writhing Mass","floor":47,"turns":7},{"damage":7,"enemies":"Maw","floor":48,"turns":7},{"damage":93,"enemies":"Time Eater","floor":50,"turns":8}],"seed_played":"7519508496763882939","potions_obtained":[{"floor":1.0,"key":"BlessingOfTheForge"},{"floor":6.0,"key":"Explosive Potion"},{"floor":13,"key":"ColorlessPotion"},{"floor":27,"key":"AttackPotion"},{"floor":33,"key":"Reflective Coating"},{"floor":45,"key":"AttackPotion"},{"floor":47,"key":"Strength Potion"}],"is_trial":false,"path_per_floor":["M","$","?","?","?","E","R","M","T","R","E","?","E","M","R","B",null,"M","?","?","?","M","E","R","M","T","M","$","M","R","?","R","B",null,"M","?","M","$","T","R","E","?","T","$","M","R","M","M","R","B",null],"character_chosen":"WATCHER","items_purchased":["Replay:WaspNest","Tiny Chest","ReplayFunnel"],"campfire_rested":5,"item_purchase_floors":[28,28,38],"current_hp_per_floor":[61,61,61,61,61,61,61,61,61,61,49,49,8,7,27,22,57,55,55,55,55,62,32,52,47,47,43,43,27,49,52,52,36,69,68,68,61,61,61,86,89,92,92,92,89,89,50,59,89,6],"gold":62,"neow_bonus":"THREE_ENEMY_KILL","is_daily":false,"chose_seed":false,"campfire_upgraded":2,"win_rate":0.0,"timestamp":1612435318,"path_taken":["M","$","?","?","?","E","R","M","T","R","E","?","E","M","R","BOSS","M","?","?","?","M","E","R","M","T","M","$","M","R","?","R","BOSS","M","?","M","?","?","R","E","?","T","$","M","R","M","M","R","BOSS"],"items_purchased_type":["Relic","Relic","Relic"],"build_version":"2020-12-22","purchased_purges":1,"victory":true,"max_hp_per_floor":[68,68,68,68,68,68,68,68,68,68,68,68,68,68,68,68,68,68,68,68,68,68,68,68,68,68,71,71,74,74,77,77,80,80,83,83,86,86,86,86,89,92,92,92,95,95,98,101,101,101],"card_choices":[{"not_picked":["MentalFortress","Crescendo"],"picked":"Wallop","floor":1.0},{"not_picked":["JustLucky","CutThroughFate"],"picked":"EmptyBody","floor":6.0},{"not_picked":["ForeignInfluence","CrushJoints"],"picked":"MentalFortress","floor":8.0},{"not_picked":["Replay:DivineShield","Replay:AllIn"],"picked":"CarveReality","floor":11.0},{"not_picked":["Replay:Vibes","Nirvana"],"picked":"Collect","floor":13},{"not_picked":["CrushJoints","Evaluate"],"picked":"WindmillStrike","floor":14},{"not_picked":["Ragnarok","DeusExMachina"],"picked":"Wish","floor":16},{"not_picked":["ReplayTheSpireMod:Restless Dread","Replay:Hysterical Blindness"],"picked":"Decay","floor":17},{"not_picked":["Doubt","ReplayTheSpireMod:Doomed"],"picked":"Regret","floor":17},{"not_picked":["AbeCurse","Spreading Infection"],"picked":"ReplayTheSpireMod:Restless Dread","floor":17},{"not_picked":["Replay:AtTheReady","Consecrate"],"picked":"CrushJoints","floor":18},{"not_picked":["CarveReality","FollowUp+1"],"picked":"Tantrum","floor":22},{"not_picked":["Replay:AllIn","FlurryOfBlows"],"picked":"Prostrate","floor":23},{"not_picked":["CutThroughFate","Replay:Anticipation+1"],"picked":"EmptyMind+1","floor":25},{"not_picked":["SignatureMove","JustLucky"],"picked":"FlurryOfBlows","floor":27},{"not_picked":["JustLucky","LikeWater"],"picked":"Prostrate","floor":29},{"not_picked":["Vault","Replay:AllIn"],"picked":"MasterReality","floor":33},{"not_picked":["ThirdEye","Halt","Consecrate"],"picked":"Wallop","floor":35},{"not_picked":["DeceiveReality","CarveReality","Consecrate"],"picked":"LikeWater","floor":37},{"not_picked":["Fasting2","Replay:ManipulateFuture","Consecrate+1"],"picked":"TalkToTheHand","floor":41},{"not_picked":["Crescendo","Consecrate","EmptyBody"],"picked":"FearNoEvil","floor":45},{"not_picked":["WreathOfFlame","ThirdEye","Evaluate"],"picked":"CutThroughFate+1","floor":47},{"not_picked":["Crescendo","BowlingBash","Protect+1"],"picked":"WindmillStrike+1","floor":48}],"player_experience":833056,"relics_obtained":[{"floor":6.0,"key":"Onion Ring"},{"floor":9.0,"key":"StoneCalendar"},{"floor":11.0,"key":"Bag of Marbles"},{"floor":13,"key":"Turnip"},{"floor":23,"key":"PreservedInsect"},{"floor":26,"key":"Replay:Ringing Soul"},{"floor":39,"key":"Mummified Hand"},{"floor":41,"key":"Mercury Hourglass"},{"floor":42,"key":"Ring of Hypnosis"},{"floor":42,"key":"Ring of Fangs"},{"floor":43,"key":"Torii"}],"event_choices":[{"damage_healed":0.0,"max_hp_gain":0.0,"max_hp_loss":0.0,"gold_gain":0.0,"event_name":"Big Fish","player_choice":"Box","floor":4.0,"gold_loss":0.0,"damage_taken":0.0,"relics_obtained":["Snack Pack"],"cards_obtained":["Regret"]},{"damage_healed":0.0,"max_hp_gain":0.0,"max_hp_loss":0.0,"gold_gain":0.0,"event_name":"Living Wall","player_choice":"Grow","floor":5.0,"gold_loss":0.0,"damage_taken":0.0,"cards_upgraded":["Wallop"]},{"damage_healed":0.0,"max_hp_gain":0.0,"max_hp_loss":0.0,"gold_gain":0.0,"event_name":"Golden Idol","player_choice":"Take Wound","floor":12.0,"gold_loss":0.0,"damage_taken":0.0,"relics_obtained":["Golden Idol"],"cards_obtained":["Injury"]},{"damage_healed":0,"gold_gain":0,"player_choice":"Gave Idol","damage_taken":0,"relics_obtained":["Bloody Idol"],"max_hp_gain":0,"max_hp_loss":0,"event_name":"Forgotten Altar","floor":19,"relics_lost":["Golden Idol"],"gold_loss":0},{"damage_healed":0,"gold_gain":0,"player_choice":"Obtain J.A.X.","damage_taken":0,"max_hp_gain":0,"max_hp_loss":0,"event_name":"Drug Dealer","floor":20,"gold_loss":0,"cards_obtained":["J.A.X."]},{"cards_removed":["Regret"],"damage_healed":0,"gold_gain":0,"player_choice":"Elegance","damage_taken":0,"max_hp_gain":0,"max_hp_loss":0,"event_name":"betterThird:BetterWriting","floor":21,"gold_loss":0},{"damage_healed":0,"gold_gain":0,"player_choice":"2 cards matched","damage_taken":0,"max_hp_gain":0,"max_hp_loss":0,"event_name":"Match and Keep!","floor":31,"gold_loss":0,"cards_obtained":["Weave","Ragnarok"]},{"cards_removed":["Injury"],"damage_healed":0,"gold_gain":0,"player_choice":"Card Removal","damage_taken":0,"max_hp_gain":0,"max_hp_loss":0,"event_name":"Wheel of Change","floor":32,"gold_loss":0},{"damage_healed":0,"gold_gain":0,"player_choice":"Random: Yellow","damage_taken":0,"max_hp_gain":0,"max_hp_loss":0,"event_name":"betterThird:BetterPortal","floor":36,"gold_loss":0},{"damage_healed":0,"gold_gain":0,"player_choice":"Ignored","damage_taken":0,"max_hp_gain":0,"max_hp_loss":0,"event_name":"NoteForYourself","floor":36,"gold_loss":0}],"is_beta":false,"boss_relics":[{"not_picked":["Replay:Bronze Core","Painkiller Herb"],"picked":"Replay:Ancient Bell"},{"not_picked":["Replay:Rubber Ducky","Toy Ornithopter"],"picked":"Omamori"},{"not_picked":["Replay:Bottled Eggs","Pantograph"],"picked":"Gremlin Horn"},{"not_picked":["Girya","Replay:PocketPolymizer"],"picked":"CaptainsWheel"},{"not_picked":["Astrolabe","Busted Crown"],"picked":"Honey Jar"}],"items_purged_floors":[44],"is_endless":false,"potions_floor_spawned":[1,6,13,27,29,33,45,47],"ascension_level":14}}