{"host":"6azrrw3tf7wb0f4b","time":1612442662,"event":{"mods":["BaseMod","DeckTracker","Minty Spire (QoL Compilation)","SuperFastMode"],"gold_per_floor":[109,184,197,197,209,256,268,293,353,365,387,415,442,454,454],"floor_reached":14,"language":"KOR","playtime":188,"items_purged":[],"score":166,"play_id":"b6b83f02-a28c-4444-be0a-c7fbc56654ac","local_time":"20210204214422","is_ascension_mode":true,"campfire_choices":[{"floor":7,"key":"REST"}],"circlet_count":0,"master_deck":["AscendersBane","Strike_B","Strike_B","Strike_B","Defend_B","Defend_B","Defend_B","Defend_B","Zap","Dualcast","Ball Lightning","Chill","Compile Driver","Go for the Eyes","Beam Cell","Genetic Algorithm","Ball Lightning","Cold Snap"],"relics":["Cracked Core","MawBank","Du-Vu Doll","Lantern"],"acts_visited":["Exordium"],"potions_floor_usage":[6,14,14],"damage_taken":[{"damage":2,"enemies":"Jaw Worm","floor":1,"turns":3},{"damage":3,"enemies":"2 Louse","floor":3,"turns":3},{"damage":16,"enemies":"Gremlin Nob","floor":6,"turns":3},{"damage":4,"enemies":"Cultist","floor":8,"turns":3},{"damage":11,"enemies":"2 Fungi Beasts","floor":11,"turns":3},{"damage":1,"enemies":"3 Louse","floor":12,"turns":3},{"damage":11,"enemies":"Exordium Wildlife","floor":13,"turns":2},{"damage":15,"enemies":"Lagavulin","floor":14,"turns":4}],"seed_played":"-4964309791266906199","potions_obtained":[{"floor":3,"key":"PowerPotion"},{"floor":6,"key":"EssenceOfDarkness"},{"floor":8,"key":"Weak Potion"}],"is_trial":false,"path_per_floor":["M","?","M","?","$","E","R","M","T","?","M","M","M","E"],"character_chosen":"DEFECT","items_purchased":[],"campfire_rested":1,"item_purchase_floors":[],"current_hp_per_floor":[62,51,48,30,30,14,35,31,31,31,20,19,8,0,0],"gold":454,"neow_bonus":"THREE_CARDS","is_daily":false,"chose_seed":false,"campfire_upgraded":0,"win_rate":0.0,"timestamp":1612442662,"path_taken":["M","?","M","?","$","E","R","M","T","?","M","M","?","E"],"items_purchased_type":[],"build_version":"2020-12-22","purchased_purges":0,"victory":false,"max_hp_per_floor":[71,71,71,71,71,71,71,71,71,71,71,71,71,71,71],"card_choices":[{"not_picked":["Hologram","Fusion"],"picked":"Ball Lightning","floor":0},{"not_picked":["Turbo","Cold Snap"],"picked":"Chill","floor":1},{"not_picked":["Rebound","Turbo"],"picked":"Compile Driver","floor":3},{"not_picked":["Redo","Fusion"],"picked":"Go for the Eyes","floor":6},{"not_picked":["Hologram","Turbo"],"picked":"Beam Cell","floor":8},{"not_picked":["Conserve Battery","Meteor Strike"],"picked":"Genetic Algorithm","floor":11},{"not_picked":["Barrage","Turbo"],"picked":"Ball Lightning","floor":12},{"not_picked":["Steam","Sweeping Beam"],"picked":"Cold Snap","floor":13}],"player_experience":761100,"relics_obtained":[{"floor":6,"key":"Du-Vu Doll"},{"floor":9,"key":"Lantern"}],"event_choices":[{"damage_healed":0,"gold_gain":75,"player_choice":"Gather Gold","damage_taken":11,"max_hp_gain":0,"max_hp_loss":0,"event_name":"World of Goop","floor":2,"gold_loss":0},{"damage_healed":0,"gold_gain":0,"player_choice":"Success","damage_taken":18,"relics_obtained":["MawBank"],"max_hp_gain":0,"max_hp_loss":0,"event_name":"Scrap Ooze","floor":4,"gold_loss":0},{"cards_removed":["Strike_B"],"damage_healed":0,"gold_gain":0,"player_choice":"Purged","damage_taken":0,"max_hp_gain":0,"max_hp_loss":0,"event_name":"Purifier","floor":10,"gold_loss":0}],"is_beta":false,"boss_relics":[],"items_purged_floors":[],"is_endless":false,"potions_floor_spawned":[3,6,8,11],"killed_by":"Lagavulin","ascension_level":16}}