{"host":"9kesdg97wkrx2bva","time":1612481555,"event":{"mods":["AchievementEnabler","BaseMod","Colored Map","GifTheSpireLib","Infinite Spire","Minty Spire (QoL Compilation)","Replay The Spire","StSLib"],"gold_per_floor":[113,38,57,68,33,33,33,65,65,65,75,75,94,64,64,138,238,252,252,252],"floor_reached":19,"language":"ENG","playtime":634,"items_purged":["Strike_G","infinitespire:Pacifist"],"score":301,"play_id":"3351f06d-b277-4468-944a-03a919c2dafb","local_time":"20210204173235","is_ascension_mode":true,"campfire_choices":[{"data":"Deadly Poison","floor":6,"key":"SMITH"},{"data":"Tools of the Trade","floor":10,"key":"SMITH"},{"data":"Catalyst","floor":12,"key":"SMITH"},{"floor":15,"key":"REST"}],"circlet_count":0,"master_deck":["AscendersBane","Strike_G","Strike_G","Strike_G","Defend_G","Defend_G","Defend_G","Defend_G","Defend_G","Survivor","Neutralize","Deadly Poison+1","Infinite Blades","Backstab","Catalyst+1","Tools of the Trade+1","Fluid Movement","Underhanded Strike","Prepared","Replay:Bag of Tricks"],"relics":["Ring of the Snake","NeowsBlessing","ReplayTheSpireMod:CursedCoin","infinitespire:BottledMercury","Mirror","Replay:Wanted Poster"],"acts_visited":["Exordium","TheCity"],"potions_floor_usage":[8,8,13,16,19],"damage_taken":[{"damage":0,"enemies":"Cultist","floor":1,"turns":1},{"damage":0,"enemies":"Jaw Worm","floor":3,"turns":1},{"damage":0,"enemies":"Small Slimes","floor":4,"turns":1},{"damage":27,"enemies":"3 Sentries","floor":8,"turns":9},{"damage":0,"enemies":"Looter","floor":11,"turns":3},{"damage":10,"enemies":"Gremlin Gang","floor":13,"turns":5},{"damage":26,"enemies":"Slime Boss","floor":16,"turns":11},{"damage":8,"enemies":"Shell Parasite","floor":18,"turns":4},{"damage":45,"enemies":"3 Byrds","floor":19,"turns":7}],"seed_played":"5755007026487355888","potions_obtained":[{"floor":3,"key":"Venom Potion"},{"floor":4,"key":"Poison Potion"},{"floor":11,"key":"Toxic Potion"},{"floor":13,"key":"Dexterity Potion"},{"floor":18,"key":"Block Potion"}],"is_trial":false,"path_per_floor":["M","$","M","M","$","R","?","E","T","R","M","R","M","$","R","B",null,"M","M"],"character_chosen":"THE_SILENT","items_purchased":["ReplayTheSpireMod:CursedCoin","Catalyst","Prepared"],"campfire_rested":1,"item_purchase_floors":[5,5,14],"current_hp_per_floor":[59,59,59,59,59,59,59,32,32,32,32,32,22,22,41,15,53,45,0,0],"gold":252,"neow_bonus":"THREE_ENEMY_KILL","is_daily":false,"chose_seed":false,"campfire_upgraded":3,"win_rate":0.0,"timestamp":1612481555,"path_taken":["M","$","M","M","?","R","?","E","T","R","M","R","M","$","R","BOSS","M","M"],"items_purchased_type":["Relic","Card","Card"],"build_version":"2020-12-22","purchased_purges":2,"victory":false,"max_hp_per_floor":[66,66,66,66,66,66,66,66,66,66,66,66,66,66,66,66,66,66,66,66],"card_choices":[{"not_picked":["Fluid Movement","Riddle With Holes"],"picked":"Deadly Poison","floor":1},{"not_picked":["Sucker Punch","Terror"],"picked":"Infinite Blades","floor":3},{"not_picked":["Deflect","Sucker Punch"],"picked":"Backstab","floor":4},{"not_picked":["Wraith Form v2","Infinite Blades"],"picked":"Tools of the Trade","floor":8},{"not_picked":["Hidden Blade","Prepared"],"picked":"Fluid Movement","floor":11},{"not_picked":["Choke","Slice"],"picked":"Underhanded Strike","floor":13},{"not_picked":["ReplayTheSpireMod:From All Sides","Glass Knife"],"picked":"Replay:Bag of Tricks","floor":16},{"not_picked":["Heel Hook","Blade Dance+1","Deflect"],"picked":"SKIP","floor":18}],"player_experience":1012404,"relics_obtained":[{"floor":8,"key":"infinitespire:BottledMercury"},{"floor":9,"key":"Mirror"}],"event_choices":[{"cards_removed":["Strike_G"],"damage_healed":0,"gold_gain":0,"player_choice":"Offered Basic","damage_taken":0,"max_hp_gain":0,"max_hp_loss":0,"event_name":"Bonfire Elementals","floor":7,"gold_loss":0}],"is_beta":false,"boss_relics":[{"not_picked":["SacredBark","Abe\u0027s Treasure"],"picked":"Replay:Wanted Poster"}],"items_purged_floors":[2,5],"is_endless":false,"potions_floor_spawned":[3,4,11,13,18],"killed_by":"3 Byrds","ascension_level":16}}