{"host":"0luxfixkkfk9wck3","time":1612460986,"event":{"mods":["BaseMod","DeckTracker","Downfall","Highlight Path","Minty Spire (QoL Compilation)","StSLib"],"gold_per_floor":[0,17,17,32,32,32,114,130,130,161,180,192,92,123,143,246,246,246,264,275,288,288,321,321,354,354,354,381,381,281,66,79,181,181,181,196,196,211,261,294,294,313,313,345,360,390,390,407,426,426],"floor_reached":51,"language":"ENG","playtime":54176,"items_purged":[],"score":1178,"play_id":"761e58e8-a790-40de-9c2a-3ea283b11c9d","local_time":"20210204114946","is_ascension_mode":true,"campfire_choices":[{"data":"Apotheosis","floor":1,"key":"SMITH"},{"data":"champ:SwordSigil","floor":9,"key":"SMITH"},{"floor":13,"key":"REST"},{"data":"champ:ShieldThrow","floor":18,"key":"SMITH"},{"floor":30,"key":"REST"},{"floor":35,"key":"RECALL"}],"circlet_count":0,"master_deck":["champ:Strike+1","champ:Strike","champ:Defend","champ:Defend+1","champ:Defend","champ:Defend","champ:Execute+1","champ:Taunt","Apotheosis+1","champ:FocusedDefense","champ:PerfectedStrike","champ:SwordSigil+1","champ:FlashCut","champ:EnGarde","champ:ShieldThrow+1","champ:GutPunch","champ:Backstep","champ:CheapShot","Necronomicurse","champ:FocusedDefense+1","champ:HoldFirm","champ:DefensiveStyle","champ:TripleStrike","champ:DefensiveShout+1","champ:Parry","champ:FocusedDefense","expansioncontent:Chronoboost","champ:ShieldSigil","champ:DefensiveStyle"],"relics":["champ:ChampionCrown","Vajra","champ:LiftRelic","Bottled Lightning","Potion Belt","downfall:HeartBlessingGreen","Juzu Bracelet","Black Star","Orichalcum","bronze:BronzeIdol","hexamod:CandleOfCauterizing","Whetstone","Darkstone Periapt","sneckomod:BlankCard","Necronomicon","downfall:HeartBlessingBlue","sneckomod:SneckoTalon","champ:DeflectingBracers","War Paint","Bag of Marbles","Mummified Hand","Pantograph","Oddly Smooth Stone","Art of War","Ancient Tea Set"],"acts_visited":["Exordium","TheCity","TheBeyond"],"potions_floor_usage":[19,19,25,48,50,50,50,50],"damage_taken":[{"damage":10,"enemies":"Cultist","floor":2,"turns":3},{"damage":0,"enemies":"2 Louse","floor":4,"turns":2},{"damage":20,"enemies":"Small Slimes","floor":8,"turns":4},{"damage":4,"enemies":"Gremlin Nob","floor":10,"turns":3},{"damage":0,"enemies":"2 Fungi Beasts","floor":11,"turns":3},{"damage":15,"enemies":"Blue Slaver","floor":12,"turns":3},{"damage":0,"enemies":"Lagavulin","floor":14,"turns":6},{"damage":0,"enemies":"Exordium Wildlife","floor":15,"turns":3},{"damage":10,"enemies":"IC_STATUS_ARCHETYPE","floor":16,"turns":6},{"damage":3,"enemies":"3 Byrds","floor":19,"turns":5},{"damage":0,"enemies":"Spheric Guardian","floor":20,"turns":3},{"damage":30,"enemies":"Snecko","floor":21,"turns":5},{"damage":9,"enemies":"Gremlin Leader","floor":23,"turns":6},{"damage":23,"enemies":"Slavers","floor":25,"turns":6},{"damage":28,"enemies":"Gremlin Leader","floor":28,"turns":7},{"damage":25,"enemies":"downfall:FleeingMerchant","floor":31,"turns":5},{"damage":5,"enemies":"Snake Plant","floor":32,"turns":2},{"damage":74,"enemies":"SI_MIRROR_ARCHETYPE","floor":33,"turns":10},{"damage":5,"enemies":"Orb Walker","floor":36,"turns":2},{"damage":20,"enemies":"3 Darklings","floor":38,"turns":3},{"damage":11,"enemies":"2 Orb Walkers","floor":39,"turns":4},{"damage":10,"enemies":"Reptomancer","floor":40,"turns":6},{"damage":0,"enemies":"Sphere and 2 Shapes","floor":42,"turns":5},{"damage":27,"enemies":"Giant Head","floor":44,"turns":7},{"damage":8,"enemies":"4 Shapes","floor":45,"turns":3},{"damage":23,"enemies":"Reptomancer","floor":46,"turns":6},{"damage":15,"enemies":"3 Darklings","floor":48,"turns":4},{"damage":23,"enemies":"Spire Growth","floor":49,"turns":3},{"damage":62,"enemies":"DF_ARCHETYPE_ORBS","floor":50,"turns":8}],"seed_played":"-5483048815374851340","potions_obtained":[{"floor":2,"key":"AttackPotion"},{"floor":8,"key":"Energy Potion"},{"floor":10,"key":"Regen Potion"},{"floor":12,"key":"champ:OpenerPotion"},{"floor":19,"key":"Fruit Juice"},{"floor":21,"key":"LiquidBronze"},{"floor":22,"key":"CultistPotion"},{"floor":25,"key":"hexamod:SoulburnPotion"},{"floor":32,"key":"Fire Potion"},{"floor":45,"key":"Strength Potion"},{"floor":48,"key":"champ:UltimateStancePotion"}],"is_trial":false,"path_per_floor":["R","M","?","M","?","?","T","M","R","E","M","M","R","E","M","B",null,"R","M","M","M","?","E","T","E","?","?","E","?","R","$","M","B",null,"R","M","?","M","?","E","T","M","?","E","M","E","?","M","M","B",null],"character_chosen":"THE_CHAMP","items_purchased":["champ:HoldFirm","champ:DefensiveStyle"],"campfire_rested":2,"item_purchase_floors":[31,31],"current_hp_per_floor":[90,90,90,90,90,90,90,80,80,76,76,71,90,90,90,90,90,90,92,92,82,82,78,78,75,75,75,57,47,90,90,90,66,100,100,100,100,100,89,89,89,89,89,82,74,61,61,66,43,21],"gold":426,"neow_bonus":"RANDOM_COLORLESS_2","is_daily":false,"chose_seed":false,"campfire_upgraded":3,"win_rate":0.0,"timestamp":1612460986,"path_taken":["R","M","?","M","?","?","T","M","R","E","M","M","R","E","M","BOSS","R","M","M","M","?","E","T","E","?","?","E","?","R","$","M","BOSS","R","M","?","M","?","E","T","M","?","E","M","E","?","M","M","BOSS"],"items_purchased_type":["Card","Card"],"build_version":"2020-12-22","purchased_purges":0,"victory":true,"max_hp_per_floor":[90,90,90,90,90,90,90,90,90,90,90,90,90,90,90,90,90,90,95,95,95,95,95,95,95,95,95,95,101,111,111,111,111,111,111,111,111,111,111,111,111,111,111,111,111,111,111,111,111,111],"card_choices":[{"not_picked":["Transmutation","Master of Strategy"],"picked":"Apotheosis","floor":0},{"not_picked":["champ:CrownThrow","champ:PreemptiveStrike"],"picked":"champ:FocusedDefense","floor":2},{"not_picked":["champ:Haymaker","champ:CalledShot"],"picked":"champ:PerfectedStrike","floor":4},{"not_picked":["champ:Shatter","champ:FalseCounter","champ:HeartStrike"],"picked":"SKIP","floor":8},{"not_picked":["champ:PreciseThrust","champ:ShieldSlam"],"picked":"champ:FlashCut","floor":10},{"not_picked":["champ:BerserkersShout","champ:FanOfKnives"],"picked":"champ:EnGarde","floor":11},{"not_picked":["champ:PerfectedStrike","champ:DancingMaster","champ:StanceDance"],"picked":"SKIP","floor":12},{"not_picked":["champ:PreciseThrust","champ:GutPunch","champ:FlashCut"],"picked":"SKIP","floor":14},{"not_picked":["champ:FocusedBerserking","champ:FaceSlap","champ:RapidStrikes"],"picked":"SKIP","floor":15},{"not_picked":["champ:Devastate","champ:EnchantSword"],"picked":"champ:ShieldThrow","floor":16},{"not_picked":["champ:CrownThrow+1","champ:BladeFlurry","champ:FaceSlap"],"picked":"SKIP","floor":19},{"not_picked":["champ:CalledShot","champ:CrownThrow"],"picked":"champ:GutPunch","floor":20},{"not_picked":["champ:ShieldSigil","champ:GutPunch+1"],"picked":"champ:Backstep","floor":21},{"not_picked":["champ:FalseCounter","champ:PreciseThrust+1"],"picked":"champ:AdrenalArmor","floor":23},{"not_picked":["champ:EnGarde","champ:GladiatorStyle"],"picked":"champ:CheapShot","floor":25},{"not_picked":["champ:Backstep","champ:CrownThrow+1","champ:Circumvent"],"picked":"SKIP","floor":28},{"not_picked":["champ:BringItOn+1","champ:PreemptiveStrike+1"],"picked":"champ:FocusedDefense","floor":31},{"not_picked":["champ:CrookedStrike","champ:RecklessLeap+1","champ:SetATrap"],"picked":"SKIP","floor":32},{"not_picked":["champ:UltimateStance","champ:CheapShot"],"picked":"champ:TripleStrike","floor":33},{"not_picked":["champ:Backstep","champ:AdrenalArmor"],"picked":"champ:DefensiveShout+1","floor":36},{"not_picked":["champ:CrownThrow+1","champ:FlashCut","champ:EnragedBash"],"picked":"SKIP","floor":38},{"not_picked":["champ:Shatter+1","champ:BladeFlurry","champ:BerserkersShout+1"],"picked":"SKIP","floor":40},{"not_picked":["champ:CrownThrow+1","champ:PreemptiveStrike","champ:Endure"],"picked":"SKIP","floor":42},{"not_picked":["champ:GladiatorForm","champ:PreemptiveStrike+1","champ:FanOfKnives"],"picked":"SKIP","floor":44},{"not_picked":["champ:Haymaker+1","champ:TornadoPunch","champ:DeathBlow"],"picked":"SKIP","floor":45},{"not_picked":["champ:GladiatorStyle+1","champ:EnGarde+1"],"picked":"champ:FocusedDefense","floor":46},{"not_picked":["expansioncontent:HyperBeam","expansioncontent:Hexaburn"],"picked":"expansioncontent:Chronoboost","floor":47},{"not_picked":["champ:CrownThrow","champ:GutPunch"],"picked":"champ:ShieldSigil","floor":48},{"not_picked":["champ:BringItOn+1","champ:Duel+1"],"picked":"champ:DefensiveStyle","floor":49}],"player_experience":11518854,"relics_obtained":[{"floor":7,"key":"Bottled Lightning"},{"floor":10,"key":"Potion Belt"},{"floor":14,"key":"Juzu Bracelet"},{"floor":23,"key":"Orichalcum"},{"floor":23,"key":"bronze:BronzeIdol"},{"floor":25,"key":"hexamod:CandleOfCauterizing"},{"floor":25,"key":"Whetstone"},{"floor":28,"key":"Darkstone Periapt"},{"floor":28,"key":"sneckomod:BlankCard"},{"floor":29,"key":"Necronomicon"},{"floor":39,"key":"champ:DeflectingBracers"},{"floor":40,"key":"War Paint"},{"floor":40,"key":"Bag of Marbles"},{"floor":41,"key":"Mummified Hand"},{"floor":44,"key":"Pantograph"},{"floor":44,"key":"Oddly Smooth Stone"},{"floor":46,"key":"Art of War"},{"floor":46,"key":"Ancient Tea Set"}],"event_choices":[{"damage_healed":0,"gold_gain":0,"cards_transformed":["champ:Strike"],"player_choice":"Change","damage_taken":0,"max_hp_gain":0,"max_hp_loss":0,"event_name":"Living Wall","floor":5,"gold_loss":0,"cards_obtained":["champ:SwordSigil"]},{"cards_removed":["champ:AdrenalArmor"],"damage_healed":0,"gold_gain":0,"player_choice":"Removed Skill","damage_taken":0,"max_hp_gain":0,"max_hp_loss":0,"event_name":"Falling","floor":37,"gold_loss":0},{"damage_healed":0,"gold_gain":0,"player_choice":"Fight","damage_taken":0,"max_hp_gain":0,"max_hp_loss":0,"event_name":"Mysterious Sphere","floor":39,"gold_loss":0}],"is_beta":false,"boss_relics":[{"not_picked":["Runic Pyramid","Astrolabe"],"picked":"Black Star"},{"not_picked":["Snecko Eye","Philosopher\u0027s Stone"],"picked":"sneckomod:SneckoTalon"}],"items_purged_floors":[],"is_endless":false,"potions_floor_spawned":[2,8,10,12,19,21,25,32,36,38,40,45,48,49],"ascension_level":5}}