{"host":"8by3m8mve9y2rhh4","time":1612481395,"event":{"mods":["BaseMod","Minty Spire (QoL Compilation)","Quick Restart"],"gold_per_floor":[119,137,137,6,24,64,64,102,102,126,161,161,176,212,212,340,340,353,353,368,368,136,171,191,214,214,214,258,17,58,71,71,202,265,280,280,298,298,41,80,116,132,132,213,249,262,262,298,298,298,298,298,12,56,56],"floor_reached":56,"language":"ENG","playtime":3443,"items_purged":["Strike_G","Strike_G"],"score":1590,"play_id":"7c6045d2-38fe-4936-b9b9-41831333a61c","local_time":"20210204232955","is_ascension_mode":true,"campfire_choices":[{"floor":7,"key":"REST"},{"floor":15,"key":"REST"},{"floor":27,"key":"REST"},{"floor":32,"key":"RECALL"},{"floor":47,"key":"REST"},{"floor":49,"key":"REST"},{"data":"After Image","floor":52,"key":"SMITH"}],"circlet_count":0,"master_deck":["Strike_G","Defend_G","Defend_G","Defend_G","Defend_G","Defend_G","Survivor","Neutralize","Footwork+1","Noxious Fumes","Venomology","Deflect","Dodge and Roll","Backflip","Tools of the Trade","Escape Plan","Corpse Explosion","Deadly Poison","Backstab","Dagger Throw","After Image+1","Noxious Fumes","Catalyst+1","Heel Hook","Footwork+1","Panache","Noxious Fumes"],"relics":["Ring of the Snake","Golden Idol","Ginger","FossilizedHelix","Pear","WingedGreaves","Black Star","Toolbox","Question Card","Incense Burner","Singing Bowl","Red Mask","Mercury Hourglass","Omamori","Tiny Chest","Tiny House","Matryoshka","DollysMirror","Centennial Puzzle","Anchor","Strawberry","Meat on the Bone","HornCleat","Bottled Tornado","PreservedInsect","Sundial","Oddly Smooth Stone","Ancient Tea Set","Dream Catcher","Mummified Hand","Membership Card","Bird Faced Urn","Happy Flower"],"acts_visited":["Exordium","TheCity","TheBeyond","TheEnding"],"potions_floor_usage":[6,6,8,8,11,11,13,14,14,16,16,18,18,20,23,25,25,28,28,28,30,31,33,35,35,40,40,41,41,42,46,46,48,48,50,55,55],"damage_taken":[{"damage":0,"enemies":"Small Slimes","floor":1,"turns":4},{"damage":2,"enemies":"2 Louse","floor":2,"turns":4},{"damage":5,"enemies":"Cultist","floor":5,"turns":5},{"damage":21,"enemies":"Lagavulin","floor":6,"turns":8},{"damage":29,"enemies":"Gremlin Nob","floor":8,"turns":5},{"damage":5,"enemies":"Red Slaver","floor":10,"turns":6},{"damage":0,"enemies":"Lagavulin","floor":11,"turns":6},{"damage":0,"enemies":"3 Louse","floor":13,"turns":2},{"damage":0,"enemies":"3 Sentries","floor":14,"turns":7},{"damage":8,"enemies":"Slime Boss","floor":16,"turns":14},{"damage":4,"enemies":"3 Byrds","floor":18,"turns":4},{"damage":8,"enemies":"Chosen","floor":20,"turns":7},{"damage":19,"enemies":"Slavers","floor":23,"turns":7},{"damage":5,"enemies":"Shelled Parasite and Fungi","floor":24,"turns":6},{"damage":1,"enemies":"Snake Plant","floor":25,"turns":6},{"damage":14,"enemies":"Masked Bandits","floor":28,"turns":6},{"damage":0,"enemies":"Book of Stabbing","floor":30,"turns":8},{"damage":0,"enemies":"3 Cultists","floor":31,"turns":3},{"damage":8,"enemies":"Collector","floor":33,"turns":9},{"damage":30,"enemies":"3 Darklings","floor":35,"turns":7},{"damage":0,"enemies":"3 Shapes","floor":37,"turns":5},{"damage":24,"enemies":"Reptomancer","floor":40,"turns":9},{"damage":29,"enemies":"Giant Head","floor":41,"turns":12},{"damage":0,"enemies":"Writhing Mass","floor":42,"turns":7},{"damage":0,"enemies":"Nemesis","floor":45,"turns":7},{"damage":0,"enemies":"3 Darklings","floor":46,"turns":5},{"damage":22,"enemies":"Reptomancer","floor":48,"turns":6},{"damage":13,"enemies":"Time Eater","floor":50,"turns":16},{"damage":14,"enemies":"Shield and Spear","floor":54,"turns":4},{"damage":113,"enemies":"The Heart","floor":55,"turns":12}],"seed_played":"-3889876048549729350","potions_obtained":[{"floor":6,"key":"Explosive Potion"},{"floor":8,"key":"Explosive Potion"},{"floor":11,"key":"Energy Potion"},{"floor":14,"key":"Weak Potion"},{"floor":16,"key":"EssenceOfSteel"},{"floor":23,"key":"SkillPotion"},{"floor":25,"key":"EssenceOfSteel"},{"floor":28,"key":"Energy Potion"},{"floor":31,"key":"SteroidPotion"},{"floor":33,"key":"Regen Potion"},{"floor":37,"key":"LiquidBronze"},{"floor":40,"key":"SpeedPotion"},{"floor":46,"key":"Explosive Potion"}],"is_trial":false,"path_per_floor":["M","M","?","$","M","E","R","E","T","M","E","?","M","E","R","B",null,"M","T","M","?","$","E","M","M","T","R","?","$","E","M","R","B",null,"M","?","M","?","$","E","E","M","T","T","E","M","R","E","R","B",null,"R","$","E","B",null],"character_chosen":"THE_SILENT","items_purchased":["Noxious Fumes","Fire Potion","Toolbox","Mercury Hourglass","DollysMirror","Membership Card","Panache","Noxious Fumes"],"campfire_rested":5,"item_purchase_floors":[4,4,22,29,39,53,53,53],"current_hp_per_floor":[77,75,71,71,66,45,66,37,37,32,42,42,42,42,66,58,81,77,77,69,69,69,50,45,44,44,68,56,56,58,60,60,52,92,62,62,64,64,64,57,37,51,51,51,65,67,100,80,115,102,115,115,115,103,18],"gold":56,"neow_bonus":"TEN_PERCENT_HP_BONUS","is_daily":false,"chose_seed":false,"campfire_upgraded":1,"win_rate":0.0,"timestamp":1612481395,"path_taken":["M","M","?","$","M","E","R","E","T","M","E","?","M","E","R","BOSS","M","?","?","?","?","E","M","M","T","R","?","$","E","M","R","BOSS","M","?","?","?","$","E","E","M","T","?","E","M","R","E","R","BOSS","R","$","E","BOSS"],"items_purchased_type":["Card","Potion","Relic","Relic","Relic","Relic","Card","Card"],"build_version":"2020-12-22","purchased_purges":2,"victory":true,"max_hp_per_floor":[77,77,71,71,71,71,71,71,71,71,81,81,81,81,81,81,81,81,81,81,81,81,81,81,81,81,81,83,83,85,87,87,87,92,92,92,94,94,94,96,105,107,107,107,109,111,111,113,115,115,115,115,115,117,117],"card_choices":[{"not_picked":["Bane","Quick Slash"],"picked":"PiercingWail","floor":1},{"not_picked":["Blade Dance","Cloak And Dagger"],"picked":"Footwork","floor":2},{"not_picked":["Tactician","Predator"],"picked":"Venomology","floor":5},{"not_picked":["Riddle With Holes","Slice"],"picked":"Deflect","floor":6},{"not_picked":["Flying Knee","Crippling Poison"],"picked":"Dodge and Roll","floor":8},{"not_picked":["Bane","Deflect"],"picked":"Backflip","floor":10},{"not_picked":["Slice","Underhanded Strike"],"picked":"Tools of the Trade","floor":11},{"not_picked":["All Out Attack","Outmaneuver","Deflect"],"picked":"SKIP","floor":13},{"not_picked":["A Thousand Cuts","Prepared"],"picked":"Escape Plan","floor":14},{"not_picked":["Venomology","Tools of the Trade"],"picked":"Corpse Explosion","floor":16},{"not_picked":["Endless Agony","Masterful Stab","Quick Slash"],"picked":"SKIP","floor":18},{"not_picked":["Underhanded Strike+1","All Out Attack"],"picked":"Deadly Poison","floor":20},{"not_picked":["Infinite Blades","Concentrate+1"],"picked":"Deadly Poison","floor":23},{"not_picked":["Cloak And Dagger","Blade Dance+1","Underhanded Strike","Slice+1"],"picked":"SKIP","floor":24},{"not_picked":["Acrobatics","Dagger Throw+1","Flying Knee","Quick Slash"],"picked":"SKIP","floor":25},{"not_picked":["Outmaneuver","Underhanded Strike","Skewer","Infinite Blades+1"],"picked":"Singing Bowl","floor":28},{"not_picked":["Endless Agony","Riddle With Holes","Backflip","Bane+1"],"picked":"Singing Bowl","floor":30},{"not_picked":["Dodge and Roll","Deflect+1","Flying Knee","Blade Dance"],"picked":"Singing Bowl","floor":31},{"not_picked":["Night Terror","Grand Finale","Doppelganger"],"picked":"After Image","floor":33},{"not_picked":["Finisher","Accuracy","Choke"],"picked":"Noxious Fumes","floor":34},{"not_picked":["Deadly Poison","Acrobatics","Blade Dance"],"picked":"Catalyst+1","floor":35},{"not_picked":["Dodge and Roll+1","Expertise","Poisoned Stab+1","Bane"],"picked":"Singing Bowl","floor":37},{"not_picked":["Backflip+1","Infinite Blades","Cloak And Dagger+1","PiercingWail+1"],"picked":"Singing Bowl","floor":40},{"not_picked":["Deadly Poison+1","Slice","Eviscerate+1","Deflect"],"picked":"Singing Bowl","floor":41},{"not_picked":["Dagger Throw+1","Masterful Stab","Cloak And Dagger+1","Flechettes+1"],"picked":"Singing Bowl","floor":42},{"not_picked":["Flechettes","Choke+1","Poisoned Stab+1","Dagger Throw"],"picked":"Singing Bowl","floor":45},{"not_picked":["Accuracy","Noxious Fumes","Footwork","Bane"],"picked":"Singing Bowl","floor":46},{"not_picked":["Expertise+1","Bullet Time","Acrobatics","Setup"],"picked":"Singing Bowl","floor":48},{"not_picked":["Poisoned Stab+1","Deadly Poison+1","Bouncing Flask+1","Cloak And Dagger+1"],"picked":"Singing Bowl","floor":49},{"not_picked":["Catalyst","Wraith Form v2","Terror+1","Backstab"],"picked":"Singing Bowl","floor":54}],"player_experience":758678,"relics_obtained":[{"floor":8,"key":"Ginger"},{"floor":9,"key":"FossilizedHelix"},{"floor":11,"key":"Pear"},{"floor":14,"key":"WingedGreaves"},{"floor":23,"key":"Question Card"},{"floor":23,"key":"Incense Burner"},{"floor":26,"key":"Singing Bowl"},{"floor":28,"key":"Red Mask"},{"floor":30,"key":"Omamori"},{"floor":30,"key":"Tiny Chest"},{"floor":40,"key":"Centennial Puzzle"},{"floor":40,"key":"Anchor"},{"floor":41,"key":"Strawberry"},{"floor":41,"key":"Meat on the Bone"},{"floor":43,"key":"HornCleat"},{"floor":43,"key":"Bottled Tornado"},{"floor":44,"key":"PreservedInsect"},{"floor":44,"key":"Sundial"},{"floor":45,"key":"Oddly Smooth Stone"},{"floor":45,"key":"Ancient Tea Set"},{"floor":48,"key":"Dream Catcher"},{"floor":48,"key":"Mummified Hand"},{"floor":54,"key":"Bird Faced Urn"},{"floor":54,"key":"Happy Flower"}],"event_choices":[{"damage_healed":0,"gold_gain":0,"player_choice":"Lose Max HP","damage_taken":0,"relics_obtained":["Golden Idol"],"max_hp_gain":0,"max_hp_loss":6,"event_name":"Golden Idol","floor":3,"gold_loss":0},{"cards_removed":["PiercingWail"],"damage_healed":0,"gold_gain":0,"player_choice":"Took Card","damage_taken":0,"max_hp_gain":0,"max_hp_loss":0,"event_name":"NoteForYourself","floor":12,"gold_loss":0,"cards_obtained":["Strike_G"]},{"damage_healed":0,"gold_gain":0,"cards_transformed":["Strike_G","Strike_G"],"player_choice":"Became Test Subject","damage_taken":0,"max_hp_gain":0,"max_hp_loss":0,"event_name":"Drug Dealer","floor":21,"gold_loss":0,"cards_obtained":["Backstab","Dagger Throw"]},{"damage_healed":0,"gold_gain":0,"player_choice":"Fought Bandits","damage_taken":0,"max_hp_gain":0,"max_hp_loss":0,"event_name":"Masked Bandits","floor":28,"gold_loss":0},{"damage_healed":0,"gold_gain":0,"cards_transformed":["Strike_G"],"player_choice":"Transformed","damage_taken":0,"max_hp_gain":0,"max_hp_loss":0,"event_name":"Transmorgrifier","floor":36,"gold_loss":0,"cards_obtained":["Heel Hook"]},{"cards_removed":["Deadly Poison"],"damage_healed":0,"gold_gain":0,"player_choice":"Gave Card","damage_taken":0,"relics_obtained":["Matryoshka"],"max_hp_gain":0,"max_hp_loss":0,"event_name":"WeMeetAgain","floor":38,"gold_loss":0}],"is_beta":false,"boss_relics":[{"not_picked":["Cursed Key","HoveringKite"],"picked":"Black Star"},{"not_picked":["Velvet Choker","Runic Dome"],"picked":"Tiny House"}],"items_purged_floors":[22,39],"is_endless":false,"potions_floor_spawned":[6,8,11,14,16,23,25,28,31,33,37,40,46],"ascension_level":1}}