{"host":"3j2m8n0ywf988fwb","time":1612476550,"event":{"mods":["2.2 Compatiblity","AchievementEnabler","Act Like it!","Aspiration","Astrologer","BaseMod","Better Altar","Better Match","Better Note","Better Sensory Stone","Better Skull","Better Third Choice","CCEM2","ChefMod","Colored Map","Colored Powertips","Conspire","Dark Map","Energized Spire","GifTheSpireLib","Halation","Hallownest","Highlight Path","Hubris","Infinite Spire","Jedi Mod","Marisa????????","Marked Mod","Mimic Mod","Minty Spire (QoL Compilation)","Monster B Gone","Random Character Button","Relic Filter Mod","Relic Stats","Reliquary","Replay The Spire","Robot Space Explorer","Shade Mod","Shop Mod","Somnambulant","StS++","StSLib","Stuff the Spire","The Bug Knight","The Elementalist","The Hierophant","The Runesmith","TheBandit","TheFirefly","Unceasing Turn Reminder","Weighted Paths","everything is the same but u backflip on backflip"],"gold_per_floor":[114,114,164,179,104,104,131,143,180,194,214,234,264,8,8,123,223,236,236,255,255,276,276,312,330,407,407,407,423,441,185,185,204,204],"floor_reached":33,"language":"ENG","playtime":1387,"items_purged":["StarlightTyphoon+1","Defend_MRS"],"score":293,"play_id":"19d0f995-b5ea-418c-959b-e404873af531","local_time":"20210204160910","is_ascension_mode":true,"campfire_choices":[{"data":"StarlightTyphoon","floor":6,"key":"SMITH"},{"floor":15,"key":"REST"},{"data":"FinalSpark","floor":23,"key":"SMITH"},{"data":"DoubleSpark","floor":32,"key":"SMITH"}],"circlet_count":0,"master_deck":["Strike_MRS","Strike_MRS","Strike_MRS","Strike_MRS","Defend_MRS+1","Defend_MRS+1","Defend_MRS","MasterSpark","UpSweep","DoubleSpark+1","GrandCross","FairyDestructionRay+1","PowerUp+1","SporeBomb","FinalSpark+1","DoubleSpark","RefractionSpark","6A","6A","ShootTheMoon","RefractionSpark","DragonMeteor+1"],"relics":["MiniHakkero","halation:IllGainedPizza","reliquary:RoseTintedGlasses","CCEMRelics:JestersCrown","Tiny Chest","Replay:Wanted Poster","Onion Ring","ReplayTheSpireMod:Shallot","StSpp:Dice","Toy Ornithopter"],"acts_visited":["Exordium","TheCity"],"potions_floor_usage":[16,16,22],"damage_taken":[{"damage":0,"enemies":"Small Slimes","floor":1,"turns":4},{"damage":0,"enemies":"2 Louse","floor":4,"turns":2},{"damage":8,"enemies":"Gremlin Nob","floor":7,"turns":3},{"damage":2,"enemies":"conspire:RoseBush","floor":8,"turns":1},{"damage":1,"enemies":"Lots of Slimes","floor":9,"turns":5},{"damage":0,"enemies":"Lots of Slimes","floor":10,"turns":1},{"damage":21,"enemies":"Exordium Wildlife","floor":11,"turns":4},{"damage":17,"enemies":"Exordium Thugs","floor":12,"turns":3},{"damage":10,"enemies":"3 Sentries","floor":13,"turns":4},{"damage":5,"enemies":"Hexaghost","floor":16,"turns":7},{"damage":0,"enemies":"Spheric Guardian","floor":18,"turns":2},{"damage":21,"enemies":"Snake Plant","floor":20,"turns":4},{"damage":0,"enemies":"3 Cultists","floor":22,"turns":4},{"damage":19,"enemies":"Replay:Snechameleon","floor":24,"turns":4},{"damage":22,"enemies":"Sentry and Sphere","floor":25,"turns":4},{"damage":0,"enemies":"Snake Plant","floor":29,"turns":2},{"damage":4,"enemies":"3 Cultists","floor":30,"turns":3},{"damage":49,"enemies":"Pondfish","floor":33,"turns":4}],"seed_played":"7923356387757879039","potions_obtained":[{"floor":7,"key":"ShroomBrew"},{"floor":11,"key":"StSpp:ScatteredPotion"},{"floor":12,"key":"SpeedPotion"},{"floor":29,"key":"jedi:wingpotion"}],"is_trial":false,"path_per_floor":["M","?","?","M","?","R","E","M","MIM","M","M","M","E","$","R","B",null,"M","?","M","?","M","R","E","M","T","?","T","M","M","$","R","B"],"character_chosen":"MARISA","items_purchased":["Tiny Chest","6A","StSpp:Dice"],"campfire_rested":1,"item_purchase_floors":[14,14,31],"current_hp_per_floor":[75,60,60,60,60,60,52,50,49,49,28,11,1,1,23,18,75,75,75,54,85,85,85,66,44,44,53,53,53,49,49,49,0,0],"gold":204,"neow_bonus":"THREE_CARDS","is_daily":false,"chose_seed":false,"campfire_upgraded":3,"win_rate":0.0,"timestamp":1612476550,"path_taken":["M","?","?","M","?","R","E","M","MIM","M","?","M","E","?","R","BOSS","M","?","M","?","M","R","E","M","T","?","?","M","?","?","R","BOSS"],"items_purchased_type":["Relic","Card","Relic"],"build_version":"2020-12-22","purchased_purges":2,"victory":false,"max_hp_per_floor":[75,75,75,75,75,75,75,75,75,75,75,75,75,75,75,75,75,75,75,75,85,85,85,85,85,85,85,85,85,85,85,85,85,85],"relic_stats":{"counters":[18,61],"Tiny Chest":1,"obtain_stats":[{"Replay:Wanted Poster":17,"StSpp:Dice":31,"ReplayTheSpireMod:Shallot":28,"halation:IllGainedPizza":7,"Tiny Chest":14,"Onion Ring":24,"reliquary:RoseTintedGlasses":9,"MiniHakkero":0,"CCEMRelics:JestersCrown":13,"Toy Ornithopter":33},{"Replay:Wanted Poster":10,"StSpp:Dice":17,"ReplayTheSpireMod:Shallot":15,"halation:IllGainedPizza":3,"Tiny Chest":9,"Onion Ring":14,"reliquary:RoseTintedGlasses":5,"MiniHakkero":0,"CCEMRelics:JestersCrown":9,"Toy Ornithopter":18},{"Replay:Wanted Poster":34,"StSpp:Dice":57,"ReplayTheSpireMod:Shallot":52,"halation:IllGainedPizza":9,"Tiny Chest":27,"Onion Ring":48,"reliquary:RoseTintedGlasses":15,"MiniHakkero":0,"CCEMRelics:JestersCrown":27,"Toy Ornithopter":58}],"Toy Ornithopter":0},"card_choices":[{"not_picked":["ChargingUp","ShootingEcho"],"picked":"DoubleSpark","floor":0},{"not_picked":["SprinkleStarSeal","WitchOfGreed"],"picked":"GrandCross","floor":1},{"not_picked":["DarkSpark","EarthLightRay"],"picked":"StarlightTyphoon","floor":4},{"not_picked":["DarkSpark+1","PulseMagic+1"],"picked":"FairyDestructionRay+1","floor":5},{"not_picked":["LuminesStrike+1","AsteroidBelt+1"],"picked":"PowerUp+1","floor":5},{"not_picked":["DeepEcoloBomb","GravityBeat","MagicChant"],"picked":"SKIP","floor":7},{"not_picked":["Acceleration","GrandCross"],"picked":"SporeBomb","floor":8},{"not_picked":["6A","MilkyWay"],"picked":"FinalSpark","floor":9},{"not_picked":["GravityBeat","AsteroidBelt"],"picked":"DoubleSpark","floor":10},{"not_picked":["WitchOfGreed","Occultation"],"picked":"RefractionSpark","floor":11},{"not_picked":["AlicesGift","SprinkleStarSeal","UnstableBomb"],"picked":"SKIP","floor":12},{"not_picked":["StarDustReverie","AlicesGift"],"picked":"6A","floor":13},{"not_picked":["BlazingStar","UltimateShortwave"],"picked":"FinalSpark","floor":16},{"not_picked":["MilkyWay+1","WitchOfGreed+1","UnstableBomb"],"picked":"SKIP","floor":18},{"not_picked":["EnergyRecoil+1","MilkyWay+1","PulseMagic"],"picked":"SKIP","floor":20},{"not_picked":["SporeBomb","NonDirectionalLaser+1"],"picked":"ShootTheMoon","floor":22},{"not_picked":["DC","MysteriousBeam","UltimateShortwave"],"picked":"SKIP","floor":24},{"not_picked":["PowerUp","LuminesStrike","WitchOfGreed"],"picked":"SKIP","floor":25},{"not_picked":["SporeBomb","FairyDestructionRay"],"picked":"RefractionSpark","floor":29},{"not_picked":["UnstableBomb","GravityBeat"],"picked":"DragonMeteor+1","floor":30}],"player_experience":1062757,"relics_obtained":[{"floor":7,"key":"halation:IllGainedPizza"},{"floor":9,"key":"reliquary:RoseTintedGlasses"},{"floor":13,"key":"CCEMRelics:JestersCrown"},{"floor":24,"key":"Onion Ring"},{"floor":28,"key":"ReplayTheSpireMod:Shallot"}],"event_choices":[{"damage_healed":75,"gold_gain":0,"player_choice":"Upgrade","damage_taken":15,"max_hp_gain":0,"max_hp_loss":75,"event_name":"betterThird:BetterShining","floor":2,"gold_loss":0,"cards_upgraded":["Defend_MRS","Defend_MRS"]},{"damage_healed":0,"gold_gain":0,"player_choice":"2","damage_taken":0,"max_hp_gain":0,"max_hp_loss":0,"event_name":"betterMatch:BetterMatch","floor":5,"gold_loss":0,"cards_obtained":["betterMatch:UncommonCard","betterMatch:CommonCard"]},{"cards_removed":["FinalSpark"],"damage_healed":21,"gold_gain":0,"player_choice":"Offered Rare","damage_taken":0,"max_hp_gain":10,"max_hp_loss":0,"event_name":"Bonfire Elementals","floor":21,"gold_loss":0}],"is_beta":false,"boss_relics":[{"not_picked":["hubris:RunicObelisk","Velvet Choker"],"picked":"Replay:Wanted Poster"}],"items_purged_floors":[14,31],"is_endless":false,"potions_floor_spawned":[7,11,12,20,29,30],"killed_by":"Pondfish","ascension_level":1}}