{"host":"9l1knhxfturzliqa","time":1612436535,"event":{"mods":["BaseMod","Colored Map","Colored Powertips","DeckTracker","Highlight Path","Keyboard Shortcuts","Minty Spire (QoL Compilation)","Random Character Button"],"gold_per_floor":[20,20,20,33,58,58,71,71,120,120,154,170,203,227,227,347,347,360,208,226,246,246,246,246],"floor_reached":23,"language":"KOR","playtime":665,"items_purged":["Strike_B"],"score":375,"play_id":"4ac1573c-dc2c-45b1-9300-6c020b8e6cdd","local_time":"20210204200215","is_ascension_mode":true,"campfire_choices":[{"data":"Zap","floor":6.0,"key":"SMITH"},{"data":"Dualcast","floor":8.0,"key":"SMITH"},{"data":"Loop","floor":10.0,"key":"SMITH"},{"data":"Electrodynamics","floor":15.0,"key":"SMITH"}],"circlet_count":0,"master_deck":["Strike_B","Strike_B","Strike_B","Defend_B","Defend_B","Defend_B","Defend_B","Zap+1","Dualcast+1","Electrodynamics+1","Loop+1","BootSequence+1","Conserve Battery+1","Turbo+1","Consume+1","Thunder Strike","Defragment","Double Energy+1"],"relics":["Cracked Core","Golden Idol","Toxic Egg 2","Strawberry","Peace Pipe","Mercury Hourglass","Inserter","Nilry\u0027s Codex"],"acts_visited":["Exordium","TheCity"],"potions_floor_usage":[],"damage_taken":[{"damage":0.0,"enemies":"Small Slimes","floor":1.0,"turns":2.0},{"damage":2.0,"enemies":"Jaw Worm","floor":4.0,"turns":4.0},{"damage":6.0,"enemies":"2 Louse","floor":5.0,"turns":2.0},{"damage":0.0,"enemies":"Large Slime","floor":7.0,"turns":4.0},{"damage":27.0,"enemies":"Gremlin Nob","floor":11.0,"turns":4.0},{"damage":4.0,"enemies":"Red Slaver","floor":12.0,"turns":3.0},{"damage":0.0,"enemies":"3 Sentries","floor":13.0,"turns":4.0},{"damage":0.0,"enemies":"Blue Slaver","floor":14.0,"turns":2.0},{"damage":0.0,"enemies":"Slime Boss","floor":16.0,"turns":4.0},{"damage":0.0,"enemies":"Chosen","floor":18.0,"turns":3.0},{"damage":0.0,"enemies":"Shell Parasite","floor":20.0,"turns":4.0},{"damage":1.0,"enemies":"Snake Plant","floor":21.0,"turns":4.0},{"damage":56,"enemies":"Gremlin Leader","floor":23,"turns":4}],"seed_played":"-1444800715231527414","potions_obtained":[{"floor":7.0,"key":"DuplicationPotion"},{"floor":11.0,"key":"FearPotion"},{"floor":12.0,"key":"Block Potion"},{"floor":14.0,"key":"AttackPotion"},{"floor":16.0,"key":"Weak Potion"}],"is_trial":false,"path_per_floor":["M","?","T","M","M","R","M","R","T","R","E","M","E","M","R","B",null,"M","$","M","M","?","E"],"character_chosen":"DEFECT","items_purchased":["Defragment"],"campfire_rested":0,"item_purchase_floors":[19],"current_hp_per_floor":[68,68,68,66,60,60,60,60,67,67,40,36,36,36,36,36,66,66,66,66,65,49,0,0],"gold":246,"neow_bonus":"THREE_RARE_CARDS","is_daily":false,"chose_seed":false,"campfire_upgraded":4,"win_rate":0.0,"timestamp":1612436535,"path_taken":["M","?","?","M","M","R","M","R","T","R","E","M","E","M","R","BOSS","M","$","M","M","?","E"],"items_purchased_type":["Card"],"build_version":"2020-12-22","purchased_purges":1,"victory":false,"max_hp_per_floor":[75,69,69,69,69,69,69,69,76,76,76,76,76,76,76,76,76,76,76,76,76,76,76,76],"card_choices":[{"not_picked":["Amplify","Thunder Strike"],"picked":"Electrodynamics","floor":0.0},{"not_picked":["Gash","Redo","Rebound"],"picked":"SKIP","floor":1.0},{"not_picked":["Cold Snap","Melter"],"picked":"Loop","floor":4.0},{"not_picked":["Redo+1","Ball Lightning"],"picked":"BootSequence+1","floor":5.0},{"not_picked":["Compile Driver","FTL"],"picked":"Conserve Battery+1","floor":7.0},{"not_picked":["Rebound","Beam Cell"],"picked":"Turbo+1","floor":11.0},{"not_picked":["Cold Snap","Go for the Eyes"],"picked":"Consume+1","floor":12.0},{"not_picked":["Streamline","Electrodynamics","Aggregate+1"],"picked":"SKIP","floor":13.0},{"not_picked":["Steam+1","Recycle+1","Sweeping Beam"],"picked":"SKIP","floor":14.0},{"not_picked":["Buffer","Electrodynamics"],"picked":"Thunder Strike","floor":16.0},{"not_picked":["Hello World","Steam+1","Chaos+1"],"picked":"SKIP","floor":18.0},{"not_picked":["Rebound","Undo+1","Stack+1"],"picked":"SKIP","floor":20.0},{"not_picked":["Rebound","Coolheaded+1"],"picked":"Double Energy+1","floor":21.0}],"player_experience":603046,"relics_obtained":[{"floor":3.0,"key":"Toxic Egg 2"},{"floor":9.0,"key":"Strawberry"},{"floor":11.0,"key":"Peace Pipe"},{"floor":13.0,"key":"Mercury Hourglass"},{"floor":22.0,"key":"Nilry\u0027s Codex"}],"event_choices":[{"damage_healed":0.0,"max_hp_gain":0.0,"max_hp_loss":6.0,"gold_gain":0.0,"event_name":"Golden Idol","player_choice":"Lose Max HP","floor":2.0,"gold_loss":0.0,"damage_taken":0.0,"relics_obtained":["Golden Idol"]},{"damage_healed":0.0,"max_hp_gain":0.0,"max_hp_loss":0.0,"gold_gain":0.0,"event_name":"Cursed Tome","player_choice":"Obtained Book","floor":22.0,"gold_loss":0.0,"damage_taken":16.0}],"is_beta":false,"boss_relics":[{"not_picked":["Ectoplasm","Coffee Dripper"],"picked":"Inserter"}],"items_purged_floors":[19],"is_endless":false,"potions_floor_spawned":[7,11,12,14,16],"killed_by":"Gremlin Leader","ascension_level":7}}