{"host":"jwbw4f4imxd0v0b0","time":1612410410,"event":{"mods":["BaseMod","Colored Map","Highlight Path","Minty Spire (QoL Compilation)","Relic Stats","StSLib"],"gold_per_floor":[111,129,73,148,166,166,166,198,198,198,198,217,217,229,229,303,303,322,339,339,58,58,58],"floor_reached":22,"language":"ENG","playtime":839,"items_purged":[],"score":368,"play_id":"393ab128-aab8-435a-92ab-14d0464b4da8","local_time":"20210203214650","is_ascension_mode":true,"campfire_choices":[{"data":"Barrage","floor":6.0,"key":"SMITH"},{"floor":13,"key":"REST"},{"floor":15,"key":"REST"}],"circlet_count":0,"master_deck":["AscendersBane","Strike_B","Strike_B","Strike_B","Strike_B","Defend_B","Defend_B","Defend_B","Defend_B","Zap+1","Dualcast","Beam Cell","Cold Snap","Barrage+1","Loop+1","Loop+1","Echo Form+1","Buffer+1","Defragment+1","Coolheaded+1"],"relics":["Cracked Core","Frozen Egg 2","Blue Candle","Inserter","Meat on the Bone","Toxic Egg 2"],"acts_visited":["Exordium","TheCity"],"potions_floor_usage":[8,8,18],"damage_taken":[{"damage":1.0,"enemies":"Cultist","floor":1.0,"turns":3.0},{"damage":2.0,"enemies":"Jaw Worm","floor":2.0,"turns":3.0},{"damage":5.0,"enemies":"Small Slimes","floor":5.0,"turns":3.0},{"damage":43,"enemies":"3 Sentries","floor":8,"turns":11},{"damage":18,"enemies":"3 Louse","floor":12,"turns":3},{"damage":8,"enemies":"Red Slaver","floor":14,"turns":3},{"damage":41,"enemies":"Slime Boss","floor":16,"turns":10},{"damage":28,"enemies":"Chosen","floor":18,"turns":7},{"damage":33,"enemies":"2 Thieves","floor":19,"turns":4},{"damage":3,"enemies":"Shelled Parasite and Fungi","floor":22,"turns":2}],"seed_played":"6832719522853199272","potions_obtained":[{"floor":2.0,"key":"SneckoOil"},{"floor":12,"key":"Ancient Potion"},{"floor":16,"key":"LiquidBronze"}],"is_trial":false,"path_per_floor":["M","M","$","?","M","R","?","E","T","?","?","M","R","M","R","B",null,"M","M","T","$","M"],"character_chosen":"DEFECT","items_purchased":["Fire Potion","Toxic Egg 2"],"campfire_rested":2,"item_purchase_floors":[3,21],"current_hp_per_floor":[70,68,68,57,52,52,52,9,9,35,35,17,40,32,55,14,62,34,1,1,1,0,0],"gold":58,"neow_bonus":"TEN_PERCENT_HP_BONUS","is_daily":false,"chose_seed":false,"campfire_upgraded":1,"win_rate":0.0,"timestamp":1612410410,"path_taken":["M","M","$","?","M","R","?","E","T","?","?","M","R","M","R","BOSS","M","M","?","$","M"],"items_purchased_type":["Potion","Relic"],"build_version":"2020-12-22","purchased_purges":0,"victory":false,"max_hp_per_floor":[78,78,78,78,78,78,78,78,78,78,78,78,78,78,78,78,78,78,78,78,78,78,78],"relic_stats":{"Inserter":[6],"counters":[10,47],"Blue Candle":[0],"obtain_stats":[{"Inserter":17,"Blue Candle":9,"Frozen Egg 2":8,"Toxic Egg 2":21,"Cracked Core":0,"Meat on the Bone":20},{"Inserter":7,"Blue Candle":4,"Frozen Egg 2":4,"Toxic Egg 2":9,"Cracked Core":0,"Meat on the Bone":9},{"Inserter":35,"Blue Candle":20,"Frozen Egg 2":20,"Toxic Egg 2":45,"Cracked Core":0,"Meat on the Bone":45}],"Meat on the Bone":0},"card_choices":[{"not_picked":["Rebound","Turbo"],"picked":"Beam Cell","floor":1.0},{"not_picked":["Stack","Machine Learning"],"picked":"Cold Snap","floor":2.0},{"not_picked":["Stack","Streamline"],"picked":"Barrage","floor":5.0},{"not_picked":["Gash","BootSequence"],"picked":"Loop+1","floor":8},{"not_picked":["Go for the Eyes","Undo"],"picked":"Loop+1","floor":12},{"not_picked":["Ball Lightning","Cold Snap"],"picked":"Echo Form+1","floor":14},{"not_picked":["Hyperbeam","Thunder Strike"],"picked":"Buffer+1","floor":16},{"not_picked":["Compile Driver","Aggregate"],"picked":"Defragment+1","floor":18},{"not_picked":["Reinforced Body","Beam Cell"],"picked":"Coolheaded+1","floor":19}],"player_experience":1203564,"relics_obtained":[{"floor":8,"key":"Frozen Egg 2"},{"floor":9,"key":"Blue Candle"},{"floor":20,"key":"Meat on the Bone"}],"event_choices":[{"damage_healed":0.0,"max_hp_gain":0.0,"max_hp_loss":0.0,"gold_gain":75.0,"event_name":"World of Goop","player_choice":"Gather Gold","floor":4.0,"gold_loss":0.0,"damage_taken":11.0},{"damage_healed":0,"gold_gain":0,"player_choice":"Searched \u00271\u0027 times","damage_taken":0,"max_hp_gain":0,"max_hp_loss":0,"event_name":"Dead Adventurer","floor":7,"gold_loss":0},{"damage_healed":26,"gold_gain":0,"player_choice":"Banana","damage_taken":0,"max_hp_gain":0,"max_hp_loss":0,"event_name":"Big Fish","floor":10,"gold_loss":0},{"damage_healed":0,"gold_gain":0,"player_choice":"Upgraded","damage_taken":0,"max_hp_gain":0,"max_hp_loss":0,"event_name":"Upgrade Shrine","floor":11,"gold_loss":0,"cards_upgraded":["Zap"]}],"is_beta":false,"boss_relics":[{"not_picked":["Tiny House","Busted Crown"],"picked":"Inserter"}],"items_purged_floors":[],"is_endless":false,"potions_floor_spawned":[2,12,16],"killed_by":"Shelled Parasite and Fungi","ascension_level":20}}