{"host":"zypv65xzlvx721tj","time":1612449979,"event":{"mods":["2.2 Compatiblity","AchievementEnabler","BaseMod","Colored Map","Colored Powertips","DeckTracker","Highlight Path","Marisa????????","Minty Spire (QoL Compilation)","Relic Stats","StSLib","UnlockEverythingMod"],"gold_per_floor":[118,135,146,156,174,207,157,188,188,10,58,58,110,144,144,268,268,306,306,306,346,388,388,439,481,504,234,234,251,262,287,287,416,416,454,50,60,73,118,118,153,153,153,188,188,218,256,298,298,314,314,314,12,54,54],"floor_reached":56,"language":"ENG","playtime":8567,"items_purged":["Strike_MRS"],"score":1361,"play_id":"81acede3-d8e5-4cf7-840a-49d4c550c380","local_time":"20210204154619","is_ascension_mode":false,"campfire_choices":[{"data":"WitchOfGreed","floor":15.0,"key":"SMITH"},{"floor":23.0,"key":"REST"},{"floor":28.0,"key":"REST"},{"floor":32.0,"key":"REST"},{"floor":40,"key":"RECALL"},{"floor":42,"key":"REST"},{"data":"UltimateShortwave","floor":45,"key":"SMITH"},{"floor":49,"key":"REST"},{"data":"CollectingQuirk","floor":52,"key":"SMITH"}],"circlet_count":0,"master_deck":["Defend_MRS","Defend_MRS","Defend_MRS+1","Defend_MRS","MasterSpark","UpSweep","AlicesGift","LuminesStrike","6A","MysteriousBeam","GrandCross","SporeBomb","AbsoluteMagnitude","WitchOfGreed+1","GalacticHalo+1","MagicChant","MaximisePower","MagicAbsorber","OortCloud","EnergyFlow","MagicChant","Singularity+1","MilkyWay","GalacticHalo","UltimateShortwave+1","MilkyWay","CollectingQuirk+1","SprinkleStarSeal","EarthLightRay+1","BlazeAway+1","GasGiant","MilkyWay+1","Robbery","Parasite","Parasite","EnergyFlow+1"],"relics":["MiniHakkero","Pocketwatch","Juzu Bracelet","Art of War","Pen Nib","Darkstone Periapt","Empty Cage","HornCleat","PreservedInsect","Bag of Marbles","Ginger","Black Star","Nunchaku","Frozen Egg 2","Mummified Hand","Mercury Hourglass","Singing Bowl","Incense Burner","ShroomBag","StoneCalendar","SimpleLauncher","Orichalcum","War Paint"],"acts_visited":["Exordium","TheCity","TheBeyond","TheEnding"],"potions_floor_usage":[37,41,46,46,48,55,55],"damage_taken":[{"damage":2.0,"enemies":"2 Louse","floor":1.0,"turns":2.0},{"damage":0.0,"enemies":"Small Slimes","floor":2.0,"turns":3.0},{"damage":0.0,"enemies":"Cultist","floor":3.0,"turns":2.0},{"damage":6.0,"enemies":"3 Louse","floor":4.0,"turns":4.0},{"damage":10.0,"enemies":"Lots of Slimes","floor":5.0,"turns":4.0},{"damage":2.0,"enemies":"Gremlin Nob","floor":6.0,"turns":3.0},{"damage":21.0,"enemies":"Lagavulin","floor":8.0,"turns":4.0},{"damage":16.0,"enemies":"Gremlin Nob","floor":11.0,"turns":3.0},{"damage":3.0,"enemies":"Lagavulin","floor":13.0,"turns":4.0},{"damage":6.0,"enemies":"Exordium Wildlife","floor":14.0,"turns":2.0},{"damage":8.0,"enemies":"Hexaghost","floor":16.0,"turns":5.0},{"damage":17.0,"enemies":"2 Thieves","floor":18.0,"turns":4.0},{"damage":0.0,"enemies":"Chosen","floor":21.0,"turns":3.0},{"damage":20.0,"enemies":"Sentry and Sphere","floor":22.0,"turns":5.0},{"damage":24.0,"enemies":"Slavers","floor":24.0,"turns":4.0},{"damage":23.0,"enemies":"Shelled Parasite and Fungi","floor":25.0,"turns":6.0},{"damage":11.0,"enemies":"3 Cultists","floor":29.0,"turns":5.0},{"damage":11.0,"enemies":"Chosen and Byrds","floor":30.0,"turns":6.0},{"damage":8.0,"enemies":"Book of Stabbing","floor":31.0,"turns":5.0},{"damage":70.0,"enemies":"Automaton","floor":33.0,"turns":9.0},{"damage":13.0,"enemies":"3 Shapes","floor":35.0,"turns":4.0},{"damage":33,"enemies":"3 Darklings","floor":37,"turns":6},{"damage":1,"enemies":"4 Shapes","floor":38,"turns":3},{"damage":29,"enemies":"Sphere and 2 Shapes","floor":39,"turns":6},{"damage":9,"enemies":"Giant Head","floor":41,"turns":6},{"damage":6,"enemies":"Spire Growth","floor":44,"turns":6},{"damage":24,"enemies":"Reptomancer","floor":46,"turns":6},{"damage":11,"enemies":"4 Shapes","floor":47,"turns":4},{"damage":1,"enemies":"Giant Head","floor":48,"turns":5},{"damage":58,"enemies":"Donu and Deca","floor":50,"turns":8},{"damage":21,"enemies":"Shield and Spear","floor":54,"turns":6},{"damage":60,"enemies":"The Heart","floor":55,"turns":8}],"seed_played":"5336439366114355257","potions_obtained":[{"floor":2.0,"key":"Block Potion"},{"floor":3.0,"key":"CultistPotion"},{"floor":11.0,"key":"Fire Potion"},{"floor":11.0,"key":"SkillPotion"},{"floor":13.0,"key":"ShroomBrew"},{"floor":13.0,"key":"FairyPotion"},{"floor":21.0,"key":"FearPotion"},{"floor":24.0,"key":"Fruit Juice"},{"floor":25.0,"key":"Dexterity Potion"},{"floor":29.0,"key":"Explosive Potion"},{"floor":31.0,"key":"Block Potion"},{"floor":33.0,"key":"ColorlessPotion"},{"floor":33.0,"key":"Regen Potion"},{"floor":35.0,"key":"Strength Potion"},{"floor":35.0,"key":"Block Potion"},{"floor":38,"key":"BlessingOfTheForge"},{"floor":41,"key":"Block Potion"},{"floor":47,"key":"BottledSpark"},{"floor":48,"key":"PowerPotion"}],"is_trial":false,"path_per_floor":["M","M","M","M","M","E","?","E","T","$","E","?","E","M","R","B",null,"M","?","?","M","M","R","E","M","T","$","R","M","M","E","R","B",null,"M","$","M","M","M","R","E","R","T","M","R","E","M","E","R","B",null,"R","$","E","B",null],"character_chosen":"MARISA","items_purchased":["WitchOfGreed","GalacticHalo","GalacticHalo","Bag of Marbles","DistilledChaos","Nunchaku","Frozen Egg 2","SimpleLauncher"],"campfire_rested":5,"item_purchase_floors":[10,10,27,27,27,36,36,53],"current_hp_per_floor":[80,80,80,74,64,62,62,41,41,41,25,52,49,43,43,35,82,65,49,49,49,29,55,31,13,13,13,40,29,18,10,37,19,92,79,79,46,51,28,28,25,52,52,52,52,48,39,58,91,43,110,110,110,89,39],"gold":54,"neow_bonus":"TEN_PERCENT_HP_BONUS","is_daily":false,"chose_seed":false,"campfire_upgraded":3,"win_rate":0.0,"timestamp":1612449979,"path_taken":["M","M","M","M","M","E","?","E","T","$","E","?","E","M","R","BOSS","M","?","?","M","M","R","E","M","T","$","R","M","M","E","R","BOSS","M","$","M","M","M","R","E","R","T","M","R","E","M","E","R","BOSS","R","$","E","BOSS"],"items_purchased_type":["Card","Card","Card","Relic","Potion","Relic","Relic","Relic"],"build_version":"2020-12-22","purchased_purges":1,"victory":true,"max_hp_per_floor":[82,82,82,82,82,82,82,82,82,82,82,82,82,82,82,82,82,82,87,87,87,87,87,87,92,92,92,92,92,92,92,92,92,92,92,92,92,92,92,92,92,92,92,92,92,94,96,110,110,110,110,110,110,110,110],"relic_stats":{"Darkstone Periapt":12,"Singing Bowl":6,"counters":[32,151],"StoneCalendar":[91],"Pen Nib":[22],"PreservedInsect":418,"Juzu Bracelet":0,"Ginger":[7],"Orichalcum":[6],"War Paint":["GalacticHalo","Defend_MRS"],"Mercury Hourglass":[174],"Nunchaku":[11],"Mummified Hand":[18],"Art of War":[15],"Black Star":4,"obtain_stats":[{"Darkstone Periapt":13,"Singing Bowl":46,"StoneCalendar":48,"Pen Nib":11,"PreservedInsect":26,"Juzu Bracelet":8,"Incense Burner":46,"Ginger":31,"Frozen Egg 2":36,"Orichalcum":54,"War Paint":54,"Empty Cage":17,"Mercury Hourglass":41,"ShroomBag":48,"Nunchaku":36,"HornCleat":24,"Mummified Hand":41,"Art of War":9,"Bag of Marbles":27,"Black Star":34,"MiniHakkero":0,"SimpleLauncher":53,"Pocketwatch":6},{"Darkstone Periapt":9,"Singing Bowl":27,"StoneCalendar":29,"Pen Nib":8,"PreservedInsect":16,"Juzu Bracelet":7,"Incense Burner":27,"Ginger":19,"Frozen Egg 2":21,"Orichalcum":31,"War Paint":31,"Empty Cage":11,"Mercury Hourglass":25,"ShroomBag":29,"Nunchaku":21,"HornCleat":15,"Mummified Hand":25,"Art of War":7,"Bag of Marbles":16,"Black Star":20,"MiniHakkero":0,"SimpleLauncher":30,"Pocketwatch":6},{"Darkstone Periapt":29,"Singing Bowl":120,"StoneCalendar":129,"Pen Nib":25,"PreservedInsect":58,"Juzu Bracelet":22,"Incense Burner":120,"Ginger":74,"Frozen Egg 2":87,"Orichalcum":143,"War Paint":143,"Empty Cage":36,"Mercury Hourglass":108,"ShroomBag":129,"Nunchaku":87,"HornCleat":52,"Mummified Hand":108,"Art of War":22,"Bag of Marbles":58,"Black Star":83,"MiniHakkero":0,"SimpleLauncher":137,"Pocketwatch":18}],"Pocketwatch":[126]},"card_choices":[{"not_picked":["DoubleSpark","OrrerysSun"],"picked":"AlicesGift","floor":1.0},{"not_picked":["IllusionStar","AsteroidBelt"],"picked":"LuminesStrike","floor":2.0},{"not_picked":["GravityBeat","OpenUniverse"],"picked":"6A","floor":3.0},{"not_picked":["StarlightTyphoon","GalacticHalo"],"picked":"MysteriousBeam","floor":4.0},{"not_picked":["AsteroidBelt","WitchLeyline"],"picked":"GrandCross","floor":5.0},{"not_picked":["StarlightTyphoon","MeteoricShower"],"picked":"SporeBomb","floor":6.0},{"not_picked":["SuperNova","DC"],"picked":"AbsoluteMagnitude","floor":8.0},{"not_picked":["IllusionStar","WitchLeyline"],"picked":"MagicChant","floor":11.0},{"not_picked":["GalacticHalo","DC"],"picked":"MaximisePower","floor":13.0},{"not_picked":["IllusionStar","OpenUniverse"],"picked":"MagicAbsorber","floor":14.0},{"not_picked":["6A","MysteriousBeam"],"picked":"OortCloud","floor":18.0},{"not_picked":["DragonMeteor+1","Occultation","ShootingEcho"],"picked":"SKIP","floor":21.0},{"not_picked":["UnstableBomb","LuminesStrike"],"picked":"MagicChant","floor":22.0},{"not_picked":["LuminesStrike","Orbital"],"picked":"Singularity+1","floor":24.0},{"not_picked":["FairyDestructionRay","Orbital+1"],"picked":"MilkyWay","floor":25.0},{"not_picked":["WitchOfGreed","MilkyWay"],"picked":"UltimateShortwave","floor":29.0},{"not_picked":["MachineGunSpark","PowerUp"],"picked":"MilkyWay","floor":30.0},{"not_picked":["MagicAbsorber","Orbital","UnstableBomb+1"],"picked":"SKIP","floor":31.0},{"not_picked":["BlazingStar","StarDustReverie"],"picked":"CollectingQuirk","floor":33.0},{"not_picked":["NonDirectionalLaser","ShootingEcho"],"picked":"SprinkleStarSeal","floor":35.0},{"not_picked":["SporeBomb+1","Acceleration+1"],"picked":"EarthLightRay+1","floor":37},{"not_picked":["EventHorizon+1","PropBag+1"],"picked":"BlazeAway+1","floor":38},{"not_picked":["DoubleSpark","NonDirectionalLaser+1"],"picked":"GasGiant","floor":39},{"not_picked":["MysteriousBeam","FinalSpark"],"picked":"MilkyWay+1","floor":41},{"not_picked":["DragonMeteor+1","OpenUniverse"],"picked":"Robbery","floor":44},{"not_picked":["MysteriousBeam","IllusionStar","UnstableBomb+1"],"picked":"Singing Bowl","floor":46},{"not_picked":["Orbital+1","6A","MysteriousBeam"],"picked":"Singing Bowl","floor":47},{"not_picked":["RefractionSpark+1","SuperNova+1","6A+1"],"picked":"Singing Bowl","floor":48},{"not_picked":["EarthLightRay","StarBarrage"],"picked":"EnergyFlow+1","floor":54}],"player_experience":415481,"relics_obtained":[{"floor":6.0,"key":"Pocketwatch"},{"floor":8.0,"key":"Juzu Bracelet"},{"floor":9.0,"key":"Art of War"},{"floor":11.0,"key":"Pen Nib"},{"floor":13.0,"key":"Darkstone Periapt"},{"floor":24.0,"key":"HornCleat"},{"floor":26.0,"key":"PreservedInsect"},{"floor":31.0,"key":"Ginger"},{"floor":41,"key":"Mummified Hand"},{"floor":41,"key":"Mercury Hourglass"},{"floor":46,"key":"Singing Bowl"},{"floor":46,"key":"Incense Burner"},{"floor":48,"key":"ShroomBag"},{"floor":48,"key":"StoneCalendar"},{"floor":54,"key":"Orichalcum"},{"floor":54,"key":"War Paint"}],"event_choices":[{"cards_removed":["Strike_MRS"],"damage_healed":0.0,"max_hp_gain":0.0,"max_hp_loss":0.0,"gold_gain":0.0,"event_name":"The Cleric","player_choice":"Card Removal","floor":7.0,"gold_loss":50.0,"damage_taken":0.0},{"damage_healed":27.0,"max_hp_gain":0.0,"max_hp_loss":0.0,"gold_gain":0.0,"event_name":"Big Fish","player_choice":"Banana","floor":12.0,"gold_loss":0.0,"damage_taken":0.0},{"damage_healed":0.0,"max_hp_gain":5.0,"max_hp_loss":0.0,"gold_gain":0.0,"event_name":"Forgotten Altar","player_choice":"Shed Blood","floor":19.0,"gold_loss":0.0,"damage_taken":21.0},{"damage_healed":0.0,"max_hp_gain":0.0,"max_hp_loss":0.0,"gold_gain":0.0,"event_name":"The Library","player_choice":"Read","floor":20.0,"gold_loss":0.0,"damage_taken":0.0,"cards_obtained":["EnergyFlow"]}],"is_beta":false,"boss_relics":[{"not_picked":["Velvet Choker","Ectoplasm"],"picked":"Empty Cage"},{"not_picked":["Busted Crown","Sozu"],"picked":"Black Star"}],"items_purged_floors":[10],"is_endless":false,"potions_floor_spawned":[2,3,11,13,14,18,29,30,31,33,35,38,41,47,48],"ascension_level":0}}