{"host":"x5w9zppki4gdwvc7","time":1612413595,"event":{"mods":["AchievementEnabler","BaseMod","Colored Powertips","DeckTracker","Minty Spire (QoL Compilation)","Relic Sorter"],"gold_per_floor":[119,139,149,165,90,90,124,124,151,151,151,51,66,81,81,184,184,196,212,68,68,81,81,97,112,112,211,224,224,224,238,238,343,343,360,374,374,374,374],"floor_reached":38,"language":"ENG","playtime":1389,"items_purged":["Strike_P","Strike_P"],"score":405,"play_id":"024d2f64-2038-4f99-9f08-441e0028e9e6","local_time":"20210204053955","is_ascension_mode":false,"campfire_choices":[{"data":"Eruption","floor":6,"key":"SMITH"},{"data":"Wallop","floor":8,"key":"SMITH"},{"data":"Vigilance","floor":10,"key":"SMITH"},{"data":"PathToVictory","floor":15,"key":"SMITH"},{"data":"Vault","floor":23,"key":"SMITH"},{"data":"CrushJoints","floor":29,"key":"SMITH"},{"floor":32,"key":"REST"}],"circlet_count":0,"master_deck":["Defend_P","Defend_P","Defend_P","Defend_P","Eruption+1","Vigilance+1","Scrawl","Wallop+1","CrushJoints+1","FearNoEvil","PathToVictory+1","Vault+1","Wallop+1","PathToVictory+1","Alpha+1"],"relics":["PureWater","Akabeko","Regal Pillow","Nunchaku","Philosopher\u0027s Stone","DollysMirror","Pocketwatch","Empty Cage"],"acts_visited":["Exordium","TheCity","TheBeyond"],"potions_floor_usage":[16,33,33,35,38],"damage_taken":[{"damage":0,"enemies":"Cultist","floor":1,"turns":3},{"damage":2,"enemies":"2 Louse","floor":2,"turns":3},{"damage":0,"enemies":"Jaw Worm","floor":3,"turns":2},{"damage":3,"enemies":"Red Slaver","floor":4,"turns":4},{"damage":0,"enemies":"Gremlin Nob","floor":7,"turns":3},{"damage":0,"enemies":"Looter","floor":13,"turns":3},{"damage":2,"enemies":"2 Fungi Beasts","floor":14,"turns":3},{"damage":9,"enemies":"Hexaghost","floor":16,"turns":6},{"damage":0,"enemies":"Shell Parasite","floor":18,"turns":2},{"damage":0,"enemies":"Chosen","floor":19,"turns":3},{"damage":19,"enemies":"Shelled Parasite and Fungi","floor":22,"turns":4},{"damage":5,"enemies":"Chosen and Byrds","floor":24,"turns":4},{"damage":0,"enemies":"Snecko","floor":25,"turns":3},{"damage":0,"enemies":"Cultist and Chosen","floor":28,"turns":4},{"damage":4,"enemies":"Centurion and Healer","floor":31,"turns":4},{"damage":1,"enemies":"Champ","floor":33,"turns":7},{"damage":37,"enemies":"3 Darklings","floor":35,"turns":5},{"damage":0,"enemies":"Orb Walker","floor":36,"turns":2},{"damage":40,"enemies":"Writhing Mass","floor":38,"turns":3}],"seed_played":"5145216581398722545","potions_obtained":[{"floor":1,"key":"LiquidMemories"},{"floor":2,"key":"Regen Potion"},{"floor":14,"key":"FearPotion"},{"floor":16,"key":"DuplicationPotion"},{"floor":33,"key":"EssenceOfSteel"},{"floor":36,"key":"Block Potion"}],"is_trial":false,"path_per_floor":["M","M","M","M","$","R","E","R","T","R","?","$","M","M","R","B",null,"M","M","$","?","M","R","M","M","T","?","M","R","?","M","R","B",null,"M","M","?","M"],"character_chosen":"WATCHER","items_purchased":["DollysMirror"],"campfire_rested":1,"item_purchase_floors":[20],"current_hp_per_floor":[72,70,70,67,67,67,67,67,67,67,49,49,49,47,47,38,72,72,72,72,72,53,53,48,48,48,48,48,48,48,44,72,71,72,40,40,40,0,0],"gold":374,"neow_bonus":"ONE_RANDOM_RARE_CARD","is_daily":false,"chose_seed":false,"campfire_upgraded":6,"win_rate":0.0,"timestamp":1612413595,"path_taken":["M","?","M","M","?","R","E","R","T","R","?","$","M","M","R","BOSS","M","M","$","?","M","R","M","?","T","?","M","R","?","M","R","BOSS","M","M","?","?"],"items_purchased_type":["Relic"],"build_version":"2020-12-22","purchased_purges":2,"victory":false,"max_hp_per_floor":[72,72,72,72,72,72,72,72,72,72,72,72,72,72,72,72,72,72,72,72,72,72,72,72,72,72,72,72,72,72,72,72,72,72,72,72,72,72,72],"card_choices":[{"not_picked":["FearNoEvil","Halt"],"picked":"Wallop","floor":1},{"not_picked":["JustLucky","Wireheading"],"picked":"CrushJoints","floor":2},{"not_picked":["LikeWater","Crescendo"],"picked":"FearNoEvil","floor":3},{"not_picked":["Fasting2","ForeignInfluence","Halt"],"picked":"SKIP","floor":4},{"not_picked":["FlyingSleeves","ClearTheMind","Devotion"],"picked":"SKIP","floor":7},{"not_picked":["JustLucky","SashWhip","Halt"],"picked":"SKIP","floor":13},{"not_picked":["Nirvana","WindmillStrike"],"picked":"PathToVictory","floor":14},{"not_picked":["MasterReality","SpiritShield"],"picked":"Vault","floor":16},{"not_picked":["CrushJoints","FollowUp","Consecrate+1"],"picked":"SKIP","floor":18},{"not_picked":["BowlingBash","EmptyBody+1","ReachHeaven+1"],"picked":"SKIP","floor":19},{"not_picked":["ReachHeaven","BowlingBash","Crescendo+1"],"picked":"SKIP","floor":22},{"not_picked":["Consecrate","BowlingBash+1","ThirdEye"],"picked":"SKIP","floor":24},{"not_picked":["SashWhip","JustLucky","EmptyBody"],"picked":"SKIP","floor":25},{"not_picked":["Wireheading","Evaluate","Blasphemy"],"picked":"SKIP","floor":28},{"not_picked":["CutThroughFate","Tantrum","Consecrate"],"picked":"SKIP","floor":31},{"not_picked":["MasterReality","Omniscience"],"picked":"Alpha","floor":33},{"not_picked":["Halt+1","Crescendo","ThirdEye+1"],"picked":"SKIP","floor":35},{"not_picked":["Evaluate+1","BattleHymn","EmptyBody+1"],"picked":"SKIP","floor":36}],"player_experience":439656,"relics_obtained":[{"floor":7,"key":"Akabeko"},{"floor":9,"key":"Regal Pillow"},{"floor":26,"key":"Pocketwatch"}],"event_choices":[{"damage_healed":0,"gold_gain":0,"player_choice":"Success","damage_taken":18,"relics_obtained":["Nunchaku"],"max_hp_gain":0,"max_hp_loss":0,"event_name":"Scrap Ooze","floor":11,"gold_loss":0},{"damage_healed":0,"gold_gain":0,"player_choice":"Copied","damage_taken":0,"max_hp_gain":0,"max_hp_loss":0,"event_name":"Duplicator","floor":21,"gold_loss":0,"cards_obtained":["PathToVictory"]},{"damage_healed":0,"gold_gain":99,"player_choice":"Stole From Cult","damage_taken":0,"max_hp_gain":0,"max_hp_loss":0,"event_name":"Nest","floor":27,"gold_loss":0},{"damage_healed":0,"gold_gain":0,"player_choice":"Ignored","damage_taken":0,"max_hp_gain":0,"max_hp_loss":0,"event_name":"Ghosts","floor":30,"gold_loss":0},{"damage_healed":0,"gold_gain":0,"player_choice":"Forge","damage_taken":0,"max_hp_gain":0,"max_hp_loss":0,"event_name":"Accursed Blacksmith","floor":37,"gold_loss":0,"cards_upgraded":["Alpha"]}],"is_beta":false,"boss_relics":[{"not_picked":["Tiny House","SacredBark"],"picked":"Philosopher\u0027s Stone"},{"not_picked":["Pandora\u0027s Box","Snecko Eye"],"picked":"Empty Cage"}],"items_purged_floors":[5,12],"is_endless":false,"potions_floor_spawned":[1,2,14,16,19,24,25,31,33,36],"killed_by":"Writhing Mass","ascension_level":0}}