{"host":"2wfkxmfk74kgfdwc","time":1612461214,"event":{"mods":["BaseMod","Colored Map","Colored Powertips","Minty Spire (QoL Compilation)","Permanent Neow","Quick Restart","Relic Filter Mod","Relic Stats","Reliquary","Spire Arcade","StSLib","Wide Potions","óô»ðÖ¸ÄÏ"],"gold_per_floor":[115,40,55,65,65,90,102,114,150,162,199,228,213,253,265,378,390,413,435,463,504,528,575,687,242,287,304,304,318,328,363,363,467,467,485,29,129,140,151,181,197,197,197,197,217,117,137,157,157,157],"floor_reached":51,"language":"ZHS","playtime":1604,"items_purged":["Strike_R","Strike_R"],"score":973,"play_id":"4c2dcd50-03f2-46e5-9e08-4ac1bbd9f9aa","local_time":"20210205015334","is_ascension_mode":true,"campfire_choices":[{"floor":7.0,"key":"REST"},{"data":"Bash","floor":10.0,"key":"SMITH"},{"floor":15.0,"key":"REST"},{"floor":28.0,"key":"REST"},{"data":"1","floor":32.0,"key":"LIFT"},{"floor":42.0,"key":"REST"},{"data":"2","floor":44.0,"key":"LIFT"},{"floor":49,"key":"REST"}],"circlet_count":0,"master_deck":["Strike_R","Defend_R","Defend_R","Defend_R","Defend_R","Bash+1","Corruption+1","Spot Weakness","Entrench","Spot Weakness","Seeing Red+1","Heavy Blade","Rampage","Offering","Feel No Pain+1","Whirlwind","Flame Barrier+1","Pommel Strike","Carnage","Apotheosis","Feel No Pain","Inflame","Juggernaut","Power Through+1","Shrug It Off","Shrug It Off","Sword Boomerang+1","Decay","True Grit+1","True Grit+1","Second Wind+1"],"relics":["Burning Blood","MawBank","Red Skull","Girya","Lantern","Cursed Key","Red Mask","War Paint","reliquary:BoilingFlask","Nunchaku","Boot","Empty Cage","Ginger","Strange Spoon","Bottled Lightning","reliquary:IridiumChain"],"acts_visited":["Exordium","TheCity","TheBeyond"],"potions_floor_usage":[50],"damage_taken":[{"damage":12.0,"enemies":"Small Slimes","floor":1.0,"turns":4.0},{"damage":7.0,"enemies":"2 Louse","floor":3.0,"turns":4.0},{"damage":6.0,"enemies":"Cultist","floor":4.0,"turns":3.0},{"damage":36.0,"enemies":"Gremlin Nob","floor":6.0,"turns":5.0},{"damage":30.0,"enemies":"3 Sentries","floor":11.0,"turns":7.0},{"damage":12.0,"enemies":"Looter","floor":12.0,"turns":3.0},{"damage":11.0,"enemies":"Lagavulin","floor":14.0,"turns":5.0},{"damage":10.0,"enemies":"The Guardian","floor":16.0,"turns":5.0},{"damage":6.0,"enemies":"Chosen","floor":18.0,"turns":3.0},{"damage":6.0,"enemies":"Spheric Guardian","floor":19.0,"turns":4.0},{"damage":19.0,"enemies":"Snake Plant","floor":20.0,"turns":3.0},{"damage":59.0,"enemies":"Masked Bandits","floor":21.0,"turns":4.0},{"damage":6.0,"enemies":"Snecko","floor":22.0,"turns":3.0},{"damage":14.0,"enemies":"Book of Stabbing","floor":23.0,"turns":3.0},{"damage":19.0,"enemies":"3 Cultists","floor":27.0,"turns":4.0},{"damage":21.0,"enemies":"Snake Plant","floor":29.0,"turns":4.0},{"damage":11.0,"enemies":"Chosen and Byrds","floor":30.0,"turns":4.0},{"damage":3.0,"enemies":"Slavers","floor":31.0,"turns":1.0},{"damage":39.0,"enemies":"Collector","floor":33.0,"turns":8.0},{"damage":19.0,"enemies":"3 Shapes","floor":35.0,"turns":4.0},{"damage":26.0,"enemies":"3 Darklings","floor":38.0,"turns":3.0},{"damage":25.0,"enemies":"Spire Growth","floor":39.0,"turns":4.0},{"damage":0.0,"enemies":"Reptomancer","floor":40.0,"turns":3.0},{"damage":6.0,"enemies":"Transient","floor":41.0,"turns":5.0},{"damage":13.0,"enemies":"4 Shapes","floor":45.0,"turns":3.0},{"damage":32,"enemies":"3 Darklings","floor":47,"turns":4},{"damage":2,"enemies":"Jaw Worm Horde","floor":48,"turns":3},{"damage":6,"enemies":"Time Eater","floor":50,"turns":6}],"seed_played":"-7691849614933597017","potions_obtained":[{"floor":3.0,"key":"Dexterity Potion"},{"floor":6.0,"key":"Explosive Potion"},{"floor":12.0,"key":"Weak Potion"},{"floor":19.0,"key":"BloodPotion"},{"floor":20.0,"key":"Regen Potion"},{"floor":27.0,"key":"DuplicationPotion"},{"floor":33.0,"key":"Swift Potion"},{"floor":35.0,"key":"AttackPotion"},{"floor":45.0,"key":"AttackPotion"},{"floor":47,"key":"Swift Potion"},{"floor":48,"key":"ColorlessPotion"}],"is_trial":false,"path_per_floor":["M","$","M","M","?","E","R","?","T","R","E","M","?","E","R","B",null,"M","M","M","?","M","E","?","$","T","M","R","M","M","E","R","B",null,"M","$","?","M","M","E","M","R","T","R","M","$","M","M","R","B",null],"character_chosen":"IRONCLAD","items_purchased":["Apotheosis","reliquary:BoilingFlask","Ginger","Strange Spoon"],"campfire_rested":5,"item_purchase_floors":[25,25,36,36],"current_hp_per_floor":[66,66,65,65,65,35,56,56,56,56,32,26,26,21,42,38,72,72,72,59,42,42,34,34,34,34,21,42,27,40,43,43,10,72,59,59,59,39,20,26,26,47,47,47,40,40,14,18,39,39],"gold":157,"neow_bonus":"THREE_RARE_CARDS","is_daily":false,"chose_seed":false,"campfire_upgraded":1,"win_rate":0.0,"timestamp":1612461214,"path_taken":["M","$","M","M","?","E","R","?","T","R","E","?","?","E","R","BOSS","M","M","M","?","M","E","?","$","T","M","R","M","M","E","R","BOSS","M","$","?","M","?","E","M","R","T","R","M","$","M","M","R","BOSS"],"items_purchased_type":["Card","Relic","Relic","Relic"],"build_version":"2020-12-22","purchased_purges":2,"victory":true,"max_hp_per_floor":[72,72,72,72,72,72,72,72,72,72,72,72,72,72,72,72,72,72,72,72,72,72,72,72,72,72,72,72,72,72,72,72,72,72,72,72,72,72,72,72,72,72,72,72,72,72,72,72,72,72],"relic_stats":{"Strange Spoon":[36],"Nunchaku":[7],"counters":[28,112],"Ginger":[2],"War Paint":["Seeing Red","Flame Barrier"],"MawBank":228,"Cursed Key":2,"Boot":[5],"obtain_stats":[{"Girya":11,"Lantern":14,"reliquary:BoilingFlask":25,"Ginger":36,"War Paint":23,"MawBank":6,"Cursed Key":17,"Boot":31,"Empty Cage":34,"Burning Blood":0,"reliquary:IridiumChain":43,"Strange Spoon":36,"Nunchaku":26,"Red Mask":21,"Bottled Lightning":40,"Red Skull":9},{"Girya":5,"Lantern":7,"reliquary:BoilingFlask":14,"Ginger":20,"War Paint":14,"MawBank":4,"Cursed Key":8,"Boot":18,"Empty Cage":19,"Burning Blood":0,"reliquary:IridiumChain":24,"Strange Spoon":20,"Nunchaku":14,"Red Mask":12,"Bottled Lightning":23,"Red Skull":4},{"Girya":23,"Lantern":31,"reliquary:BoilingFlask":56,"Ginger":81,"War Paint":56,"MawBank":16,"Cursed Key":36,"Boot":69,"Empty Cage":77,"Burning Blood":0,"reliquary:IridiumChain":96,"Strange Spoon":81,"Nunchaku":56,"Red Mask":50,"Bottled Lightning":91,"Red Skull":16}],"Burning Blood":168},"card_choices":[{"not_picked":["Barricade","Reaper"],"picked":"Corruption","floor":0.0},{"not_picked":["Thunderclap","Flex","Rupture"],"picked":"SKIP","floor":1.0},{"not_picked":["Clothesline","Burning Pact"],"picked":"Spot Weakness","floor":3.0},{"not_picked":["Thunderclap","Iron Wave"],"picked":"Entrench","floor":4.0},{"not_picked":["Cleave","Body Slam"],"picked":"Spot Weakness","floor":6.0},{"not_picked":["Blood for Blood","Anger"],"picked":"Seeing Red","floor":11.0},{"not_picked":["Iron Wave","Anger"],"picked":"Heavy Blade","floor":12.0},{"not_picked":["Disarm","Warcry"],"picked":"Rampage","floor":14.0},{"not_picked":["Corruption","Berserk"],"picked":"Offering","floor":16.0},{"not_picked":["Perfected Strike","Searing Blow"],"picked":"Feel No Pain+1","floor":18.0},{"not_picked":["Clash+1","Combust"],"picked":"Whirlwind","floor":19.0},{"not_picked":["Iron Wave+1","Warcry"],"picked":"Flame Barrier","floor":20.0},{"not_picked":["Ghostly Armor","Reckless Charge"],"picked":"Pommel Strike","floor":21.0},{"not_picked":["Cleave","Iron Wave"],"picked":"Carnage","floor":22.0},{"not_picked":["Hemokinesis","Dropkick+1","Cleave"],"picked":"SKIP","floor":23.0},{"not_picked":["Bloodletting","Headbutt+1"],"picked":"Feel No Pain","floor":27.0},{"not_picked":["Combust","Twin Strike","Feed"],"picked":"SKIP","floor":29.0},{"not_picked":["Pommel Strike","Warcry+1","Carnage"],"picked":"SKIP","floor":30.0},{"not_picked":["Twin Strike","Disarm"],"picked":"Inflame","floor":31.0},{"not_picked":["Double Tap","Reaper"],"picked":"Juggernaut","floor":33.0},{"not_picked":["True Grit+1","Pommel Strike"],"picked":"Power Through+1","floor":35.0},{"not_picked":["Reckless Charge","Heavy Blade"],"picked":"Shrug It Off","floor":38.0},{"not_picked":["Iron Wave+1","Sword Boomerang","Brutality"],"picked":"SKIP","floor":39.0},{"not_picked":["Armaments","Searing Blow"],"picked":"Shrug It Off","floor":40.0},{"not_picked":["Body Slam","Searing Blow+1"],"picked":"Sword Boomerang+1","floor":41.0},{"not_picked":["Thunderclap","Headbutt+1"],"picked":"True Grit+1","floor":45.0},{"not_picked":["Cleave","Warcry+1"],"picked":"True Grit+1","floor":47},{"not_picked":["Dual Wield","Headbutt"],"picked":"Second Wind+1","floor":48}],"player_experience":3835,"relics_obtained":[{"floor":6.0,"key":"MawBank"},{"floor":9.0,"key":"Red Skull"},{"floor":11.0,"key":"Girya"},{"floor":14.0,"key":"Lantern"},{"floor":21.0,"key":"Red Mask"},{"floor":23.0,"key":"War Paint"},{"floor":26.0,"key":"Nunchaku"},{"floor":31.0,"key":"Boot"},{"floor":40.0,"key":"Bottled Lightning"},{"floor":43.0,"key":"reliquary:IridiumChain"}],"event_choices":[{"damage_healed":0.0,"max_hp_gain":0.0,"max_hp_loss":0.0,"gold_gain":0.0,"event_name":"Living Wall","player_choice":"Grow","floor":5.0,"gold_loss":0.0,"damage_taken":0.0,"cards_upgraded":["Corruption"]},{"cards_removed":["Strike_R"],"damage_healed":0.0,"max_hp_gain":0.0,"max_hp_loss":0.0,"gold_gain":0.0,"event_name":"Purifier","player_choice":"Purged","floor":8.0,"gold_loss":0.0,"damage_taken":0.0},{"damage_healed":0.0,"max_hp_gain":0.0,"max_hp_loss":0.0,"gold_gain":0.0,"event_name":"World of Goop","player_choice":"Left Gold","floor":13.0,"gold_loss":27.0,"damage_taken":0.0},{"damage_healed":0.0,"max_hp_gain":0.0,"max_hp_loss":0.0,"gold_gain":0.0,"event_name":"Masked Bandits","player_choice":"Fought Bandits","floor":21.0,"gold_loss":0.0,"damage_taken":0.0},{"damage_healed":0.0,"max_hp_gain":0.0,"max_hp_loss":0.0,"gold_gain":100.0,"event_name":"Golden Shrine","player_choice":"Pray","floor":24.0,"gold_loss":0.0,"damage_taken":0.0},{"damage_healed":0.0,"max_hp_gain":0.0,"max_hp_loss":0.0,"gold_gain":100.0,"event_name":"Golden Shrine","player_choice":"Pray","floor":37.0,"gold_loss":0.0,"damage_taken":0.0}],"is_beta":false,"boss_relics":[{"not_picked":["SacredBark","Snecko Eye"],"picked":"Cursed Key"},{"not_picked":["Mark of Pain","Velvet Choker"],"picked":"Empty Cage"}],"items_purged_floors":[2,46],"is_endless":false,"potions_floor_spawned":[3,6,12,19,20,27,29,30,33,35,39,45,47,48],"ascension_level":2}}