{"host":"6azrrw3tf7wb0f4b","time":1612416117,"event":{"mods":["BaseMod","DeckTracker","Minty Spire (QoL Compilation)","SuperFastMode"],"gold_per_floor":[109,109,120,140,160,160,189,200,200,200,213,213,229,249,249,322,322,339,339,355,41,41,76,76,111,161,161,261,261,295,220,220,295,295,308,325,343,356,369,369,388,418,441,441,461,492,503,473,473,473,473],"floor_reached":50,"language":"KOR","playtime":3108,"items_purged":["Strike_P"],"score":1140,"play_id":"7f447044-1bbf-42ca-998d-72f47c4fdb02","local_time":"20210204142157","is_ascension_mode":true,"campfire_choices":[{"data":"Eruption","floor":6,"key":"SMITH"},{"floor":12,"key":"REST"},{"data":"MentalFortress","floor":15,"key":"SMITH"},{"floor":24,"key":"REST"},{"data":"Scrawl","floor":29,"key":"SMITH"},{"data":"Adaptation","floor":32,"key":"SMITH"},{"floor":40,"key":"REST"},{"data":"Adaptation","floor":44,"key":"SMITH"},{"floor":49,"key":"REST"}],"circlet_count":0,"master_deck":["AscendersBane","Strike_P+1","Defend_P+1","Defend_P","Eruption+1","Vigilance","SashWhip","MentalFortress+1","Tantrum","Adaptation+1","Adaptation+1","DeusExMachina","Prostrate","DeceiveReality","Scrawl+1","Wallop","FearNoEvil","InnerPeace","EmptyBody","ClearTheMind+1","FlurryOfBlows+1","Parasite","TalkToTheHand"],"relics":["PureWater","Strawberry","Mummified Hand","StrikeDummy","VioletLotus","Gremlin Horn","Oddly Smooth Stone","Toy Ornithopter","Incense Burner","Anchor","Thread and Needle","Pantograph","Potion Belt","Empty Cage","Bottled Tornado","Bottled Lightning"],"acts_visited":["Exordium","TheCity","TheBeyond"],"potions_floor_usage":[16,18,25,42,46,46,50,50,50,50],"damage_taken":[{"damage":2,"enemies":"Jaw Worm","floor":1,"turns":3},{"damage":5,"enemies":"2 Louse","floor":3,"turns":3},{"damage":0,"enemies":"Small Slimes","floor":4,"turns":4},{"damage":2,"enemies":"Exordium Thugs","floor":5,"turns":3},{"damage":27,"enemies":"Lagavulin","floor":7,"turns":5},{"damage":0,"enemies":"Blue Slaver","floor":8,"turns":3},{"damage":3,"enemies":"Looter","floor":11,"turns":3},{"damage":9,"enemies":"3 Louse","floor":13,"turns":3},{"damage":3,"enemies":"Gremlin Gang","floor":14,"turns":2},{"damage":17,"enemies":"The Guardian","floor":16,"turns":11},{"damage":2,"enemies":"2 Thieves","floor":18,"turns":3},{"damage":2,"enemies":"Shell Parasite","floor":20,"turns":2},{"damage":32,"enemies":"Slavers","floor":23,"turns":8},{"damage":10,"enemies":"Book of Stabbing","floor":25,"turns":4},{"damage":5,"enemies":"Colosseum Slavers","floor":28,"turns":4},{"damage":0,"enemies":"Colosseum Nobs","floor":28,"turns":4},{"damage":0,"enemies":"Gremlin Leader","floor":30,"turns":3},{"damage":0,"enemies":"Champ","floor":33,"turns":5},{"damage":0,"enemies":"3 Darklings","floor":35,"turns":3},{"damage":31,"enemies":"Orb Walker","floor":36,"turns":4},{"damage":0,"enemies":"Jaw Worm Horde","floor":37,"turns":3},{"damage":2,"enemies":"Maw","floor":38,"turns":8},{"damage":19,"enemies":"Transient","floor":39,"turns":5},{"damage":0,"enemies":"4 Shapes","floor":41,"turns":4},{"damage":0,"enemies":"Giant Head","floor":42,"turns":3},{"damage":24,"enemies":"Writhing Mass","floor":45,"turns":8},{"damage":2,"enemies":"Nemesis","floor":46,"turns":3},{"damage":21,"enemies":"Transient","floor":47,"turns":5},{"damage":87,"enemies":"Time Eater","floor":50,"turns":7}],"seed_played":"736177578409996914","potions_obtained":[{"floor":3,"key":"Dexterity Potion"},{"floor":5,"key":"LiquidBronze"},{"floor":16,"key":"Block Potion"},{"floor":18,"key":"CultistPotion"},{"floor":28,"key":"CultistPotion"},{"floor":35,"key":"LiquidMemories"},{"floor":38,"key":"PowerPotion"},{"floor":45,"key":"Regen Potion"},{"floor":47,"key":"Swift Potion"},{"floor":48,"key":"Ancient Potion"}],"is_trial":false,"path_per_floor":["M","?","M","M","M","R","E","M","T","?","M","R","M","M","R","B",null,"M","?","M","$","T","E","R","E","T","?","?","R","E","$","R","B",null,"M","M","M","M","M","R","M","E","T","R","M","E","M","?","R","B"],"character_chosen":"WATCHER","items_purchased":["FearNoEvil","Gremlin Horn"],"campfire_rested":4,"item_purchase_floors":[21,21],"current_hp_per_floor":[70,54,49,49,47,47,20,20,20,20,17,40,31,28,28,11,62,60,60,58,58,58,26,49,44,44,44,39,39,39,39,39,64,75,75,44,44,42,23,46,46,51,51,51,27,35,14,14,37,0,0],"gold":473,"neow_bonus":"RANDOM_COMMON_RELIC","is_daily":false,"chose_seed":false,"campfire_upgraded":5,"win_rate":0.0,"timestamp":1612416117,"path_taken":["M","?","M","M","M","R","E","M","T","?","M","R","M","M","R","BOSS","M","?","M","$","?","E","R","E","T","?","?","R","E","?","R","BOSS","M","M","M","M","M","R","M","E","T","R","M","E","M","?","R","BOSS"],"items_purchased_type":["Card","Relic"],"build_version":"2020-12-22","purchased_purges":1,"victory":false,"max_hp_per_floor":[79,79,79,79,79,79,79,79,79,79,79,79,79,79,79,79,79,79,79,79,79,79,79,79,79,79,79,79,79,79,79,79,79,79,79,79,79,79,79,79,79,79,79,79,79,79,79,79,79,79,79],"card_choices":[{"not_picked":["FlyingSleeves","DeceiveReality"],"picked":"SashWhip","floor":1},{"not_picked":["Protect","Halt"],"picked":"MentalFortress","floor":3},{"not_picked":["FlurryOfBlows","DeusExMachina"],"picked":"Tantrum","floor":4},{"not_picked":["Crescendo","SignatureMove"],"picked":"Adaptation","floor":5},{"not_picked":["Prostrate","FollowUp"],"picked":"Adaptation","floor":7},{"not_picked":["Collect","WreathOfFlame","Perseverance"],"picked":"SKIP","floor":8},{"not_picked":["BowlingBash","Prostrate","SashWhip"],"picked":"SKIP","floor":11},{"not_picked":["Adaptation","JustLucky"],"picked":"Prostrate","floor":13},{"not_picked":["Consecrate","Adaptation"],"picked":"DeceiveReality","floor":14},{"not_picked":["Ragnarok","Blasphemy"],"picked":"Scrawl","floor":16},{"not_picked":["PathToVictory","FlyingSleeves","BowlingBash"],"picked":"SKIP","floor":18},{"not_picked":["Wireheading","BowlingBash"],"picked":"Wallop","floor":20},{"not_picked":["Vengeance","Study"],"picked":"InnerPeace","floor":23},{"not_picked":["Tantrum","Wallop","Judgement"],"picked":"SKIP","floor":25},{"not_picked":["MasterReality","Crescendo"],"picked":"EmptyBody","floor":30},{"not_picked":["Evaluate","ForeignInfluence","BowlingBash"],"picked":"SKIP","floor":35},{"not_picked":["Prostrate","Perseverance"],"picked":"ClearTheMind+1","floor":36},{"not_picked":["Evaluate+1","EmptyMind+1"],"picked":"FlurryOfBlows+1","floor":37},{"not_picked":["Weave","FlurryOfBlows","SashWhip"],"picked":"SKIP","floor":38},{"not_picked":["FlyingSleeves","Consecrate+1","Protect"],"picked":"SKIP","floor":39},{"not_picked":["EmptyFist","FollowUp","ClearTheMind"],"picked":"SKIP","floor":41},{"not_picked":["SashWhip+1","FlurryOfBlows+1","DeusExMachina"],"picked":"SKIP","floor":42},{"not_picked":["Perseverance","BattleHymn","ReachHeaven+1"],"picked":"SKIP","floor":45},{"not_picked":["JustLucky","Protect","DeceiveReality+1"],"picked":"SKIP","floor":46},{"not_picked":["Halt","Protect"],"picked":"TalkToTheHand","floor":47}],"player_experience":752744,"relics_obtained":[{"floor":7,"key":"Mummified Hand"},{"floor":9,"key":"StrikeDummy"},{"floor":22,"key":"Oddly Smooth Stone"},{"floor":23,"key":"Toy Ornithopter"},{"floor":25,"key":"Incense Burner"},{"floor":26,"key":"Anchor"},{"floor":28,"key":"Thread and Needle"},{"floor":28,"key":"Pantograph"},{"floor":30,"key":"Potion Belt"},{"floor":42,"key":"Bottled Tornado"},{"floor":46,"key":"Bottled Lightning"}],"event_choices":[{"damage_healed":0,"gold_gain":0,"player_choice":"Entered Light","damage_taken":16,"max_hp_gain":0,"max_hp_loss":0,"event_name":"Shining Light","floor":2,"gold_loss":0,"cards_upgraded":["Defend_P","Strike_P"]},{"damage_healed":0,"gold_gain":0,"cards_transformed":["Defend_P"],"player_choice":"Change","damage_taken":0,"max_hp_gain":0,"max_hp_loss":0,"event_name":"Living Wall","floor":10,"gold_loss":0,"cards_obtained":["DeusExMachina"]},{"damage_healed":0,"gold_gain":0,"player_choice":"Ignored","damage_taken":0,"max_hp_gain":0,"max_hp_loss":0,"event_name":"N\u0027loth","floor":19,"gold_loss":0},{"cards_removed":["Strike_P"],"damage_healed":0,"gold_gain":0,"player_choice":"Elegance","damage_taken":0,"max_hp_gain":0,"max_hp_loss":0,"event_name":"Back to Basics","floor":27,"gold_loss":0},{"damage_healed":0,"gold_gain":0,"player_choice":"Fight","damage_taken":0,"max_hp_gain":0,"max_hp_loss":0,"event_name":"Colosseum","floor":28,"gold_loss":0},{"damage_healed":0,"gold_gain":0,"player_choice":"Fought Nobs","damage_taken":0,"max_hp_gain":0,"max_hp_loss":0,"event_name":"Colosseum","floor":28,"gold_loss":0},{"damage_healed":0,"gold_gain":0,"player_choice":"Bought 2 Potions","damage_taken":0,"max_hp_gain":0,"max_hp_loss":0,"event_name":"The Woman in Blue","floor":48,"gold_loss":0}],"is_beta":false,"boss_relics":[{"not_picked":["Tiny House","Pandora\u0027s Box"],"picked":"VioletLotus"},{"not_picked":["Fusion Hammer","Busted Crown"],"picked":"Empty Cage"}],"items_purged_floors":[31],"is_endless":false,"potions_floor_spawned":[3,5,8,14,16,18,20,28,28,35,38,39,45,47],"killed_by":"Time Eater","ascension_level":13}}