{"host":"qrt7o4dq2qslzw13","time":1612431987,"event":{"mods":["AchievementEnabler","BaseMod","Colored Map","Colored Powertips","Minty Spire (QoL Compilation)","Quick Restart","StSLib","SuperFastMode"],"gold_per_floor":[118,68,16,16,35,69,69,96,96,25,41,41,41,30,30,126,126,140,151,151,169,244,244,257,138,138,138,158,158,158,177,177,272,272,288,288,307,307,317,317,327,327,327],"floor_reached":42,"language":"ENG","playtime":785,"items_purged":[],"score":515,"play_id":"a9ba0e62-7857-4d40-bd7d-168b59462f86","local_time":"20210204044627","is_ascension_mode":true,"campfire_choices":[{"floor":13.0,"key":"REST"},{"floor":15.0,"key":"REST"},{"floor":23.0,"key":"REST"},{"floor":27.0,"key":"REST"},{"floor":29.0,"key":"REST"},{"floor":32.0,"key":"REST"},{"floor":40.0,"key":"REST"}],"circlet_count":0,"master_deck":["Strike_B","Strike_B","Strike_B","Strike_B+1","Defend_B","Defend_B","Defend_B","Defend_B","Zap","Dualcast","Turbo+1","Conserve Battery","Capacitor","Defragment","Consume","BootSequence","Chaos","Static Discharge","Multi-Cast","Static Discharge","Ball Lightning","Storm+1","Undo","Capacitor","Ball Lightning","Injury","Barrage","Defragment","Biased Cognition","Turbo","Madness","Madness","Lockon","Biased Cognition+1","Turbo+1"],"relics":["Cracked Core","FossilizedHelix","Ice Cream","InkBottle","WingedGreaves","StrikeDummy","Cursed Key","Question Card","Sozu","Frozen Egg 2"],"acts_visited":["Exordium","TheCity","TheBeyond"],"potions_floor_usage":[],"damage_taken":[{"damage":0.0,"enemies":"Jaw Worm","floor":1.0,"turns":3.0},{"damage":0.0,"enemies":"Small Slimes","floor":5.0,"turns":3.0},{"damage":31.0,"enemies":"Gremlin Nob","floor":6.0,"turns":5.0},{"damage":33.0,"enemies":"3 Sentries","floor":8.0,"turns":11.0},{"damage":0.0,"enemies":"2 Louse","floor":11.0,"turns":3.0},{"damage":0.0,"enemies":"Exordium Thugs","floor":14.0,"turns":4.0},{"damage":32.0,"enemies":"The Guardian","floor":16.0,"turns":9.0},{"damage":12.0,"enemies":"Shell Parasite","floor":18.0,"turns":5.0},{"damage":3.0,"enemies":"3 Byrds","floor":19.0,"turns":4.0},{"damage":18.0,"enemies":"Cultist and Chosen","floor":21.0,"turns":4.0},{"damage":13.0,"enemies":"Chosen and Byrds","floor":24.0,"turns":4.0},{"damage":30.0,"enemies":"Shelled Parasite and Fungi","floor":28.0,"turns":5.0},{"damage":12.0,"enemies":"3 Cultists","floor":31.0,"turns":5.0},{"damage":61.0,"enemies":"Champ","floor":33.0,"turns":8.0},{"damage":0.0,"enemies":"Orb Walker","floor":35.0,"turns":2.0},{"damage":13.0,"enemies":"3 Shapes","floor":37.0,"turns":4.0},{"damage":23.0,"enemies":"3 Darklings","floor":39.0,"turns":4.0},{"damage":0.0,"enemies":"Transient","floor":41.0,"turns":5.0},{"damage":7,"enemies":"Nemesis","floor":42,"turns":2}],"seed_played":"2123259049123980674","potions_obtained":[{"floor":6.0,"key":"Explosive Potion"},{"floor":14.0,"key":"Fire Potion"},{"floor":16.0,"key":"Fire Potion"},{"floor":18.0,"key":"PowerPotion"},{"floor":28.0,"key":"AttackPotion"},{"floor":31.0,"key":"LiquidBronze"},{"floor":33.0,"key":"Ancient Potion"}],"is_trial":false,"path_per_floor":["M","?","$","?","M","E","?","E","T","$","M","?","R","M","R","B",null,"M","M","$","M","?","R","M","$","T","R","M","R","?","M","R","B",null,"M","?","M","?","M","R","M","E"],"character_chosen":"DEFECT","items_purchased":["Conserve Battery","BootSequence","Capacitor","Ball Lightning"],"campfire_rested":7,"item_purchase_floors":[3,10,25,25],"current_hp_per_floor":[75,75,75,60,60,29,54,21,21,21,21,9,31,31,53,21,75,63,60,60,42,35,57,44,44,44,66,36,58,58,46,68,7,75,75,66,53,53,30,52,52,45,45],"gold":327,"neow_bonus":"ONE_RARE_RELIC","is_daily":false,"chose_seed":false,"campfire_upgraded":0,"win_rate":0.0,"timestamp":1612431987,"path_taken":["M","?","$","?","?","E","?","E","T","?","M","?","R","M","R","BOSS","M","M","$","M","?","R","?","$","T","R","M","R","?","M","R","BOSS","M","?","M","?","?","R","M","E"],"items_purchased_type":["Card","Card","Card","Card"],"build_version":"2020-12-22","purchased_purges":0,"victory":false,"max_hp_per_floor":[75,75,75,75,75,75,75,75,75,75,75,75,75,75,75,75,75,75,75,75,75,75,75,75,75,75,75,75,75,75,75,75,75,75,75,75,75,75,75,75,75,75,75],"card_choices":[{"not_picked":["Coolheaded","Steam"],"picked":"Turbo","floor":1.0},{"not_picked":["Leap","Stack"],"picked":"Capacitor","floor":5.0},{"not_picked":["Leap","Loop"],"picked":"Defragment","floor":6.0},{"not_picked":["Rebound","Chill"],"picked":"Consume","floor":8.0},{"not_picked":["Streamline","Go for the Eyes"],"picked":"Chaos","floor":11.0},{"not_picked":["Streamline","Gash"],"picked":"Static Discharge","floor":14.0},{"not_picked":["Meteor Strike","Buffer"],"picked":"Multi-Cast","floor":16.0},{"not_picked":["Conserve Battery+1","Coolheaded"],"picked":"Static Discharge","floor":18.0},{"not_picked":["Cold Snap+1","Skim"],"picked":"Ball Lightning","floor":19.0},{"not_picked":["Coolheaded","Go for the Eyes"],"picked":"Storm+1","floor":21.0},{"not_picked":["Scrape","Skim"],"picked":"Undo","floor":24.0},{"not_picked":["Steam","Sweeping Beam","Compile Driver+1"],"picked":"Barrage","floor":28.0},{"not_picked":["Blizzard","Chill","Turbo"],"picked":"Defragment","floor":31.0},{"not_picked":["Rainbow","Echo Form","Core Surge"],"picked":"Biased Cognition","floor":33.0},{"not_picked":["Doom and Gloom+1","Beam Cell+1","BootSequence"],"picked":"Turbo","floor":35.0},{"not_picked":["Rebound","Darkness","Beam Cell+1"],"picked":"Lockon","floor":37.0},{"not_picked":["Rebound","Turbo","Static Discharge+1"],"picked":"Biased Cognition+1","floor":39.0},{"not_picked":["Steam+1","Redo+1","Beam Cell+1"],"picked":"Turbo+1","floor":41.0}],"player_experience":622612,"relics_obtained":[{"floor":6.0,"key":"Ice Cream"},{"floor":8.0,"key":"InkBottle"},{"floor":9.0,"key":"WingedGreaves"},{"floor":26.0,"key":"Question Card"}],"event_choices":[{"cards_removed":["Doubt"],"damage_healed":0.0,"max_hp_gain":0.0,"max_hp_loss":0.0,"gold_gain":0.0,"event_name":"The Cleric","player_choice":"Card Removal","floor":2.0,"gold_loss":50.0,"damage_taken":0.0},{"damage_healed":0.0,"max_hp_gain":0.0,"max_hp_loss":0.0,"gold_gain":0.0,"event_name":"Shining Light","player_choice":"Entered Light","floor":4.0,"gold_loss":0.0,"damage_taken":15.0,"cards_upgraded":["Turbo","Strike_B"]},{"damage_healed":25.0,"max_hp_gain":0.0,"max_hp_loss":0.0,"gold_gain":0.0,"event_name":"Big Fish","player_choice":"Banana","floor":7.0,"gold_loss":0.0,"damage_taken":0.0},{"damage_healed":0.0,"max_hp_gain":0.0,"max_hp_loss":0.0,"gold_gain":0.0,"event_name":"Scrap Ooze","player_choice":"Success","floor":12.0,"gold_loss":0.0,"damage_taken":12.0,"relics_obtained":["StrikeDummy"]},{"damage_healed":0.0,"max_hp_gain":0.0,"max_hp_loss":0.0,"gold_gain":75.0,"event_name":"FaceTrader","player_choice":"Touch","floor":22.0,"gold_loss":0.0,"damage_taken":7.0},{"damage_healed":0.0,"max_hp_gain":0.0,"max_hp_loss":0.0,"gold_gain":0.0,"event_name":"Vampires","player_choice":"Ignored","floor":30.0,"gold_loss":0.0,"damage_taken":0.0},{"damage_healed":0.0,"max_hp_gain":0.0,"max_hp_loss":0.0,"gold_gain":0.0,"event_name":"Winding Halls","player_choice":"Embrace Madness","floor":36.0,"gold_loss":0.0,"damage_taken":9.0,"cards_obtained":["Madness","Madness"]},{"damage_healed":0.0,"max_hp_gain":0.0,"max_hp_loss":0.0,"gold_gain":0.0,"event_name":"WeMeetAgain","player_choice":"Gave Potion","floor":38.0,"gold_loss":0.0,"damage_taken":0.0,"relics_obtained":["Frozen Egg 2"]}],"is_beta":false,"boss_relics":[{"not_picked":["Black Star","Runic Pyramid"],"picked":"Cursed Key"},{"not_picked":["Velvet Choker","Fusion Hammer"],"picked":"Sozu"}],"items_purged_floors":[],"is_endless":false,"potions_floor_spawned":[6,14,16,18,28,31,33,39],"killed_by":"Nemesis","ascension_level":4}}