{"host":"bq8ii4ghyb2mkf8g","time":1612447158,"event":{"mods":["BaseMod","Colored Map","Minty Spire (QoL Compilation)","Quick Restart","Replay The Spire","StSLib"],"gold_per_floor":[10,10,85,85,95,95,20,20,73,103,114,114,130,140,140,140,140],"floor_reached":16,"language":"ZHS","playtime":562,"items_purged":["Dualcast"],"score":110,"play_id":"69677ad9-7fe4-4ec4-b1cf-5044c0ad22f5","local_time":"20210204215918","is_ascension_mode":true,"campfire_choices":[{"data":"Genetic Algorithm","floor":6.0,"key":"SMITH"},{"data":"Reprogram","floor":8.0,"key":"SMITH"},{"data":"Sweeping Beam","floor":15.0,"key":"SMITH"}],"circlet_count":0,"master_deck":["Strike_B+1","Strike_B+1","Strike_B","Defend_B","Defend_B","Defend_B","Zap","BootSequence","Genetic Algorithm+1","Reprogram+1","Skim","Sweeping Beam+1"],"relics":["Cracked Core","Ring of Shattering","Blood Vial","Replay:Bottled Flurry"],"acts_visited":["Exordium"],"potions_floor_usage":[16],"damage_taken":[{"damage":3.0,"enemies":"Small Slimes","floor":1.0,"turns":4.0},{"damage":0.0,"enemies":"2 Louse","floor":5.0,"turns":2.0},{"damage":27.0,"enemies":"Gremlin Nob","floor":10.0,"turns":5.0},{"damage":0.0,"enemies":"Jaw Worm","floor":11.0,"turns":4.0},{"damage":2.0,"enemies":"2 Fungi Beasts","floor":13.0,"turns":4.0},{"damage":4.0,"enemies":"3 Louse","floor":14.0,"turns":3.0},{"damage":12,"enemies":"Fading Forest","floor":16,"turns":7}],"seed_played":"-1059336754381407260","potions_obtained":[{"floor":10.0,"key":"FearPotion"},{"floor":11.0,"key":"Languid Potion"},{"floor":13.0,"key":"SkillPotion"}],"is_trial":false,"path_per_floor":["M","$","?","?","M","R","$","R","T","E","M","?","M","M","R","B"],"character_chosen":"DEFECT","items_purchased":[],"campfire_rested":0,"item_purchase_floors":[],"current_hp_per_floor":[72,72,61,61,61,61,61,61,61,36,38,23,23,21,21,11,11],"gold":140,"neow_bonus":"TRANSFORM_TWO_CARDS","is_daily":false,"chose_seed":false,"campfire_upgraded":3,"win_rate":0.0,"timestamp":1612447158,"path_taken":["M","$","?","?","M","R","?","R","T","E","M","?","M","M","R","BOSS"],"items_purchased_type":[],"build_version":"2020-12-22","purchased_purges":1,"victory":false,"max_hp_per_floor":[75,75,75,75,75,75,75,75,75,75,75,75,75,75,75,75,75],"card_choices":[{"not_picked":["Coolheaded","Turbo"],"picked":"Reprogram","floor":1.0},{"not_picked":["Turbo","Blizzard","Hologram"],"picked":"SKIP","floor":5.0},{"not_picked":["Rainbow","Hologram","Redo"],"picked":"SKIP","floor":10.0},{"not_picked":["Barrage","Coolheaded"],"picked":"Skim","floor":11.0},{"not_picked":["Panic Button","Streamline","ReplayTheSpireMod:GoodbyeWorld"],"picked":"SKIP","floor":13.0},{"not_picked":["Panic Button","Stack"],"picked":"Sweeping Beam","floor":14.0}],"player_experience":134111,"relics_obtained":[{"floor":4.0,"key":"Ring of Shattering"},{"floor":9.0,"key":"Blood Vial"},{"floor":10.0,"key":"Replay:Bottled Flurry"}],"event_choices":[{"damage_healed":0.0,"max_hp_gain":0.0,"max_hp_loss":0.0,"gold_gain":75.0,"event_name":"World of Goop","player_choice":"Gather Gold","floor":3.0,"gold_loss":0.0,"damage_taken":11.0},{"damage_healed":0.0,"max_hp_gain":0.0,"max_hp_loss":0.0,"gold_gain":0.0,"event_name":"Shining Light","player_choice":"Entered Light","floor":12.0,"gold_loss":0.0,"damage_taken":15.0,"cards_upgraded":["Strike_B","Strike_B"]}],"is_beta":false,"boss_relics":[],"items_purged_floors":[7],"is_endless":false,"potions_floor_spawned":[10,11,13],"killed_by":"Fading Forest","ascension_level":2}}