{"host":"eketvm4dld8igxnv","time":1612482739,"event":{"mods":["BaseMod","Better Skull","Better Third Choice","Downfall","Googly Eyes","Minty Spire (QoL Compilation)","StSLib"],"gold_per_floor":[116,180,180,193,204,233,233,261,287,287,287,287,314,326,326,422,472,485,485,10,10,21,21,55,55,103,28,3,3,33,33,33,134,134,151,3,3,58,75,75,75,75,122,156,0,12,47,47,47,47,47,47,8,33,33],"floor_reached":56,"language":"ENG","playtime":3346,"items_purged":["Defend_G"],"score":1299,"play_id":"cbb7ee1d-d59f-4a28-80fd-010609833a13","local_time":"20210204185219","is_ascension_mode":true,"campfire_choices":[{"data":"Blade Dance","floor":7,"key":"SMITH"},{"floor":10,"key":"REST"},{"floor":12,"key":"RECALL"},{"data":"Cloak And Dagger","floor":15,"key":"SMITH"},{"data":"Infinite Blades","floor":23,"key":"SMITH"},{"data":"Endless Agony","floor":25,"key":"SMITH"},{"floor":32,"key":"REST"},{"floor":40,"key":"REST"},{"data":"Panache","floor":42,"key":"SMITH"},{"data":"Chrysalis","floor":49,"key":"SMITH"},{"data":"J.A.X.","floor":52,"key":"SMITH"}],"circlet_count":0,"master_deck":["Strike_G","Strike_G","Strike_G+1","Strike_G","Strike_G","Defend_G+1","Defend_G","Defend_G+1","Defend_G","Survivor","Neutralize+1","Predator+1","Masterful Stab","Blade Dance+1","Unload","Sucker Punch","Apotheosis+1","Cloak And Dagger+1","Blade Dance","Die Die Die","Backstab","Endless Agony+1","J.A.X.+1","Infinite Blades+1","Flying Knee","Acrobatics+1","Distraction+1","Backflip","Phantasmal Killer+1","Burst","Dagger Spray+1","Bandage Up","Chrysalis+1","Panache+1","Cloak And Dagger","Cloak And Dagger+1","Infinite Blades+1","Backflip+1","Calculated Gamble+1","Writhe","Distraction","Dagger Throw+1"],"relics":["Ring of the Serpent","Juzu Bracelet","Toy Ornithopter","Question Card","Tiny House","Strange Spoon","Pen Nib","Nloth\u0027s Gift","Calipers","Vajra","Meat on the Bone","Ancient Tea Set","Bag of Preparation","Lantern","Mango","War Paint","Red Mask","Pear","Letter Opener"],"acts_visited":["Exordium","TheCity","TheBeyond","TheEnding"],"potions_floor_usage":[6,8,16,24,30,30,30,50,55],"damage_taken":[{"damage":0,"enemies":"Small Slimes","floor":1,"turns":5},{"damage":0,"enemies":"2 Louse","floor":4,"turns":2},{"damage":1,"enemies":"Cultist","floor":5,"turns":3},{"damage":2,"enemies":"Gremlin Nob","floor":6,"turns":3},{"damage":22,"enemies":"Lagavulin","floor":8,"turns":6},{"damage":5,"enemies":"3 Sentries","floor":13,"turns":7},{"damage":0,"enemies":"Exordium Wildlife","floor":14,"turns":3},{"damage":13,"enemies":"Slime Boss","floor":16,"turns":10},{"damage":0,"enemies":"3 Byrds","floor":18,"turns":4},{"damage":9,"enemies":"Chosen","floor":22,"turns":3},{"damage":16,"enemies":"Gremlin Leader","floor":24,"turns":5},{"damage":15,"enemies":"Book of Stabbing","floor":30,"turns":3},{"damage":27,"enemies":"Collector","floor":33,"turns":6},{"damage":1,"enemies":"Orb Walker","floor":35,"turns":2},{"damage":46,"enemies":"2 Orb Walkers","floor":38,"turns":3},{"damage":16,"enemies":"3 Darklings","floor":39,"turns":2},{"damage":12,"enemies":"Giant Head","floor":44,"turns":6},{"damage":27,"enemies":"Sphere and 2 Shapes","floor":46,"turns":3},{"damage":29,"enemies":"Reptomancer","floor":47,"turns":3},{"damage":45,"enemies":"Donu and Deca","floor":50,"turns":5},{"damage":51,"enemies":"Shield and Spear","floor":54,"turns":4},{"damage":138,"enemies":"The Heart","floor":55,"turns":7}],"seed_played":"-4878036130748113873","potions_obtained":[{"floor":4,"key":"SpeedPotion"},{"floor":5,"key":"SkillPotion"},{"floor":13,"key":"PowerPotion"},{"floor":16,"key":"FairyPotion"},{"floor":17,"key":"EntropicBrew"},{"floor":18,"key":"BlessingOfTheForge"},{"floor":24,"key":"LiquidBronze"},{"floor":44,"key":"FairyPotion"},{"floor":47,"key":"EntropicBrew"}],"is_trial":false,"path_per_floor":["M","?","?","M","M","E","R","E","T","R","?","R","E","M","R","B",null,"M","?","$","?","M","R","E","R","T","?","$","?","E","?","R","B",null,"M","$","?","?","M","R","$","R","T","E","?","M","E","?","R","B",null,"R","$","E","B",null],"character_chosen":"THE_SILENT","items_purchased":["Strange Spoon","Pen Nib","Infinite Blades","Flying Knee","Backflip","Lantern","Distraction"],"campfire_rested":3,"item_purchase_floors":[20,20,20,20,28,36,53],"current_hp_per_floor":[70,70,70,70,69,67,67,45,45,66,66,66,61,61,61,53,75,75,75,75,75,66,66,55,55,55,55,55,55,55,29,51,36,75,74,74,64,48,44,70,70,70,70,76,76,53,46,71,71,43,99,99,99,51,35],"gold":33,"neow_bonus":"RANDOM_COMMON_RELIC","is_daily":false,"chose_seed":false,"campfire_upgraded":7,"win_rate":0.0,"timestamp":1612482739,"path_taken":["M","?","?","M","?","E","R","E","T","R","?","R","E","M","R","BOSS","M","?","$","?","M","R","E","R","T","?","$","?","E","?","R","BOSS","M","$","?","?","M","R","?","R","T","E","?","M","E","?","R","BOSS","R","$","E","BOSS"],"items_purchased_type":["Relic","Relic","Card","Card","Card","Relic","Card"],"build_version":"2020-12-22","purchased_purges":1,"victory":true,"max_hp_per_floor":[70,70,70,70,70,70,70,70,70,70,70,70,70,70,70,70,75,75,75,75,75,75,75,75,75,75,75,75,75,75,75,75,75,75,75,75,75,89,89,89,89,89,89,89,89,89,99,99,99,99,99,99,99,99,99],"card_choices":[{"not_picked":["Blade Dance","Calculated Gamble"],"picked":"Predator","floor":1},{"not_picked":["Slice","Sucker Punch"],"picked":"Masterful Stab","floor":4},{"not_picked":["Crippling Poison","Poisoned Stab"],"picked":"Well Laid Plans","floor":5},{"not_picked":["Backflip","Deadly Poison"],"picked":"Blade Dance","floor":6},{"not_picked":["Poisoned Stab","Leg Sweep"],"picked":"Unload","floor":8},{"not_picked":["Acrobatics","Catalyst"],"picked":"Sucker Punch","floor":10},{"not_picked":["Dash","Blade Dance"],"picked":"Cloak And Dagger","floor":13},{"not_picked":["Calculated Gamble","Deadly Poison","Dagger Throw"],"picked":"Blade Dance","floor":14},{"not_picked":["Unload","Adrenaline","Night Terror"],"picked":"Die Die Die","floor":16},{"not_picked":["Quick Slash","Deflect","PiercingWail"],"picked":"Backstab","floor":17},{"not_picked":["Cloak And Dagger","Dodge and Roll","Dagger Throw+1"],"picked":"Endless Agony","floor":18},{"not_picked":["Poisoned Stab","Bullet Time","Dodge and Roll+1"],"picked":"Acrobatics","floor":22},{"not_picked":["Blade Dance+1","Catalyst","Heel Hook+1"],"picked":"Distraction+1","floor":24},{"not_picked":["Calculated Gamble+1","Skewer","Heel Hook+1"],"picked":"Phantasmal Killer","floor":30},{"not_picked":["Corpse Explosion","Bullet Time","Glass Knife"],"picked":"Burst","floor":33},{"not_picked":["Flechettes+1","Sucker Punch+1","PiercingWail"],"picked":"Dagger Spray+1","floor":35},{"not_picked":["Finesse","Madness","Purity"],"picked":"Bandage Up","floor":37},{"not_picked":["Forethought","Transmutation","Secret Technique"],"picked":"Chrysalis","floor":37},{"not_picked":["Trip","Sadistic Nature","The Bomb"],"picked":"Panache","floor":37},{"not_picked":["Sucker Punch+1","Bane+1","Quick Slash+1"],"picked":"Cloak And Dagger","floor":38},{"not_picked":["Outmaneuver","Bane+1","Dagger Spray"],"picked":"Cloak And Dagger+1","floor":39},{"not_picked":["Flying Knee+1","Storm of Steel","Dodge and Roll"],"picked":"Infinite Blades+1","floor":44},{"not_picked":["Deflect+1","Catalyst+1","Underhanded Strike+1"],"picked":"Backflip+1","floor":46},{"not_picked":["Backflip","Dodge and Roll","Expertise+1"],"picked":"Calculated Gamble+1","floor":47},{"not_picked":["Glass Knife","Dagger Spray","Backflip+1"],"picked":"Dagger Throw+1","floor":54}],"player_experience":309110,"relics_obtained":[{"floor":6,"key":"Juzu Bracelet"},{"floor":8,"key":"Toy Ornithopter"},{"floor":9,"key":"Whetstone"},{"floor":13,"key":"Question Card"},{"floor":24,"key":"Calipers"},{"floor":26,"key":"Vajra"},{"floor":30,"key":"Ancient Tea Set"},{"floor":38,"key":"Mango"},{"floor":44,"key":"War Paint"},{"floor":47,"key":"Pear"},{"floor":54,"key":"Letter Opener"}],"event_choices":[{"damage_healed":0,"gold_gain":64,"player_choice":"Gained Gold","damage_taken":0,"max_hp_gain":0,"max_hp_loss":0,"event_name":"Golden Wing","floor":2,"gold_loss":0},{"damage_healed":0,"gold_gain":0,"player_choice":"Upgraded","damage_taken":0,"max_hp_gain":0,"max_hp_loss":0,"event_name":"Upgrade Shrine","floor":3,"gold_loss":0,"cards_upgraded":["Predator"]},{"damage_healed":66,"gold_gain":0,"player_choice":"Protect","damage_taken":0,"max_hp_gain":0,"max_hp_loss":70,"event_name":"betterThird:BetterShining","floor":11,"gold_loss":1},{"damage_healed":0,"gold_gain":0,"player_choice":"Obtain J.A.X.","damage_taken":0,"max_hp_gain":0,"max_hp_loss":0,"event_name":"Drug Dealer","floor":19,"gold_loss":0,"cards_obtained":["J.A.X."]},{"damage_healed":0,"gold_gain":0,"player_choice":"Traded Relic","damage_taken":0,"relics_obtained":["Nloth\u0027s Gift"],"max_hp_gain":0,"max_hp_loss":0,"event_name":"N\u0027loth","floor":21,"relics_lost":["Whetstone"],"gold_loss":0},{"cards_removed":["Well Laid Plans"],"damage_healed":0,"gold_gain":0,"player_choice":"Gave Gold","damage_taken":0,"max_hp_gain":0,"max_hp_loss":0,"event_name":"Beggar","floor":27,"gold_loss":75},{"damage_healed":0,"gold_gain":0,"player_choice":"Gave Potion","damage_taken":0,"relics_obtained":["Meat on the Bone"],"max_hp_gain":0,"max_hp_loss":0,"event_name":"WeMeetAgain","floor":29,"gold_loss":0},{"damage_healed":0,"gold_gain":0,"player_choice":"UP RE ","damage_taken":30,"relics_obtained":["Bag of Preparation"],"max_hp_gain":0,"max_hp_loss":0,"event_name":"betterSkull:BetterSkull","floor":31,"gold_loss":0,"cards_upgraded":["Defend_G"]},{"damage_healed":0,"gold_gain":0,"player_choice":"Memory 3","damage_taken":10,"max_hp_gain":0,"max_hp_loss":0,"event_name":"SensoryStone","floor":37,"gold_loss":0},{"damage_healed":0,"gold_gain":0,"player_choice":"Fight","damage_taken":0,"max_hp_gain":0,"max_hp_loss":0,"event_name":"Mysterious Sphere","floor":38,"gold_loss":0},{"damage_healed":0,"gold_gain":0,"player_choice":"Paid","damage_taken":0,"relics_obtained":["Red Mask"],"max_hp_gain":0,"max_hp_loss":0,"event_name":"Tomb of Lord Red Mask","floor":45,"gold_loss":156},{"damage_healed":25,"gold_gain":0,"player_choice":"Writhe","damage_taken":0,"max_hp_gain":0,"max_hp_loss":0,"event_name":"Winding Halls","floor":48,"gold_loss":0,"cards_obtained":["Writhe"]}],"is_beta":false,"boss_relics":[{"not_picked":["Black Star","bronze:MakeshiftBattery"],"picked":"Tiny House"},{"not_picked":["HoveringKite","Philosopher\u0027s Stone"],"picked":"Ring of the Serpent"}],"items_purged_floors":[20],"is_endless":false,"potions_floor_spawned":[4,5,13,16,18,24,44,47],"ascension_level":1}}