{"host":"la6t950uoatqs0xt","time":1612416839,"event":{"mods":["AchievementEnabler","BaseMod","Colored Powertips","Minty Spire (QoL Compilation)","Quick Restart","Rare Cards Sparkle"],"gold_per_floor":[13,13,13,13,13,57,57,77,77,77,77,77,96,131,131,260,260,284,65,65,81,96,96,135,135,159,6,6,6,6,29,29,160,160,176,19,34,48,48,48,0,0,0,0,0],"floor_reached":44,"language":"ENG","playtime":1263,"items_purged":["Strike_B"],"score":495,"play_id":"6b1a01fe-c597-4084-b8a6-44cadb2fa814","local_time":"20210204003359","is_ascension_mode":true,"campfire_choices":[{"floor":7,"key":"REST"},{"floor":11,"key":"REST"},{"floor":15,"key":"REST"},{"floor":23,"key":"REST"},{"floor":25,"key":"REST"},{"data":"Echo Form","floor":28,"key":"SMITH"},{"floor":32,"key":"REST"},{"floor":40,"key":"REST"}],"circlet_count":0,"master_deck":["Strike_B+1","Strike_B","Strike_B","Defend_B","Defend_B","Defend_B","Defend_B","Zap","Dualcast","Electrodynamics","Injury","Doom and Gloom+1","Conserve Battery","Echo Form+1","Ball Lightning","Loop","Doom and Gloom","Static Discharge","Conserve Battery+1","Double Energy","Conserve Battery","Writhe"],"relics":["Cracked Core","Golden Idol","Mercury Hourglass","Calipers","Pantograph","Peace Pipe","WingedGreaves","Inserter","Whetstone","InkBottle","Ice Cream","DataDisk","Orrery","CaptainsWheel","SacredBark","Toy Ornithopter","Red Mask","Ornamental Fan"],"acts_visited":["Exordium","TheCity","TheBeyond"],"potions_floor_usage":[16,24,24,33,38],"damage_taken":[{"damage":6,"enemies":"Cultist","floor":1,"turns":4},{"damage":56,"enemies":"Lagavulin","floor":6,"turns":7},{"damage":8,"enemies":"Small Slimes","floor":8,"turns":2},{"damage":9,"enemies":"Jaw Worm","floor":13,"turns":3},{"damage":61,"enemies":"Gremlin Nob","floor":14,"turns":5},{"damage":40,"enemies":"Hexaghost","floor":16,"turns":9},{"damage":10,"enemies":"Spheric Guardian","floor":18,"turns":5},{"damage":12,"enemies":"Chosen","floor":21,"turns":4},{"damage":18,"enemies":"Snecko","floor":22,"turns":5},{"damage":35,"enemies":"Gremlin Leader","floor":24,"turns":5},{"damage":12,"enemies":"Cultist and Chosen","floor":31,"turns":4},{"damage":58,"enemies":"Collector","floor":33,"turns":7},{"damage":44,"enemies":"3 Darklings","floor":35,"turns":4},{"damage":10,"enemies":"Orb Walker","floor":37,"turns":4},{"damage":21,"enemies":"Maw","floor":38,"turns":6},{"damage":49,"enemies":"Writhing Mass","floor":44,"turns":3}],"seed_played":"1030470598104301412","potions_obtained":[{"floor":1,"key":"DistilledChaos"},{"floor":6,"key":"Block Potion"},{"floor":21,"key":"Dexterity Potion"},{"floor":24,"key":"DuplicationPotion"},{"floor":31,"key":"PotionOfCapacity"},{"floor":37,"key":"DistilledChaos"},{"floor":38,"key":"DuplicationPotion"}],"is_trial":false,"path_per_floor":["M","$","?","?","?","E","R","M","T","T","R","?","M","E","R","B",null,"M","$","T","M","M","R","E","R","T","$","R","?","?","M","R","B",null,"M","$","M","M","?","R","?","?","T","M"],"character_chosen":"DEFECT","items_purchased":["Whetstone","Orrery","Toy Ornithopter"],"campfire_rested":7,"item_purchase_floors":[19,27,36],"current_hp_per_floor":[69,69,69,66,66,10,32,24,24,24,46,75,66,5,27,12,75,65,65,65,53,35,57,22,44,44,44,44,44,44,32,54,17,75,31,31,21,5,24,46,46,46,46,0,0],"gold":0,"neow_bonus":"THREE_RARE_CARDS","is_daily":false,"chose_seed":false,"campfire_upgraded":1,"win_rate":0.0,"timestamp":1612416839,"path_taken":["M","$","?","?","?","E","R","M","T","?","R","?","M","E","R","BOSS","M","$","?","?","M","R","E","R","T","?","R","?","?","M","R","BOSS","M","$","M","M","?","R","?","?","T","M"],"items_purchased_type":["Relic","Relic","Relic"],"build_version":"2020-12-22","purchased_purges":1,"victory":false,"max_hp_per_floor":[75,75,75,75,75,75,75,75,75,75,75,75,75,75,75,75,75,75,75,75,75,75,75,75,75,75,75,75,75,75,75,75,75,75,75,75,75,75,75,75,75,75,75,75,75],"card_choices":[{"not_picked":["Amplify","All For One"],"picked":"Electrodynamics","floor":0},{"not_picked":["Self Repair","Blizzard","Rebound"],"picked":"SKIP","floor":1},{"not_picked":["Barrage","Stack"],"picked":"Doom and Gloom","floor":6},{"not_picked":["Streamline","Compile Driver","Fusion"],"picked":"SKIP","floor":8},{"not_picked":["Hello World","Stack","Reprogram"],"picked":"SKIP","floor":13},{"not_picked":["Blizzard","Streamline"],"picked":"Conserve Battery","floor":14},{"not_picked":["Rainbow","Amplify"],"picked":"Echo Form","floor":16},{"not_picked":["Capacitor","Double Energy+1"],"picked":"Ball Lightning","floor":18},{"not_picked":["Gash","Sweeping Beam+1","Heatsinks+1"],"picked":"SKIP","floor":21},{"not_picked":["Go for the Eyes","Coolheaded","Streamline"],"picked":"SKIP","floor":22},{"not_picked":["Beam Cell","Gash"],"picked":"Loop","floor":24},{"not_picked":["Go for the Eyes","Chaos"],"picked":"Doom and Gloom","floor":27},{"not_picked":["Conserve Battery","Hologram+1"],"picked":"Static Discharge","floor":27},{"not_picked":["Barrage","Turbo+1"],"picked":"Conserve Battery+1","floor":27},{"not_picked":["Hyperbeam","Steam Power","Steam"],"picked":"SKIP","floor":31},{"not_picked":["Ball Lightning+1","Reinforced Body"],"picked":"Double Energy","floor":35},{"not_picked":["Reinforced Body","Go for the Eyes+1"],"picked":"Conserve Battery","floor":37},{"not_picked":["Hologram+1","Capacitor+1","Sweeping Beam"],"picked":"SKIP","floor":38}],"player_experience":273520,"relics_obtained":[{"floor":6,"key":"Calipers"},{"floor":9,"key":"Pantograph"},{"floor":10,"key":"Peace Pipe"},{"floor":14,"key":"WingedGreaves"},{"floor":20,"key":"InkBottle"},{"floor":24,"key":"Ice Cream"},{"floor":26,"key":"DataDisk"},{"floor":43,"key":"Ornamental Fan"}],"event_choices":[{"damage_healed":0,"gold_gain":0,"player_choice":"Take Wound","damage_taken":0,"relics_obtained":["Golden Idol"],"max_hp_gain":0,"max_hp_loss":0,"event_name":"Golden Idol","floor":3,"gold_loss":0,"cards_obtained":["Injury"]},{"damage_healed":0,"gold_gain":0,"player_choice":"Success","damage_taken":3,"relics_obtained":["Mercury Hourglass"],"max_hp_gain":0,"max_hp_loss":0,"event_name":"Scrap Ooze","floor":4,"gold_loss":0},{"damage_healed":0,"gold_gain":0,"player_choice":"Ignored","damage_taken":0,"max_hp_gain":0,"max_hp_loss":0,"event_name":"Golden Wing","floor":5,"gold_loss":0},{"damage_healed":29,"gold_gain":0,"player_choice":"Full Heal","damage_taken":0,"max_hp_gain":0,"max_hp_loss":0,"event_name":"Wheel of Change","floor":12,"gold_loss":0},{"damage_healed":0,"gold_gain":0,"player_choice":"Ignored","damage_taken":0,"max_hp_gain":0,"max_hp_loss":0,"event_name":"Cursed Tome","floor":29,"gold_loss":0},{"damage_healed":0,"gold_gain":0,"player_choice":"Opened","damage_taken":0,"relics_obtained":["CaptainsWheel"],"max_hp_gain":0,"max_hp_loss":0,"event_name":"The Mausoleum","floor":30,"gold_loss":0},{"damage_healed":19,"gold_gain":0,"player_choice":"Writhe","damage_taken":0,"max_hp_gain":0,"max_hp_loss":0,"event_name":"Winding Halls","floor":39,"gold_loss":0,"cards_obtained":["Writhe"]},{"damage_healed":0,"gold_gain":0,"player_choice":"Paid","damage_taken":0,"relics_obtained":["Red Mask"],"max_hp_gain":0,"max_hp_loss":0,"event_name":"Tomb of Lord Red Mask","floor":41,"gold_loss":48},{"damage_healed":0,"gold_gain":0,"player_choice":"Memory 1","damage_taken":0,"max_hp_gain":0,"max_hp_loss":0,"event_name":"SensoryStone","floor":42,"gold_loss":0}],"is_beta":false,"boss_relics":[{"not_picked":["Calling Bell","Runic Dome"],"picked":"Inserter"},{"not_picked":["SlaversCollar","Coffee Dripper"],"picked":"SacredBark"}],"items_purged_floors":[19],"is_endless":false,"potions_floor_spawned":[1,6,21,24,31,37,38],"killed_by":"Writhing Mass","ascension_level":3}}