{"host":"4g8vayc9pwrwu92h","time":1612435289,"event":{"mods":["Act Like it!","Aspiration","BaseMod","Conspire","Downfall","Hallownest","Marked Mod","Minty Spire (QoL Compilation)","Quick Restart","StSLib","The Bug Knight","The Jungle"],"gold_per_floor":[3018,3034,3051,2894,2894,2927,2939,2939,3015,3049,3065,3078,3078,3092,3092,3189,3189,3200,2608,2641,2656,2689,2708,2723,2723,2774,2774,2774],"floor_reached":27,"language":"ZHS","playtime":1761,"items_purged":["Regret"],"score":327,"play_id":"c19a6b19-9533-4d81-b511-b17fa528fe2e","local_time":"20210204184129","is_ascension_mode":false,"campfire_choices":[{"data":"HollowMod:ChannelNail","floor":8,"key":"SMITH"},{"data":"HollowMod:RecoilStrike","floor":15,"key":"SMITH"}],"circlet_count":0,"master_deck":["HollowMod:NailStrikeStart+1","HollowMod:NailStrikeStart+1","HollowMod:NailStrikeStart+1","HollowMod:NailStrikeStart+1","HollowMod:QuickDashStart+1","HollowMod:QuickDashStart+1","HollowMod:QuickDashStart+1","HollowMod:QuickDashStart+1","HollowMod:FocusHealStart+1","HollowMod:PogoStrike+1","HollowMod:InfectedCysts","HollowMod:QuirrelsAssistance","HollowMod:ChannelNail+1","HollowMod:MantisMark","HollowMod:HuntersJournal","HollowMod:CycloneSlash","HollowMod:RecoilStrike+1","HollowMod:NewLittleFool","HollowMod:NewGlowingWomb","HollowMod:HowlingWraiths","HollowMod:MothsMistake+1","HollowMod:MantisMark","HollowMod:SoulEater+1","HollowMod:GoodIntentions","HollowMod:DesolateDive+1","HollowMod:MonomonsArchive"],"relics":["HollowMod:VesselMask","Black Star","ClockworkSouvenir","Anchor","Boot","HollowMod:DelicateFlower","Pantograph","Art of War","HollowMod:LumaflyLanternRelic","SacredBark","Frozen Egg 2","Membership Card","Vajra","Red Mask","Toy Ornithopter"],"acts_visited":["Exordium","TheCity"],"potions_floor_usage":[10,10,16,22,23,23],"damage_taken":[{"damage":0,"enemies":"Jaw Worm","floor":1,"turns":3},{"damage":4,"enemies":"Cultist","floor":2,"turns":2},{"damage":0,"enemies":"Small Slimes","floor":3,"turns":2},{"damage":28,"enemies":"Lagavulin","floor":6,"turns":11},{"damage":2,"enemies":"Looter","floor":7,"turns":2},{"damage":5,"enemies":"3 Sentries","floor":10,"turns":4},{"damage":5,"enemies":"Exordium Thugs","floor":11,"turns":4},{"damage":3,"enemies":"Large Slime","floor":12,"turns":3},{"damage":9,"enemies":"Exordium Wildlife","floor":14,"turns":3},{"damage":21,"enemies":"Slime Boss","floor":16,"turns":9},{"damage":5,"enemies":"Shell Parasite","floor":18,"turns":5},{"damage":10,"enemies":"Masked Bandits","floor":20,"turns":3},{"damage":9,"enemies":"2 Thieves","floor":21,"turns":3},{"damage":35,"enemies":"conspire:MimicChest","floor":22,"turns":8},{"damage":6,"enemies":"Snake Plant","floor":23,"turns":4},{"damage":27,"enemies":"3 Cultists","floor":24,"turns":4},{"damage":0,"enemies":"Centurion and Healer","floor":27,"turns":1}],"seed_played":"-7986923409941917696","potions_obtained":[{"floor":2,"key":"Swift Potion"},{"floor":7,"key":"Explosive Potion"},{"floor":10,"key":"SpeedPotion"},{"floor":11,"key":"LiquidBronze"},{"floor":16,"key":"Weak Potion"},{"floor":18,"key":"BlessingOfTheForge"},{"floor":21,"key":"LiquidBronze"},{"floor":24,"key":"Block Potion"}],"is_trial":false,"path_per_floor":["M","M","M","$","?","E","M","R","T","E","M","M","?","M","R","B",null,"M","$","?","M","?","M","M","?","T","M"],"character_chosen":"THE_BUGKNIGHT","items_purchased":["ClockworkSouvenir","Frozen Egg 2","Membership Card","Vajra","HollowMod:MothsMistake+1"],"campfire_rested":0,"item_purchase_floors":[4,19,19,19,19],"current_hp_per_floor":[75,71,75,75,75,57,61,61,61,62,63,60,60,57,57,54,75,70,70,66,57,28,32,5,5,5,5,5],"gold":2774,"neow_bonus":"THREE_CARDS","is_daily":false,"chose_seed":false,"campfire_upgraded":2,"win_rate":0.0,"timestamp":1612435289,"path_taken":["M","?","M","?","?","E","M","R","T","E","M","M","?","?","R","BOSS","M","$","?","M","?","M","M","?","T","?"],"items_purchased_type":["Relic","Relic","Relic","Relic","Card"],"build_version":"2020-12-22","purchased_purges":1,"victory":false,"max_hp_per_floor":[75,75,75,75,75,75,75,75,75,75,75,75,75,75,75,75,75,75,75,75,75,75,75,75,75,75,75,75],"card_choices":[{"not_picked":["HollowMod:SoulEater","HollowMod:PerfectDash"],"picked":"HollowMod:RecoilStrike","floor":0.0},{"not_picked":["HollowMod:SharpenedNail","HollowMod:CloakDash"],"picked":"HollowMod:InfectedCysts","floor":1},{"not_picked":["HollowMod:SharpenedNail","HollowMod:WraithStrike"],"picked":"HollowMod:QuirrelsAssistance","floor":2},{"not_picked":["HollowMod:SiblingsShadow","HollowMod:HeavyBlow"],"picked":"HollowMod:ChannelNail","floor":3},{"not_picked":["HollowMod:SharpenedShadows","HollowMod:ShadowDash"],"picked":"HollowMod:MantisMark","floor":6},{"not_picked":["HollowMod:BlackTendrils","HollowMod:VengefulVoid"],"picked":"HollowMod:HuntersJournal","floor":7},{"not_picked":["HollowMod:DescendingDark","HollowMod:LifebloodCocoon","HollowMod:LordofShades"],"picked":"SKIP","floor":10},{"not_picked":["HollowMod:DashSlash","HollowMod:ChannelNail"],"picked":"HollowMod:CycloneSlash","floor":11},{"not_picked":["HollowMod:SharpenedShadows","HollowMod:TaintedHusks"],"picked":"HollowMod:RecoilStrike","floor":12},{"not_picked":["HollowMod:ChannelNail","HollowMod:InfectedCysts"],"picked":"HollowMod:HowlingWraiths","floor":14},{"not_picked":["HollowMod:SoulStrike","HollowMod:InfectedCysts+1","HollowMod:CycloneSlash+1"],"picked":"SKIP","floor":18},{"not_picked":["HollowMod:SiblingsSouls","HollowMod:HowlingWraiths"],"picked":"HollowMod:MantisMark","floor":20},{"not_picked":["HollowMod:HeavyBlow","HollowMod:SoulStrike"],"picked":"HollowMod:SoulEater+1","floor":21},{"not_picked":["HollowMod:SharpenedNail","HollowMod:GrimmsGift"],"picked":"HollowMod:GoodIntentions","floor":22},{"not_picked":["HollowMod:WraithStrike","HollowMod:CycloneSlash+1"],"picked":"HollowMod:DesolateDive+1","floor":23},{"not_picked":["HollowMod:TaintedHusks","HollowMod:SiblingsShadow"],"picked":"HollowMod:MonomonsArchive","floor":24}],"player_experience":458594,"relics_obtained":[{"floor":6,"key":"Boot"},{"floor":6,"key":"HollowMod:DelicateFlower"},{"floor":9,"key":"Pantograph"},{"floor":10,"key":"Art of War"},{"floor":10,"key":"HollowMod:LumaflyLanternRelic"},{"floor":20,"key":"Red Mask"},{"floor":22,"key":"Toy Ornithopter"}],"event_choices":[{"damage_healed":0,"gold_gain":0,"player_choice":"Box","damage_taken":0,"relics_obtained":["Anchor"],"max_hp_gain":0,"max_hp_loss":0,"event_name":"Big Fish","floor":5,"gold_loss":0,"cards_obtained":["Regret"]},{"damage_healed":0,"gold_gain":0,"player_choice":"2 cards matched","damage_taken":0,"max_hp_gain":0,"max_hp_loss":0,"event_name":"Match and Keep!","floor":13,"gold_loss":0,"cards_obtained":["HollowMod:NewLittleFool","HollowMod:NewGlowingWomb"]},{"damage_healed":0,"gold_gain":0,"player_choice":"Fought Bandits","damage_taken":0,"max_hp_gain":0,"max_hp_loss":0,"event_name":"Masked Bandits","floor":20,"gold_loss":0},{"damage_healed":0,"gold_gain":0,"player_choice":"Simplicity","damage_taken":0,"max_hp_gain":0,"max_hp_loss":0,"event_name":"Back to Basics","floor":25,"gold_loss":0,"cards_upgraded":[]}],"is_beta":false,"boss_relics":[{"not_picked":["aspiration:RitualDagger","Philosopher\u0027s Stone"],"picked":"SacredBark"}],"items_purged_floors":[19],"is_endless":false,"potions_floor_spawned":[2,7,10,11,16,18,21,24],"killed_by":"Centurion and Healer","ascension_level":0}}