{"host":"mi0eibewekhugwl1","time":1612432634,"event":{"mods":["AchievementEnabler","BaseMod","Colored Map","Colored Powertips","DeckTracker","Keyboard Shortcuts","Minty Spire (QoL Compilation)","Quick Restart","Rare Cards Sparkle","Relic Stats","StSLib","SuperFastMode","everything is the same but u backflip on backflip"],"gold_per_floor":[115,190,190,202,222,237,252,266,266,283,283,283,53,66,66,140,140,160,0,15,32,44,44,73,73,73,123,123,123],"floor_reached":28,"language":"KOR","playtime":535,"items_purged":["Strike_B"],"score":428,"play_id":"cfc67326-d76b-4bf3-bf68-27fcd996a9c6","local_time":"20210204185714","is_ascension_mode":true,"campfire_choices":[{"data":"Beam Cell","floor":11,"key":"SMITH"},{"data":"Zap","floor":15,"key":"SMITH"},{"floor":23,"key":"REST"},{"data":"White Noise","floor":25,"key":"SMITH"}],"circlet_count":0,"master_deck":["AscendersBane","Strike_B","Defend_B","Defend_B","Defend_B","Defend_B","Zap+1","Dualcast","Streamline","Self Repair","Beam Cell+1","Conserve Battery","Gash","FTL","Coolheaded","Hologram","Electrodynamics","Creative AI","Seek","Glacier","Coolheaded+1","White Noise+1"],"relics":["Cracked Core","NeowsBlessing","Sundial","Nuclear Battery","Red Mask","Kunai"],"acts_visited":["Exordium","TheCity"],"potions_floor_usage":[16,24,24],"damage_taken":[{"damage":0,"enemies":"2 Louse","floor":1,"turns":1},{"damage":0,"enemies":"Jaw Worm","floor":4,"turns":1},{"damage":0,"enemies":"Cultist","floor":5,"turns":1},{"damage":9,"enemies":"Blue Slaver","floor":6,"turns":3},{"damage":6,"enemies":"Exordium Thugs","floor":7,"turns":4},{"damage":7,"enemies":"2 Fungi Beasts","floor":8,"turns":3},{"damage":12,"enemies":"Looter","floor":10,"turns":3},{"damage":14,"enemies":"Large Slime","floor":14,"turns":4},{"damage":28,"enemies":"Slime Boss","floor":16,"turns":11},{"damage":16,"enemies":"3 Byrds","floor":18,"turns":5},{"damage":24,"enemies":"2 Thieves","floor":20,"turns":4},{"damage":20,"enemies":"Centurion and Healer","floor":21,"turns":7},{"damage":6,"enemies":"Snecko","floor":22,"turns":8},{"damage":27,"enemies":"Masked Bandits","floor":24,"turns":4},{"damage":0,"enemies":"3 Cultists","floor":28,"turns":1}],"seed_played":"-2204916370369059363","potions_obtained":[{"floor":1,"key":"LiquidMemories"},{"floor":6,"key":"PowerPotion"},{"floor":16,"key":"Energy Potion"},{"floor":24,"key":"DistilledChaos"}],"is_trial":false,"path_per_floor":["M","?","?","M","M","M","M","M","T","M","R","?","$","M","R","B",null,"M","$","M","M","M","R","?","R","T","?","M"],"character_chosen":"DEFECT","items_purchased":["Electrodynamics","Seek"],"campfire_rested":1,"item_purchase_floors":[13,19],"current_hp_per_floor":[64,53,53,53,53,51,52,52,52,47,47,47,47,40,40,19,58,49,49,32,19,20,41,21,21,21,21,21,21],"gold":123,"neow_bonus":"THREE_ENEMY_KILL","is_daily":false,"chose_seed":false,"campfire_upgraded":3,"win_rate":0.0,"timestamp":1612432634,"path_taken":["M","?","?","M","?","M","M","M","T","M","R","?","?","M","R","BOSS","M","$","M","M","M","R","?","R","T","?","M"],"items_purchased_type":["Card","Card"],"build_version":"2020-12-22","purchased_purges":1,"victory":false,"max_hp_per_floor":[71,71,71,71,71,71,71,71,71,71,71,71,71,71,71,71,71,71,71,71,71,71,71,71,71,71,71,71,71],"relic_stats":{"counters":[15,59],"Sundial":[8],"Kunai":[0],"obtain_stats":[{"NeowsBlessing":0,"Sundial":9,"Red Mask":24,"Kunai":26,"Cracked Core":0,"Nuclear Battery":17},{"NeowsBlessing":0,"Sundial":6,"Red Mask":14,"Kunai":14,"Cracked Core":0,"Nuclear Battery":9},{"NeowsBlessing":0,"Sundial":13,"Red Mask":59,"Kunai":59,"Cracked Core":0,"Nuclear Battery":31}]},"card_choices":[{"not_picked":["Loop","Cold Snap"],"picked":"Streamline","floor":1},{"not_picked":["Gash","Heatsinks"],"picked":"Beam Cell","floor":4},{"not_picked":["Redo","Loop"],"picked":"Conserve Battery","floor":5},{"not_picked":["Force Field","Stack"],"picked":"Gash","floor":6},{"not_picked":["Coolheaded","Gash"],"picked":"FTL","floor":7},{"not_picked":["Static Discharge","Defragment"],"picked":"Coolheaded","floor":8},{"not_picked":["Redo","Loop"],"picked":"Hologram","floor":10},{"not_picked":["Barrage","Turbo","Compile Driver"],"picked":"SKIP","floor":14},{"not_picked":["Buffer","Reboot"],"picked":"Creative AI","floor":16},{"not_picked":["Redo","Genetic Algorithm","Fusion"],"picked":"SKIP","floor":18},{"not_picked":["Gash","Rebound"],"picked":"Glacier","floor":20},{"not_picked":["Leap","Sweeping Beam"],"picked":"Coolheaded+1","floor":21},{"not_picked":["Rebound","Cold Snap"],"picked":"White Noise","floor":22}],"player_experience":1784689,"relics_obtained":[{"floor":9,"key":"Sundial"},{"floor":24,"key":"Red Mask"},{"floor":26,"key":"Kunai"}],"event_choices":[{"damage_healed":0,"gold_gain":75,"player_choice":"Gather Gold","damage_taken":11,"max_hp_gain":0,"max_hp_loss":0,"event_name":"World of Goop","floor":2,"gold_loss":0},{"damage_healed":0,"gold_gain":0,"cards_transformed":["Strike_B"],"player_choice":"Transformed","damage_taken":0,"max_hp_gain":0,"max_hp_loss":0,"event_name":"Transmorgrifier","floor":3,"gold_loss":0,"cards_obtained":["Self Repair"]},{"cards_removed":["Strike_B"],"damage_healed":0,"gold_gain":0,"player_choice":"Card Removal","damage_taken":0,"max_hp_gain":0,"max_hp_loss":0,"event_name":"Wheel of Change","floor":12,"gold_loss":0},{"damage_healed":0,"gold_gain":0,"player_choice":"Fought Bandits","damage_taken":0,"max_hp_gain":0,"max_hp_loss":0,"event_name":"Masked Bandits","floor":24,"gold_loss":0},{"damage_healed":0,"gold_gain":50,"player_choice":"Stole From Cult","damage_taken":0,"max_hp_gain":0,"max_hp_loss":0,"event_name":"Nest","floor":27,"gold_loss":0}],"is_beta":false,"boss_relics":[{"not_picked":["Runic Dome","Philosopher\u0027s Stone"],"picked":"Nuclear Battery"}],"items_purged_floors":[13],"is_endless":false,"potions_floor_spawned":[1,6,8,16,20,21,24],"killed_by":"3 Cultists","ascension_level":20}}