{"host":"hka8b3f4pkvnp4ei","time":1612410131,"event":{"mods":["BaseMod","Minty Spire (QoL Compilation)","Quick Restart","Replay The Spire","StSLib"],"gold_per_floor":[115,115,197,122,138,173,173,200,227,260,260,278,297,316,316,419,419,439,339,357,377,252,286,286,302,327,427,427,465,474,513,513,620,620,639,489,500,500,527,558,578,590,590,619,427,455,455,455,479,525,525,525,525,525,185,215,215],"floor_reached":58,"language":"ZHS","playtime":4404,"items_purged":["Strike_G","Strike_G","Defend_G","Defend_G","Strike_G+1"],"score":1790,"play_id":"149de85a-5544-4131-b46e-c980786ab10b","local_time":"20210204114211","is_ascension_mode":false,"campfire_choices":[{"data":"Cloak And Dagger","floor":11.0,"key":"SMITH"},{"data":"Replay:Bag of Tricks","floor":24.0,"key":"SMITH"},{"data":"Concentrate","floor":28.0,"key":"SMITH"},{"data":"Defend_G","floor":32.0,"key":"PURGE"},{"floor":51.0,"key":"RECALL"},{"floor":54.0,"key":"DIG"}],"circlet_count":0,"master_deck":["Defend_G+1","Survivor","Neutralize","Accuracy","Cloak And Dagger+1","Concentrate+1","Backflip","Replay:Bag of Tricks+1","Tactician+1","After Image","Reflex+1","Expertise","After Image","Acrobatics+1","Well Laid Plans+1","Escape Plan+1","Footwork","Accuracy+1"],"relics":["Ring of the Snake","NeowsBlessing","ReplayTheSpireMod:Shallot","Omamori","Blue Doll","Regal Pillow","Shovel","Black Star","Vajra","CeramicFish","Simple Rune","StoneCalendar","Replay:Bottled Flurry","Prayer Wheel","Replay:Bottled Snecko","Boot","War Paint","Calling Bell","Mango","Garlic","Nunchaku","Paper Crane","Ancient Tea Set","Ornamental Fan","Happy Flower","Singing Bowl","ReplayTheSpireMod:Lightbulb","Turnip","Ninja Scroll","Basket Of Snakes","Du-Vu Doll","Bronze Scales"],"acts_visited":["Exordium","TheCity","TheBeyond","TheEnding"],"potions_floor_usage":[57,57],"damage_taken":[{"damage":0.0,"enemies":"2 Louse","floor":1.0,"turns":1.0},{"damage":0.0,"enemies":"Jaw Worm","floor":5.0,"turns":1.0},{"damage":0.0,"enemies":"Lagavulin","floor":6.0,"turns":1.0},{"damage":12.0,"enemies":"Gremlin Nob","floor":8.0,"turns":2.0},{"damage":0.0,"enemies":"Small Slimes","floor":12.0,"turns":3.0},{"damage":0.0,"enemies":"2 Fungi Beasts","floor":13.0,"turns":3.0},{"damage":0.0,"enemies":"Blue Slaver","floor":14.0,"turns":4.0},{"damage":10.0,"enemies":"The Guardian","floor":16.0,"turns":11.0},{"damage":12.0,"enemies":"2 Thieves","floor":18.0,"turns":2.0},{"damage":16.0,"enemies":"Chosen","floor":20.0,"turns":5.0},{"damage":3.0,"enemies":"Centurion and Healer","floor":21.0,"turns":10.0},{"damage":0.0,"enemies":"Gremlin Leader","floor":23.0,"turns":10.0},{"damage":9.0,"enemies":"Chosen and Byrds","floor":25.0,"turns":5.0},{"damage":0.0,"enemies":"Colosseum Slavers","floor":27.0,"turns":3.0},{"damage":4.0,"enemies":"Colosseum Nobs","floor":27.0,"turns":4.0},{"damage":0.0,"enemies":"Slavers","floor":29.0,"turns":5.0},{"damage":0.0,"enemies":"Gremlin Leader","floor":31.0,"turns":5.0},{"damage":0.0,"enemies":"Champ","floor":33.0,"turns":7.0},{"damage":0.0,"enemies":"3 Darklings","floor":35.0,"turns":2.0},{"damage":0.0,"enemies":"3 Shapes","floor":37.0,"turns":2.0},{"damage":0.0,"enemies":"Maw","floor":39.0,"turns":4.0},{"damage":8.0,"enemies":"R_Hoarder","floor":40.0,"turns":8.0},{"damage":0.0,"enemies":"Writhing Mass","floor":41.0,"turns":3.0},{"damage":0.0,"enemies":"4 Shapes","floor":42.0,"turns":3.0},{"damage":0.0,"enemies":"Reptomancer","floor":44.0,"turns":2.0},{"damage":0.0,"enemies":"Giant Head","floor":46.0,"turns":2.0},{"damage":0.0,"enemies":"Maw","floor":49.0,"turns":3.0},{"damage":0.0,"enemies":"2 Orb Walkers","floor":50.0,"turns":3.0},{"damage":0.0,"enemies":"Time Eater","floor":52.0,"turns":9.0},{"damage":0.0,"enemies":"Shield and Spear","floor":56.0,"turns":2.0},{"damage":0,"enemies":"The Heart","floor":57,"turns":2}],"seed_played":"-6312956251380847104","potions_obtained":[{"floor":1.0,"key":"Death Potion"},{"floor":6.0,"key":"Poison Potion"},{"floor":8.0,"key":"DuplicationPotion"},{"floor":14.0,"key":"Death Potion"},{"floor":16.0,"key":"SkillPotion"},{"floor":25.0,"key":"BlessingOfTheForge"},{"floor":27.0,"key":"LiquidBronze"},{"floor":31.0,"key":"DistilledChaos"},{"floor":35.0,"key":"Venom Potion"},{"floor":37.0,"key":"Languid Potion"},{"floor":50.0,"key":"Dexterity Potion"}],"is_trial":false,"path_per_floor":["M","?","T","$","M","E","?","E","T","?","R","M","M","M","R","B",null,"M","$","M","M","$","E","R","M","T","?","R","E","?","E","R","B",null,"M","$","M","?","M","E","M","M","T","E","$","E","PTL","PTL","M","?","R","B",null,"R","$","E","B",null],"character_chosen":"THE_SILENT","items_purchased":["Footwork","PowerPotion","Basket Of Snakes"],"campfire_rested":0,"item_purchase_floors":[45,55,55],"current_hp_per_floor":[70,70,70,70,70,70,63,51,51,51,51,51,51,51,51,41,70,58,58,42,39,39,39,39,30,30,26,26,26,26,26,26,26,84,84,84,84,84,84,80,80,80,80,80,80,82,82,82,84,86,86,86,90,90,90,92,92],"gold":215,"neow_bonus":"THREE_ENEMY_KILL","is_daily":false,"chose_seed":false,"campfire_upgraded":3,"win_rate":0.0,"timestamp":1612410131,"path_taken":["M","?","?","$","M","E","?","E","T","?","R","M","M","M","R","BOSS","M","$","M","M","$","E","R","M","T","?","R","E","?","E","R","BOSS","M","$","M","?","M","E","M","M","T","E","$","E","PTL","PTL","M","?","R","BOSS","R","$","E","BOSS"],"items_purchased_type":["Card","Potion","Relic"],"build_version":"2020-12-22","purchased_purges":5,"victory":true,"max_hp_per_floor":[70,70,70,70,70,70,70,70,70,70,70,70,70,70,70,70,70,70,70,70,70,70,70,70,70,70,70,70,70,70,70,70,70,84,84,84,84,84,84,84,84,84,84,84,84,86,86,86,88,90,90,90,90,90,90,92,92],"card_choices":[{"not_picked":["Infinite Blades","Footwork"],"picked":"Accuracy","floor":1.0},{"not_picked":["Fluid Movement","Flying Knee"],"picked":"Cloak And Dagger","floor":5.0},{"not_picked":["Hidden Blade","Deflect","Dagger Spray"],"picked":"SKIP","floor":6.0},{"not_picked":["Dagger Spray","Deadly Poison","Flying Knee"],"picked":"SKIP","floor":8.0},{"not_picked":["Slice","Cloak And Dagger"],"picked":"Concentrate","floor":10.0},{"not_picked":["Poisoned Stab","Deadly Poison"],"picked":"Backflip","floor":12.0},{"not_picked":["Backflip","Hidden Blade","Slice"],"picked":"SKIP","floor":13.0},{"not_picked":["Terror","Bane"],"picked":"Replay:Bag of Tricks","floor":14.0},{"not_picked":["Envenom","Doppelganger"],"picked":"After Image","floor":16.0},{"not_picked":["Sucker Punch","Outmaneuver","Backflip"],"picked":"SKIP","floor":18.0},{"not_picked":["ReplayTheSpireMod:Tripwire+1","Deadly Poison","ReplayTheSpireMod:Shiv Toss"],"picked":"SKIP","floor":20.0},{"not_picked":["All Out Attack","Heel Hook","Corpse Explosion"],"picked":"SKIP","floor":21.0},{"not_picked":["Backstab","Dagger Spray"],"picked":"Reflex+1","floor":23.0},{"not_picked":["Draining Mist+1","Flying Knee","Dagger Spray"],"picked":"SKIP","floor":25.0},{"not_picked":["Unload","Dagger Spray"],"picked":"Expertise","floor":29.0},{"not_picked":["Finisher+1","Riddle With Holes"],"picked":"Acrobatics","floor":31.0},{"not_picked":["Die Die Die","A Thousand Cuts"],"picked":"Envenom","floor":33.0},{"not_picked":["Fluid Movement+1","Backflip"],"picked":"Well Laid Plans+1","floor":35.0},{"not_picked":["Flying Knee+1","Eviscerate","Setup+1"],"picked":"SKIP","floor":35.0},{"not_picked":["Masterful Stab","Flying Knee+1","Dagger Spray+1"],"picked":"SKIP","floor":37.0},{"not_picked":["Calculated Gamble+1","Dodge and Roll","Choke"],"picked":"SKIP","floor":37.0},{"not_picked":["Flying Knee+1","Blade Dance+1"],"picked":"Escape Plan+1","floor":39.0},{"not_picked":["PiercingWail+1","Bane","Cloak And Dagger+1"],"picked":"SKIP","floor":39.0},{"not_picked":["Deadly Poison+1","After Image","Dagger Spray+1"],"picked":"SKIP","floor":40.0},{"not_picked":["PiercingWail","Deflect","Catalyst+1"],"picked":"SKIP","floor":41.0},{"not_picked":["All Out Attack+1","Bane+1","Finisher"],"picked":"SKIP","floor":41.0},{"not_picked":["Heel Hook","Blur+1","Wraith Form v2"],"picked":"SKIP","floor":42.0},{"not_picked":["Predator","Underhanded Strike","PiercingWail"],"picked":"SKIP","floor":42.0},{"not_picked":["Blade Dance","Distraction+1","Eviscerate+1"],"picked":"SKIP","floor":44.0},{"not_picked":["Sucker Punch","Underhanded Strike","Infinite Blades"],"picked":"Singing Bowl","floor":46.0},{"not_picked":["Blade Dance+1","Hidden Blade","Die Die Die"],"picked":"Singing Bowl","floor":49.0},{"not_picked":["Bane","ReplayTheSpireMod:The Works"],"picked":"Accuracy+1","floor":49.0},{"not_picked":["Cloak And Dagger","Dodge and Roll+1","Quick Slash"],"picked":"Singing Bowl","floor":50.0},{"not_picked":["Outmaneuver+1","Sneak Up+1","Dagger Spray"],"picked":"Singing Bowl","floor":56.0}],"player_experience":434330,"relics_obtained":[{"floor":3.0,"key":"ReplayTheSpireMod:Shallot"},{"floor":6.0,"key":"Omamori"},{"floor":8.0,"key":"Blue Doll"},{"floor":9.0,"key":"Regal Pillow"},{"floor":10.0,"key":"Shovel"},{"floor":23.0,"key":"Vajra"},{"floor":23.0,"key":"CeramicFish"},{"floor":26.0,"key":"Simple Rune"},{"floor":27.0,"key":"StoneCalendar"},{"floor":27.0,"key":"Replay:Bottled Flurry"},{"floor":29.0,"key":"Prayer Wheel"},{"floor":29.0,"key":"Replay:Bottled Snecko"},{"floor":31.0,"key":"Boot"},{"floor":31.0,"key":"War Paint"},{"floor":34.0,"key":"Mango"},{"floor":34.0,"key":"Garlic"},{"floor":34.0,"key":"Nunchaku"},{"floor":40.0,"key":"Paper Crane"},{"floor":40.0,"key":"Ancient Tea Set"},{"floor":44.0,"key":"Ornamental Fan"},{"floor":44.0,"key":"Happy Flower"},{"floor":46.0,"key":"Singing Bowl"},{"floor":46.0,"key":"ReplayTheSpireMod:Lightbulb"},{"floor":50.0,"key":"Turnip"},{"floor":54.0,"key":"Ninja Scroll"},{"floor":56.0,"key":"Du-Vu Doll"},{"floor":56.0,"key":"Bronze Scales"}],"event_choices":[{"cards_removed":["Strike_G"],"damage_healed":0.0,"max_hp_gain":0.0,"max_hp_loss":0.0,"gold_gain":0.0,"event_name":"Living Wall","player_choice":"Forget","floor":2.0,"gold_loss":0.0,"damage_taken":0.0},{"cards_removed":["Defend_G"],"damage_healed":0.0,"max_hp_gain":0.0,"max_hp_loss":0.0,"gold_gain":0.0,"event_name":"Golden Wing","player_choice":"Card Removal","floor":7.0,"gold_loss":0.0,"damage_taken":7.0},{"damage_healed":0.0,"max_hp_gain":0.0,"max_hp_loss":0.0,"gold_gain":0.0,"event_name":"Colosseum","player_choice":"Fight","floor":27.0,"gold_loss":0.0,"damage_taken":0.0},{"damage_healed":0.0,"max_hp_gain":0.0,"max_hp_loss":0.0,"gold_gain":0.0,"event_name":"Colosseum","player_choice":"Fought Nobs","floor":27.0,"gold_loss":0.0,"damage_taken":0.0},{"damage_healed":0.0,"max_hp_gain":0.0,"max_hp_loss":0.0,"gold_gain":0.0,"event_name":"Duplicator","player_choice":"Copied","floor":30.0,"gold_loss":0.0,"damage_taken":0.0,"cards_obtained":["After Image"]},{"cards_removed":["Envenom"],"damage_healed":0.0,"max_hp_gain":0.0,"max_hp_loss":0.0,"gold_gain":0.0,"event_name":"Falling","player_choice":"Removed Power","floor":38.0,"gold_loss":0.0,"damage_taken":0.0},{"damage_healed":0.0,"max_hp_gain":0.0,"max_hp_loss":0.0,"gold_gain":0.0,"event_name":"Mysterious Sphere","player_choice":"Fight","floor":50.0,"gold_loss":0.0,"damage_taken":0.0}],"is_beta":false,"boss_relics":[{"not_picked":["Snecko Eye","ChewingGum"],"picked":"Black Star"},{"not_picked":["Sozu","Ring of Chaos"],"picked":"Calling Bell"}],"items_purged_floors":[4,19,22,36,45],"is_endless":false,"potions_floor_spawned":[1,6,8,14,16,25,27,31,35,37,49,50],"ascension_level":0}}