{"host":"vm8b3ptwl81uq21f","time":1612462773,"event":{"mods":["Act Like it!","Aspiration","BaseMod","BetterRewards","Colored Map","Colored Powertips","GifTheSpireLib","Googly Eyes","GungeonMod","Halation","Hallownest","Hubris","Infinite Spire","Minty Spire (QoL Compilation)","Quick Restart","Rare Cards Sparkle","Replay The Spire","Shop Mod","Spicy Shops","StSLib","Stuff the Spire","The IronCluck","[IsaacMod]????"],"gold_per_floor":[114,114,8,24,37,62,62,95,95,142,26,46,46,77,77,151,151,169,182,182,182],"floor_reached":20,"language":"ENG","playtime":940,"items_purged":["Writhe"],"score":339,"play_id":"4e87cd05-e421-4f80-8d65-123974299125","local_time":"20210204131933","is_ascension_mode":true,"campfire_choices":[{"data":"Adrenaline","floor":13,"key":"SMITH"},{"floor":15,"key":"REST"}],"circlet_count":0,"master_deck":["AscendersBane","Strike_G+1","Strike_G+1","Strike_G","Strike_G","Strike_G","Defend_G","Defend_G","Defend_G","Defend_G","Defend_G","Survivor","Neutralize","Backstab","Adrenaline+1","Leg Sweep","Corpse Explosion","Slice","Bane","Leg Sweep","Corpse Explosion","Acrobatics"],"relics":["Ring of the Snake","HushsDoor","aspiration:Nostalgia","Iron Core","SteamSale","ReplayTheSpireMod:CursedCoin","halation:PrussianBluePaint","MerchantsRug","Blue Doll","Lizard Tail","Bottled Flame","StuffTheSpire:OldFever","StuffTheSpire:BottledEssence","hubris:MobiusCoin","Snecko Eye"],"acts_visited":["Exordium","TheCity"],"potions_floor_usage":[8,16],"damage_taken":[{"damage":8,"enemies":"Hallownest:monsterHuskGuard","floor":1,"turns":6},{"damage":1,"enemies":"Hallownest:2_Tiktiks_and_1_Crawlid","floor":4,"turns":4},{"damage":2,"enemies":"2_ Uuma","floor":5,"turns":8},{"damage":32,"enemies":"Hallownest:eliteMossKnight","floor":6,"turns":14},{"damage":8,"enemies":"Hallownest:eliteVengeflyKing","floor":8,"turns":9},{"damage":5,"enemies":"Hallownest:Guard_and_Warrior","floor":12,"turns":4},{"damage":2,"enemies":"Hallownest:eliteCrystalGuardian","floor":14,"turns":4},{"damage":13,"enemies":"Hallownest:BossHornet","floor":16,"turns":17},{"damage":17,"enemies":"2 Thieves","floor":18,"turns":2},{"damage":0,"enemies":"3 Byrds","floor":19,"turns":3},{"damage":18,"enemies":"Snake Plant","floor":20,"turns":2}],"seed_played":"-8797584887789036822","potions_obtained":[{"floor":4,"key":"CunningPotion"},{"floor":8,"key":"DemoMod:LeadSkinPotion"},{"floor":14,"key":"CunningPotion"},{"floor":19,"key":"AttackPotion"}],"is_trial":false,"path_per_floor":["M","?","$","M","M","E","?","E","T","T","$","M","R","E","R","B",null,"M","M","M"],"character_chosen":"THE_SILENT","items_purchased":["ReplayTheSpireMod:CursedCoin","halation:PrussianBluePaint","Adrenaline","MerchantsRug","StuffTheSpire:BottledEssence"],"campfire_rested":1,"item_purchase_floors":[3,3,3,3,11],"current_hp_per_floor":[55,55,55,54,52,20,20,12,12,12,12,7,7,5,26,13,56,39,39,21,21],"gold":182,"neow_bonus":"NOSTALGIA","is_daily":false,"chose_seed":false,"campfire_upgraded":1,"win_rate":0.0,"timestamp":1612462773,"path_taken":["M","?","$","?","M","E","?","E","T","?","$","M","R","E","R","BOSS","M","M","M"],"items_purchased_type":["Relic","Relic","Card","Relic","Relic"],"build_version":"2020-12-22","purchased_purges":1,"victory":false,"max_hp_per_floor":[70,70,70,70,70,70,70,70,70,70,70,70,70,70,70,70,70,70,70,70,70],"card_choices":[{"not_picked":["Body Slam","Outmaneuver"],"picked":"Backstab","floor":1},{"not_picked":["Skewer","Iron Wave"],"picked":"Leg Sweep","floor":4},{"not_picked":["Iron Wave","ReplayTheSpireMod:Exploit Weakness"],"picked":"Corpse Explosion","floor":5},{"not_picked":["Quick Slash","Cold Snap"],"picked":"Slice","floor":6},{"not_picked":["Iron Wave","hubris:TrickCloak"],"picked":"Bane","floor":8},{"not_picked":["Predator","Headbutt","Underhanded Strike"],"picked":"SKIP","floor":12},{"not_picked":["Predator","Clash"],"picked":"Leg Sweep","floor":14},{"not_picked":["Glass Knife","Barricade"],"picked":"Corpse Explosion","floor":16},{"not_picked":["StuffTheSpire:Python","Outmaneuver+1"],"picked":"Acrobatics","floor":18},{"not_picked":["Slice","Dagger Spray","Footwork"],"picked":"SKIP","floor":19}],"player_experience":393940,"relics_obtained":[{"floor":6,"key":"Blue Doll"},{"floor":8,"key":"Lizard Tail"},{"floor":9,"key":"Bottled Flame"},{"floor":10,"key":"StuffTheSpire:OldFever"},{"floor":14,"key":"hubris:MobiusCoin"}],"event_choices":[],"is_beta":false,"boss_relics":[{"not_picked":["StuffTheSpire:ModemDavis","Ectoplasm"],"picked":"Snecko Eye"},{"not_picked":[]}],"items_purged_floors":[11],"is_endless":false,"potions_floor_spawned":[4,8,14,19],"killed_by":"Snake Plant","ascension_level":13}}