{"host":"jzaz9xuivg238wzk","time":1612471707,"event":{"mods":["2.2 Compatiblity","AchievementEnabler","Aspiration","BaseMod","Better Match","Better Note","Better Skull","Better Third Choice","BetterRewards","Colored Map","Colored Powertips","Conspire","Defuse TimeMaze Blight","Downfall","Energized Spire","GifTheSpireLib","Halation","Highlight Path","Hubris","Infinite Spire","Lobotomy","LobotomyExtend","Minty Spire (QoL Compilation)","Quick Restart","Relic Sorter","Reliquary","Replay The Spire","Spicy Shops","StSLib","Stuff the Spire","The Sage","Waifu the Spire"],"gold_per_floor":[116,135,135,135,151,192,192,231,256,256,256,256,256,291,291,430,430,459,459,459,441,475,498,498,40,40,77,77,77,77,116,116,264,264,303,303,253,153,153,222,242,242],"floor_reached":41,"language":"ENG","playtime":1999,"items_purged":["Defend_G"],"score":1012,"play_id":"70bf5aba-65f3-42c8-80d3-5c6bb56fbe44","local_time":"20210204224827","is_ascension_mode":true,"campfire_choices":[{"floor":7.0,"key":"RECALL"},{"floor":11.0,"key":"REST"},{"floor":13.0,"key":"REST"},{"data":"Neutralize","floor":15.0,"key":"SMITH"},{"floor":24.0,"key":"REST"},{"floor":28.0,"key":"REST"},{"floor":32.0,"key":"REST"}],"circlet_count":0,"master_deck":["Strike_G","Strike_G","Strike_G","Strike_G","Defend_G","Defend_G","Defend_G","Survivor","Neutralize+1","StuffTheSpire:Injection","StuffTheSpire:ReptileScales+1","StuffTheSpire:BumpUp+1","Cloak And Dagger","Replay:Poison Smokescreen","Flechettes","Burst","Rampage","Strike_G","Strike_G","Strike_G","Strike_G","Defend_G","Defend_G","Defend_G","Defend_G","Defend_G","Survivor","Neutralize+1","StuffTheSpire:Injection","StuffTheSpire:ReptileScales+1","StuffTheSpire:BumpUp+1","Cloak And Dagger","Choke","Replay:Poison Smokescreen","Flechettes","Burst","Rampage","Dagger Spray+1","Quick Slash+1","Backflip","Sword Boomerang","infinitespire:Punishment","Deadly Poison","Offering","Havoc","Strike_G","Brutality","infinitespire:FinalStrike","conspire:SpireCoStock","conspire:SpireCoStock","Fire Breathing"],"relics":["Ring of the Snake","reliquary:Aerogel","halation:Toothbrush","Lee\u0027s Waffle","Durian","LetterFromLob","Golden Idol","The Specimen","hubris:ToyBattleship","Replay:Bandana","halation:BottledLove","aspiration:IroncladSkillbook","StuffTheSpire:Gunfinga","hubris:64BitClover","StoneCalendar","Pen Nib","Byrd Skull","infinitespire:EvilPickle","energizedSpire:HugeHouse","hubris:DisguiseKit","halation:PapillonHeart","infinitespire:Lychee Nut"],"acts_visited":["Exordium","TheCity","TheBeyond"],"potions_floor_usage":[],"damage_taken":[{"damage":4.0,"enemies":"Small Slimes","floor":1.0,"turns":4.0},{"damage":0.0,"enemies":"Jaw Worm","floor":2.0,"turns":4.0},{"damage":0.0,"enemies":"2 Louse","floor":5.0,"turns":4.0},{"damage":9.0,"enemies":"Replay:BlueRogue","floor":6.0,"turns":8.0},{"damage":28.0,"enemies":"3 Sentries","floor":8.0,"turns":10.0},{"damage":0.0,"enemies":"2 Fungi Beasts","floor":14.0,"turns":4.0},{"damage":24.0,"enemies":"Hexaghost","floor":16.0,"turns":13.0},{"damage":2.0,"enemies":"Spheric Guardian","floor":18.0,"turns":6.0},{"damage":32.0,"enemies":"2 Thieves","floor":21.0,"turns":5.0},{"damage":31.0,"enemies":"Snake Plant","floor":22.0,"turns":6.0},{"damage":20.0,"enemies":"conspire:HollyBat","floor":23.0,"turns":10.0},{"damage":33.0,"enemies":"3 Cultists","floor":27.0,"turns":7.0},{"damage":0.0,"enemies":"Snecko","floor":31.0,"turns":3.0},{"damage":49.0,"enemies":"Pondfish","floor":33.0,"turns":11.0},{"damage":57.0,"enemies":"3 Shapes","floor":35.0,"turns":4.0},{"damage":35,"enemies":"Nemesis","floor":40,"turns":3},{"damage":18,"enemies":"3 Darklings","floor":41,"turns":2}],"seed_played":"-3449427143123675773","potions_obtained":[{"floor":8.0,"key":"Weak Potion"},{"floor":16.0,"key":"PowerPotion"},{"floor":21.0,"key":"Swift Potion"},{"floor":22.0,"key":"AttackPotion"},{"floor":27.0,"key":"bronze:BurnAndBuffPotion"},{"floor":33.0,"key":"Block Potion"}],"is_trial":false,"path_per_floor":["M","M","?","?","M","E","R","E","T","E","R","T","R","M","R","B",null,"M","?","?","M","M","M","R","$","T","M","R","T","AVR","M","R","B",null,"M","?","AVR","?","?","E","M"],"character_chosen":"THE_SILENT","items_purchased":["reliquary:Aerogel","halation:Toothbrush","Lee\u0027s Waffle","StuffTheSpire:Gunfinga","hubris:64BitClover"],"campfire_rested":5,"item_purchase_floors":[0,0,0,25,25],"current_hp_per_floor":[78,78,81,60,60,51,51,23,23,23,48,48,73,73,73,49,85,85,85,85,57,30,14,39,39,39,10,35,35,38,42,68,23,88,35,38,41,41,41,10,0,0],"gold":242,"neow_bonus":"","is_daily":false,"chose_seed":false,"campfire_upgraded":1,"win_rate":0.0,"timestamp":1612471707,"path_taken":["M","M","?","?","M","E","R","E","T","E","R","?","R","M","R","BOSS","M","?","?","M","M","M","R","$","T","M","R","?","AVR","M","R","BOSS","M","?","AVR","?","?","E","M"],"items_purchased_type":["Relic","Relic","Relic","Relic","Relic"],"build_version":"2020-12-22","purchased_purges":1,"victory":false,"max_hp_per_floor":[82,82,85,85,85,85,85,85,85,85,85,85,85,85,85,85,85,85,85,85,85,85,85,85,85,85,85,85,85,88,88,88,88,88,88,91,89,89,85,63,63,63],"card_choices":[{"not_picked":["Deflect","Dodge and Roll"],"picked":"StuffTheSpire:Injection","floor":1.0},{"not_picked":["ReplayTheSpireMod:The Works","hubris:Sniper"],"picked":"StuffTheSpire:ReptileScales","floor":2.0},{"not_picked":["StuffTheSpire:Python","Footwork"],"picked":"Cloak And Dagger","floor":5.0},{"not_picked":["A Thousand Cuts","StuffTheSpire:BumpUp"],"picked":"Choke","floor":6.0},{"not_picked":["Backflip","Finisher"],"picked":"Replay:Poison Smokescreen","floor":8.0},{"not_picked":["Eviscerate","hubris:SlightOfHand"],"picked":"Flechettes","floor":14.0},{"not_picked":["Doppelganger","Bullet Time"],"picked":"Burst","floor":16.0},{"not_picked":["Backflip","Clash","Acrobatics"],"picked":"Rampage","floor":18.0},{"not_picked":["Rampage+1","StuffTheSpire:Slingshot","Underhanded Strike"],"picked":"Dagger Spray+1","floor":21.0},{"not_picked":["Flechettes+1","Burst","Clothesline"],"picked":"Quick Slash+1","floor":22.0},{"not_picked":["Quick Slash","Feel No Pain","Wild Strike"],"picked":"Backflip","floor":23.0},{"not_picked":["Quick Slash","conspire:Charge","hubris:CleavingFinish+1"],"picked":"Sword Boomerang","floor":27.0},{"not_picked":["Heavy Blade","ReplayTheSpireMod:Muscle Training","Slice"],"picked":"Deadly Poison","floor":31.0},{"not_picked":["Burst","Corruption","Exhume"],"picked":"Offering","floor":33.0},{"not_picked":["Twin Strike+1","StuffTheSpire:DoubleShiv+1","Sentinel+1"],"picked":"Havoc","floor":35.0},{"not_picked":["StuffTheSpire:MirrorStance+1","Run Through","Carnage+1","Slimebound:Teamwork"],"picked":"Fire Breathing","floor":40}],"player_experience":225686,"relics_obtained":[{"floor":1.0,"key":"LetterFromLob"},{"floor":6.0,"key":"The Specimen"},{"floor":8.0,"key":"hubris:ToyBattleship"},{"floor":9.0,"key":"Replay:Bandana"},{"floor":12.0,"key":"halation:BottledLove"},{"floor":26.0,"key":"StoneCalendar"},{"floor":29.0,"key":"Pen Nib"},{"floor":40,"key":"infinitespire:Lychee Nut"}],"event_choices":[{"damage_healed":0.0,"max_hp_gain":0.0,"max_hp_loss":0.0,"gold_gain":0.0,"event_name":"Golden Idol","player_choice":"Take Damage","floor":4.0,"gold_loss":0.0,"damage_taken":21.0,"relics_obtained":["Golden Idol"]},{"damage_healed":0.0,"max_hp_gain":0.0,"max_hp_loss":0.0,"gold_gain":0.0,"event_name":"Upgrade Shrine","player_choice":"Upgraded","floor":19.0,"gold_loss":0.0,"damage_taken":0.0,"cards_upgraded":["StuffTheSpire:ReptileScales"]},{"cards_removed":["Defend_G"],"damage_healed":0.0,"max_hp_gain":0.0,"max_hp_loss":0.0,"gold_gain":0.0,"event_name":"Falling","player_choice":"Removed Skill","floor":36.0,"gold_loss":0.0,"damage_taken":0.0},{"damage_healed":0.0,"max_hp_gain":0.0,"max_hp_loss":0.0,"gold_gain":0.0,"event_name":"conspire:Investor","player_choice":"Invest 2","floor":38.0,"gold_loss":0.0,"damage_taken":0.0}],"is_beta":false,"boss_relics":[{"not_picked":["hubris:TerracottaHorce","Ectoplasm"],"picked":"aspiration:IroncladSkillbook"},{"not_picked":["reliquary:WritOfMandamus","StuffTheSpire:RunicConfusion","halation:CatFaceCupcake"]}],"items_purged_floors":[30],"is_endless":false,"potions_floor_spawned":[8,16,21,22,27,33],"killed_by":"3 Darklings","ascension_level":4}}