{"host":"2i0myh7fqij2ti1z","time":1612419275,"event":{"mods":["Aspiration","BaseMod","Better Third Choice","Colored Powertips","Conspire","Evolution","FoggyMod","GifTheSpireLib","Highlight Path","Hubris","Minty Spire (QoL Compilation)","Permanent Neow","Quick Restart","Random Character Button","Random Character Mod","Replay The Spire","Shop Mod","Spicy Shops","StSLib","Stuff the Spire","Wandering Minibosses","óô»ðÖ¸ÄÏ"],"gold_per_floor":[110,210,16,16,16,50,50,81,81,81,81],"floor_reached":10,"language":"ENG","playtime":337,"items_purged":["Defend_R"],"score":146,"play_id":"4ce3bce0-812b-4212-ae45-abf18c809867","local_time":"20210204141435","is_ascension_mode":true,"campfire_choices":[{"data":"Bash","floor":7,"key":"SMITH"}],"circlet_count":0,"master_deck":["AscendersBane","Panacea+1","Strike_R","Strike_R","Strike_R","Strike_R","Strike_R","Defend_R","Defend_R","Bash+1","Meditate","Fire Breathing"],"relics":["Burning Blood","EVO:Axolotl","aspiration:Nostalgia","Sizzling Blood","Black Star","Juzu Bracelet","Membership Card","aspiration:HatOfInfinitePower","Chameleon Ring","Gremlin Food","Meat on the Bone","Toxic Egg 2","Art of War"],"acts_visited":["Exordium"],"potions_floor_usage":[],"damage_taken":[{"damage":11,"enemies":"Small Slimes","floor":1,"turns":4},{"damage":55,"enemies":"Lagavulin","floor":6,"turns":6},{"damage":5,"enemies":"3 Sentries","floor":8,"turns":2},{"damage":35,"enemies":"Gremlin Nob","floor":10,"turns":3}],"seed_played":"7292076310815810692","potions_obtained":[],"is_trial":false,"path_per_floor":["M","?","$","?","?","E","R","E","T","E"],"character_chosen":"IRONCLAD","items_purchased":["Membership Card"],"campfire_rested":0,"item_purchase_floors":[3],"current_hp_per_floor":[75,75,75,75,67,22,22,27,27,0,0],"gold":81,"neow_bonus":"NOSTALGIA","is_daily":false,"chose_seed":false,"campfire_upgraded":1,"win_rate":0.0,"timestamp":1612419275,"path_taken":["M","?","?","?","?","E","R","E","T","E"],"items_purchased_type":["Relic"],"build_version":"2020-12-22","purchased_purges":1,"victory":false,"max_hp_per_floor":[84,84,84,84,84,84,84,84,84,84,84],"card_choices":[{"not_picked":["Clash","StuffTheSpire:RagingBull","Run Through"],"picked":"SKIP","floor":1},{"not_picked":["Shrug It Off","Flex","Run Through"],"picked":"SKIP","floor":6},{"not_picked":["hubris:StunningStrike","Pommel Strike"],"picked":"Fire Breathing","floor":8}],"player_experience":325830,"relics_obtained":[{"floor":6,"key":"Chameleon Ring"},{"floor":6,"key":"Gremlin Food"},{"floor":8,"key":"Meat on the Bone"},{"floor":8,"key":"Toxic Egg 2"},{"floor":9,"key":"Art of War"}],"event_choices":[{"damage_healed":0,"gold_gain":100,"player_choice":"Pray","damage_taken":0,"max_hp_gain":0,"max_hp_loss":0,"event_name":"Golden Shrine","floor":2,"gold_loss":0},{"cards_removed":["Defend_R"],"damage_healed":0,"gold_gain":0,"player_choice":"Forget","damage_taken":0,"max_hp_gain":0,"max_hp_loss":0,"event_name":"Living Wall","floor":4,"gold_loss":0}],"is_beta":false,"boss_relics":[],"items_purged_floors":[3],"is_endless":false,"potions_floor_spawned":[],"killed_by":"Gremlin Nob","ascension_level":10}}