{"host":"xgo7i0560n9mwvr8","time":1612407364,"event":{"mods":["BaseMod","Colored Map","Downfall","Minty Spire (QoL Compilation)","Permanent Neow","StSLib"],"gold_per_floor":[99,117,127,127,127,35,62,62,73,98,156,156,25,10,22,120,120,120,135,135,135,152,166,221,19,19,31,31,131,131,131,151,254,254,254,272,26,26,26,26,94,94,113,128,28,40,40,10,24,24,24,24],"floor_reached":50,"language":"ENG","playtime":4342,"items_purged":[],"score":513,"play_id":"09410561-1e95-4386-9fba-3dadefddf17e","local_time":"20210203215604","is_ascension_mode":false,"campfire_choices":[{"data":"champ:Taunt","floor":1.0,"key":"SMITH"},{"data":"champ:TornadoPunch","floor":8.0,"key":"SMITH"},{"data":"champ:EndlessRage","floor":18.0,"key":"SMITH"},{"data":"expansioncontent:DashGenerateEvil","floor":26.0,"key":"SMITH"},{"floor":28.0,"key":"REST"},{"data":"champ:CalledShot","floor":30.0,"key":"SMITH"},{"data":"champ:UltimateStance","floor":35.0,"key":"SMITH"},{"data":"expansioncontent:StudyTheSpire","floor":40,"key":"SMITH"},{"data":"champ:Improvising","floor":42,"key":"SMITH"},{"data":"champ:Lariat","floor":45,"key":"SMITH"}],"circlet_count":0,"master_deck":["champ:Strike","champ:Defend","champ:Defend","champ:Defend","champ:Defend","champ:Execute","champ:Taunt+1","champ:Lariat+1","champ:TornadoPunch+1","champ:FocusedBerserking","champ:RecklessLeap","champ:FocusedBerserking","champ:SetATrap","champ:Encircle","champ:Improvising+1","champ:EndlessRage+1","champ:EndlessRage","champ:UltimateStance+1","champ:ArenaPreparation","champ:LastStand","champ:CalledShot+1","champ:RapidStrikes","champ:FaceSlap","champ:Haymaker+1","champ:EnGarde","expansioncontent:DashGenerateEvil+1","champ:BringItOn","champ:IronFortress","champ:HeartStrike","champ:Duel+1","champ:StrikeOfGenius","champ:LastStand+1","champ:PerfectedStrike+1","champ:TornadoPunch+1","champ:BerserkersShout+1","champ:FaceSlap","expansioncontent:StudyTheSpire+1","expansioncontent:QuickStudy","expansioncontent:DashGenerateEvil+1","champ:EndlessRage","champ:GladiatorStyle","expansioncontent:YouAreMine","champ:CrookedStrike","champ:DefensiveShout+1","champ:SetATrap+1","champ:ShieldWall","champ:CalledShot"],"relics":["champ:ChampionCrown","Ancient Tea Set","Vajra","TungstenRod","The Courier","SlaversCollar","Shuriken","Strawberry","Dead Branch","Mercury Hourglass","Astrolabe","OrangePellets","downfall:HeartBlessingBlue"],"acts_visited":["Exordium","TheCity","TheBeyond"],"potions_floor_usage":[50,50,50],"damage_taken":[{"damage":21.0,"enemies":"Cultist","floor":2.0,"turns":5.0},{"damage":16.0,"enemies":"Jaw Worm","floor":3.0,"turns":4.0},{"damage":10.0,"enemies":"downfall:FleeingMerchant","floor":6.0,"turns":4.0},{"damage":15.0,"enemies":"Small Slimes","floor":9.0,"turns":2.0},{"damage":74.0,"enemies":"Lagavulin","floor":10.0,"turns":5.0},{"damage":72.0,"enemies":"Lagavulin Event","floor":11.0,"turns":6.0},{"damage":43.0,"enemies":"downfall:FleeingMerchant","floor":13.0,"turns":4.0},{"damage":24.0,"enemies":"downfall:FleeingMerchant","floor":14.0,"turns":4.0},{"damage":0.0,"enemies":"3 Louse","floor":15.0,"turns":1.0},{"damage":47.0,"enemies":"IC_STATUS_ARCHETYPE","floor":16.0,"turns":5.0},{"damage":31.0,"enemies":"Spheric Guardian","floor":19.0,"turns":5.0},{"damage":0.0,"enemies":"Chosen","floor":20.0,"turns":1.0},{"damage":73.0,"enemies":"Centurion and Healer","floor":22.0,"turns":8.0},{"damage":27.0,"enemies":"Shelled Parasite and Fungi","floor":23.0,"turns":4.0},{"damage":35.0,"enemies":"downfall:FleeingMerchant","floor":25.0,"turns":4.0},{"damage":43.0,"enemies":"Chosen and Byrds","floor":27.0,"turns":4.0},{"damage":34.0,"enemies":"IC_STATUS_ARCHETYPE","floor":29.0,"turns":7.0},{"damage":20.0,"enemies":"Centurion and Healer","floor":32.0,"turns":6.0},{"damage":32.0,"enemies":"SI_MIRROR_ARCHETYPE","floor":33.0,"turns":4.0},{"damage":34.0,"enemies":"3 Darklings","floor":36.0,"turns":3.0},{"damage":0,"enemies":"downfall:FleeingMerchant","floor":37,"turns":1},{"damage":12,"enemies":"3 Shapes","floor":43,"turns":3},{"damage":87,"enemies":"Transient","floor":44,"turns":5},{"damage":35,"enemies":"Maw","floor":46,"turns":6},{"damage":65,"enemies":"Jaw Worm Horde","floor":49,"turns":5},{"damage":31,"enemies":"WA_ARCHETYPE_DIVINITY","floor":50,"turns":5}],"seed_played":"4137452743721620469","potions_obtained":[{"floor":3.0,"key":"Block Potion"},{"floor":10.0,"key":"Dexterity Potion"},{"floor":15.0,"key":"Ancient Potion"},{"floor":16.0,"key":"Fire Potion"},{"floor":23.0,"key":"Swift Potion"},{"floor":29.0,"key":"Block Potion"},{"floor":32.0,"key":"bronze:BurnAndBuffPotion"},{"floor":43,"key":"Strength Potion"},{"floor":49,"key":"Weak Potion"}],"is_trial":false,"path_per_floor":["R","M","M","?","?","$","T","R","M","E","?","?","$","$","M","B",null,"R","M","M","T","M","M","T","$","R","M","R","?","R","?","M","B",null,"R","M","?","?","$","R","T","R","M","M","R","M","?","$","M","B"],"character_chosen":"THE_CHAMP","items_purchased":["champ:RecklessLeap","champ:EndlessRage","champ:EndlessRage","expansioncontent:DashGenerateEvil","champ:BringItOn","expansioncontent:StudyTheSpire","expansioncontent:QuickStudy","expansioncontent:DashGenerateEvil+1","OrangePellets","champ:EndlessRage","champ:GladiatorStyle","champ:ShieldWall"],"campfire_rested":1,"item_purchase_floors":[6,13,13,25,25,37,37,37,37,37,37,48],"current_hp_per_floor":[90,89,83,83,88,83,83,83,83,74,57,57,64,60,60,43,95,95,84,84,84,56,39,46,51,51,38,68,49,49,49,34,38,102,102,102,102,102,102,102,102,102,102,70,80,75,75,75,30,0,0,0],"gold":24,"neow_bonus":"RANDOM_COMMON_RELIC","is_daily":false,"chose_seed":false,"campfire_upgraded":9,"win_rate":0.0,"timestamp":1612407364,"path_taken":["R","M","?","?","?","$","T","R","M","E","?","?","?","$","M","BOSS","R","M","M","?","M","M","T","$","R","M","R","?","R","?","M","BOSS","R","M","?","?","$","R","T","R","M","M","R","M","?","?","M","BOSS"],"items_purchased_type":["Card","Card","Card","Card","Card","Card","Card","Card","Relic","Card","Card","Card"],"build_version":"2020-12-22","purchased_purges":0,"victory":false,"max_hp_per_floor":[90,90,90,90,95,95,95,95,95,95,95,95,95,95,95,95,95,95,95,95,95,95,95,102,102,102,102,102,102,102,102,102,102,102,102,102,102,102,102,102,102,102,102,102,112,112,112,112,112,112,112,112],"card_choices":[{"not_picked":["champ:EnGarde","champ:FanOfKnives"],"picked":"champ:Lariat","floor":2.0},{"not_picked":["champ:ShieldSlam","champ:GutPunch"],"picked":"champ:TornadoPunch","floor":3.0},{"not_picked":["champ:RapidStrikes","champ:ShieldSlam"],"picked":"champ:FocusedBerserking","floor":6.0},{"not_picked":["champ:StanceDance","champ:GutPunch"],"picked":"champ:FocusedBerserking","floor":9.0},{"not_picked":["champ:IronFortress","champ:AdrenalArmor"],"picked":"champ:SetATrap","floor":10.0},{"not_picked":["champ:Backstep","champ:StanceDance"],"picked":"champ:Encircle","floor":11.0},{"not_picked":["champ:FlashCut","champ:Shatter"],"picked":"champ:Improvising","floor":13.0},{"not_picked":["champ:IronFortress","champ:Circumvent"],"picked":"champ:UltimateStance","floor":14.0},{"not_picked":["champ:Shatter","champ:DefensiveShout"],"picked":"champ:ArenaPreparation","floor":15.0},{"not_picked":["champ:HeavySlash","champ:UltimateStance"],"picked":"champ:LastStand","floor":16.0},{"not_picked":["champ:Backstep","champ:BladeFlurry+1"],"picked":"champ:CalledShot","floor":19.0},{"not_picked":["champ:Haymaker","champ:FlashCut"],"picked":"champ:RapidStrikes","floor":20.0},{"not_picked":["champ:EnGarde","champ:DefensiveShout"],"picked":"champ:FaceSlap","floor":22.0},{"not_picked":["champ:RapidStrikes","champ:BerserkersShout"],"picked":"champ:Haymaker+1","floor":23.0},{"not_picked":["champ:Devastate","champ:Endure"],"picked":"champ:EnGarde","floor":25.0},{"not_picked":["champ:ShieldSlam","champ:BerserkersShout"],"picked":"champ:IronFortress","floor":27.0},{"not_picked":["champ:BladeFlurry","champ:DefensiveShout"],"picked":"champ:HeartStrike","floor":29.0},{"not_picked":["champ:Haymaker+1","champ:UltimateStance"],"picked":"champ:Duel+1","floor":32.0},{"not_picked":["champ:Devastate","champ:TripleStrike"],"picked":"champ:StrikeOfGenius","floor":33.0},{"not_picked":["champ:AdrenalArmor+1","champ:FaceSlap"],"picked":"champ:BerserkersShout+1","floor":36.0},{"not_picked":["champ:ShieldSlam+1","champ:EnGarde"],"picked":"champ:FaceSlap","floor":37},{"not_picked":["expansioncontent:GuardianWhirl","expansioncontent:PolyBeam"],"picked":"expansioncontent:YouAreMine","floor":38},{"not_picked":["champ:RecklessLeap","champ:FanOfKnives"],"picked":"champ:CrookedStrike","floor":43},{"not_picked":["champ:Circumvent","champ:RecklessLeap"],"picked":"champ:DefensiveShout+1","floor":44},{"not_picked":["champ:BringItOn+1","champ:EnGarde"],"picked":"champ:SetATrap+1","floor":46},{"not_picked":["champ:SetATrap","champ:Improvising"],"picked":"champ:CalledShot","floor":49}],"player_experience":986744,"relics_obtained":[{"floor":7.0,"key":"Vajra"},{"floor":10.0,"key":"TungstenRod"},{"floor":11.0,"key":"The Courier"},{"floor":21.0,"key":"Shuriken"},{"floor":24.0,"key":"Strawberry"},{"floor":29.0,"key":"Dead Branch"},{"floor":29.0,"key":"Mercury Hourglass"}],"event_choices":[{"damage_healed":0.0,"max_hp_gain":5.0,"max_hp_loss":0.0,"gold_gain":0.0,"event_name":"Big Fish","player_choice":"Donut","floor":5.0,"gold_loss":0.0,"damage_taken":0.0},{"damage_healed":0,"gold_gain":0,"player_choice":"Ignored","damage_taken":0,"max_hp_gain":0,"max_hp_loss":0,"event_name":"Mysterious Sphere","floor":47,"gold_loss":0}],"is_beta":false,"boss_relics":[{"not_picked":["Sozu","Pandora\u0027s Box"],"picked":"SlaversCollar"},{"not_picked":["Coffee Dripper","bronze:MakeshiftBattery"],"picked":"Astrolabe"}],"items_purged_floors":[],"is_endless":false,"potions_floor_spawned":[3,10,15,16,23,29,32,43,49],"killed_by":"WA_ARCHETYPE_DIVINITY","ascension_level":0}}