{"host":"684z1xpuwaoqmmh1","time":1612460897,"event":{"mods":["A Magickal Journey","BaseMod","Downfall","Hermit","Jorbs\u0027s Wanderer Trilogy","Marisa????????","Minty Spire (QoL Compilation)","Robot Space Explorer","Shade Mod","StSLib","The Dragon Tamer","The Elementalist","The Hayseed","The Hierophant","The Marked","The Mystic","The Runesmith","The Saiyan","The Vixen","TheBandit","TheFirefly"],"gold_per_floor":[199,209,93,106,121,150,150,163,189,199,199,199,199,223,239,239,239,239],"floor_reached":16,"language":"ENG","playtime":769,"items_purged":["champ:Strike"],"score":207,"play_id":"37d79377-da14-43b0-a45a-8d976031f790","local_time":"20210204194817","is_ascension_mode":true,"campfire_choices":[{"data":"champ:Taunt","floor":1,"key":"SMITH"},{"floor":11,"key":"REST"},{"floor":13,"key":"RECALL"}],"circlet_count":0,"master_deck":["AscendersBane","champ:Strike+1","champ:Strike","champ:Strike","champ:Defend","champ:Defend","champ:Defend","champ:Defend","champ:Execute","champ:Taunt+1","champ:FanOfKnives","champ:DancingMaster","champ:BringItOn+1","champ:HeartStrike+1","champ:PerfectedStrike","champ:GutPunch","champ:GladiatorStyle","champ:Encircle","champ:TripleStrike","downfall:Malfunctioning","champ:BringItOn","champ:DefensiveShout"],"relics":["champ:ChampionCrown","TungstenRod","Bird Faced Urn","Orichalcum","Odd Mushroom"],"acts_visited":["Exordium"],"potions_floor_usage":[6,16],"damage_taken":[{"damage":12,"enemies":"Jaw Worm","floor":2,"turns":5},{"damage":25,"enemies":"downfall:FleeingMerchant","floor":3,"turns":4},{"damage":0,"enemies":"Small Slimes","floor":4,"turns":3},{"damage":21,"enemies":"2 Louse","floor":5,"turns":3},{"damage":40,"enemies":"Lagavulin","floor":6,"turns":10},{"damage":12,"enemies":"Blue Slaver","floor":8,"turns":3},{"damage":22,"enemies":"3 Sentries","floor":9,"turns":7},{"damage":10,"enemies":"Lots of Slimes","floor":10,"turns":5},{"damage":22,"enemies":"The Mushroom Lair","floor":14,"turns":4},{"damage":23,"enemies":"Exordium Wildlife","floor":15,"turns":4},{"damage":37,"enemies":"IC_STATUS_ARCHETYPE","floor":16,"turns":4}],"seed_played":"-4514081281335865810","potions_obtained":[{"floor":2,"key":"SteroidPotion"},{"floor":4,"key":"Regen Potion"},{"floor":14,"key":"sneckomod:MuddlingPotion"}],"is_trial":false,"path_per_floor":["R","M","$","M","M","E","T","M","E","M","R","?","R","?","M","B"],"character_chosen":"THE_CHAMP","items_purchased":["champ:BringItOn"],"campfire_rested":1,"item_purchase_floors":[3],"current_hp_per_floor":[73,71,71,71,60,45,45,33,15,7,31,31,31,21,15,0,0,0],"gold":239,"neow_bonus":"HUNDRED_GOLD","is_daily":false,"chose_seed":false,"campfire_upgraded":1,"win_rate":0.0,"timestamp":1612460897,"path_taken":["R","M","$","M","M","E","T","M","E","M","R","?","R","?","M","BOSS"],"items_purchased_type":["Card"],"build_version":"2020-12-22","purchased_purges":1,"victory":false,"max_hp_per_floor":[81,81,81,81,81,81,81,81,81,81,81,81,81,81,81,81,81,81],"card_choices":[{"not_picked":["champ:Circumvent","champ:Haymaker"],"picked":"champ:FanOfKnives","floor":2},{"not_picked":["champ:Circumvent","champ:BerserkersShout"],"picked":"champ:DancingMaster","floor":3},{"not_picked":["champ:ShieldSigil","champ:FalseCounter"],"picked":"champ:HeartStrike","floor":4},{"not_picked":["champ:TornadoPunch","champ:FanOfKnives"],"picked":"champ:PerfectedStrike","floor":5},{"not_picked":["champ:CrownThrow","champ:BladeFlurry"],"picked":"champ:GutPunch","floor":6},{"not_picked":["champ:ArenaPreparation","champ:DefensiveStyle"],"picked":"champ:GladiatorStyle","floor":8},{"not_picked":["champ:ViciousMockery","champ:DeathBlow"],"picked":"champ:Encircle","floor":9},{"not_picked":["champ:FocusedBerserking","champ:FanOfKnives"],"picked":"champ:TripleStrike","floor":10},{"not_picked":["champ:RecklessLeap","champ:Circumvent"],"picked":"champ:BringItOn","floor":14},{"not_picked":["champ:CrownThrow","champ:StanceDance"],"picked":"champ:DefensiveShout","floor":15}],"player_experience":2944106,"relics_obtained":[{"floor":6,"key":"TungstenRod"},{"floor":7,"key":"Bird Faced Urn"},{"floor":9,"key":"Orichalcum"},{"floor":14,"key":"Odd Mushroom"}],"event_choices":[{"damage_healed":0,"gold_gain":0,"player_choice":"Fought Mushrooms","damage_taken":0,"max_hp_gain":0,"max_hp_loss":0,"event_name":"Mushrooms","floor":14,"gold_loss":0}],"is_beta":false,"boss_relics":[],"items_purged_floors":[3],"is_endless":false,"potions_floor_spawned":[2,4,5,14,15],"killed_by":"IC_STATUS_ARCHETYPE","ascension_level":17}}