{"host":"gfmw02tnhhvp9jba","time":1612466126,"event":{"mods":["AchievementEnabler","BaseMod","Colored Map","Conspire","Downfall","Highlight Path","Minty Spire (QoL Compilation)","Replay The Spire","StSLib"],"gold_per_floor":[99,119,135,585,595,595,595,622,641,641,657,657,688,41,59,59,59,59],"floor_reached":16,"language":"ENG","playtime":749,"items_purged":["downfall:Icky"],"score":118,"play_id":"fea332c8-f77d-4752-91b0-3460ea76fca8","local_time":"20210204201526","is_ascension_mode":true,"campfire_choices":[{"floor":1,"key":"DIG"},{"data":"bronze:BugBarrage","floor":6,"key":"SMITH"},{"floor":12,"key":"REST"}],"circlet_count":0,"master_deck":["bronze:Strike","bronze:Strike","bronze:Strike","bronze:Strike","bronze:Defend","bronze:Defend","bronze:Defend","bronze:Defend","bronze:Replicate","bronze:Goto","bronze:BugBarrage+1","bronze:Terminator","downfall:Icky","bronze:FineTuning","bronze:ItsAFeature","bronze:OilSpill","bronze:BugBarrage","bronze:HardenedForm+1","bronze:Frontload","bronze:DelayedSlice","bronze:Shield"],"relics":["bronze:BronzeCore","Toy Ornithopter","Oddly Smooth Stone","Orichalcum","Frozen Egg 2","Gremlin Horn","OrangePellets"],"acts_visited":["Exordium"],"potions_floor_usage":[8,11,16,16],"damage_taken":[{"damage":0,"enemies":"Cultist","floor":2,"turns":4},{"damage":3,"enemies":"Small Slimes","floor":3,"turns":4},{"damage":15,"enemies":"Jaw Worm","floor":5,"turns":4},{"damage":42,"enemies":"3 Sentries","floor":8,"turns":9},{"damage":12,"enemies":"Blue Slaver","floor":9,"turns":4},{"damage":11,"enemies":"Red Slaver","floor":11,"turns":5},{"damage":16,"enemies":"Gremlin Nob","floor":13,"turns":5},{"damage":4,"enemies":"downfall:FleeingMerchant","floor":14,"turns":4},{"damage":0,"enemies":"Lots of Slimes","floor":15,"turns":3},{"damage":24,"enemies":"IC_STATUS_ARCHETYPE","floor":16,"turns":10}],"seed_played":"-1821537875622531245","potions_obtained":[{"floor":2,"key":"champ:CounterPotion"},{"floor":8,"key":"Venom Potion"},{"floor":13,"key":"Reflective Coating"}],"is_trial":false,"path_per_floor":["R_BF","M","M","?","M","R","T","E","M","?","M","R","E","$","M","B"],"character_chosen":"THE_AUTOMATON","items_purchased":["bronze:DelayedSlice","bronze:Shield","Gremlin Horn","OrangePellets","Block Potion"],"campfire_rested":1,"item_purchase_floors":[14,14,14,14,14],"current_hp_per_floor":[77,77,74,74,59,59,59,22,10,10,4,27,11,7,7,0,0,0],"gold":59,"neow_bonus":"TEN_PERCENT_HP_BONUS","is_daily":false,"chose_seed":false,"campfire_upgraded":1,"win_rate":0.0,"timestamp":1612466126,"path_taken":["R_BF","M","M","?","M","R","T","E","M","?","M","R","E","$","M","BOSS"],"items_purchased_type":["Card","Card","Relic","Relic","Potion"],"build_version":"2020-12-22","purchased_purges":1,"victory":false,"max_hp_per_floor":[77,77,77,77,77,77,77,77,77,77,77,77,77,77,77,77,77,77],"card_choices":[{"not_picked":["bronze:Repulsor","bronze:Shield"],"picked":"bronze:BugBarrage","floor":2},{"not_picked":["bronze:Frontload","bronze:WhirlingStrike"],"picked":"bronze:Terminator","floor":3},{"not_picked":["bronze:BitShift","bronze:Return"],"picked":"bronze:FineTuning","floor":5},{"not_picked":["bronze:InfiniteLoop","bronze:ForceShield"],"picked":"bronze:ItsAFeature","floor":8},{"not_picked":["bronze:DelayedGuard","bronze:BuggyMess"],"picked":"bronze:OilSpill","floor":9},{"not_picked":["bronze:Invalidate","bronze:Frontload"],"picked":"bronze:BugBarrage","floor":11},{"not_picked":["bronze:Safeguard","bronze:Deprecate"],"picked":"bronze:HardenedForm+1","floor":13},{"not_picked":["bronze:Branch","bronze:Overheat"],"picked":"bronze:Frontload","floor":14},{"not_picked":["bronze:OilSpill","bronze:ForLoop","bronze:DelayedGuard"],"picked":"SKIP","floor":15}],"player_experience":122454,"relics_obtained":[{"floor":1,"key":"Toy Ornithopter"},{"floor":7,"key":"Oddly Smooth Stone"},{"floor":8,"key":"Orichalcum"},{"floor":13,"key":"Frozen Egg 2"}],"event_choices":[{"cards_removed":["downfall:Icky"],"damage_healed":0,"gold_gain":0,"player_choice":"Card Removal","damage_taken":0,"max_hp_gain":0,"max_hp_loss":0,"event_name":"The Cleric","floor":10,"gold_loss":0}],"is_beta":false,"boss_relics":[],"items_purged_floors":[14],"is_endless":false,"potions_floor_spawned":[2,8,13],"killed_by":"IC_STATUS_ARCHETYPE","ascension_level":1}}