{"host":"e9x02d116nyd6j9y","time":1612444932,"event":{"mods":["BaseMod","Minty Spire (QoL Compilation)","StSLib","SuperFastMode","The Cursed","everything is the same but u backflip on backflip"],"gold_per_floor":[115,190,209,219,234,234,247,258,284,297,297,297,297,312,312,410,410,426,445,445,393,418,448,448,448,448,448,467,467,486,500,500,500,500],"floor_reached":33,"language":"KOR","playtime":1156,"items_purged":[],"score":261,"play_id":"265d3cf6-70e8-46ca-9b33-d6c24d63ba0a","local_time":"20210204222212","is_ascension_mode":false,"campfire_choices":[{"data":"Anger","floor":6,"key":"SMITH"},{"data":"Double Tap","floor":11,"key":"SMITH"},{"data":"Clash","floor":15,"key":"SMITH"},{"floor":24,"key":"REST"},{"floor":27,"key":"REST"},{"floor":29,"key":"REST"},{"floor":32,"key":"REST"}],"circlet_count":1,"master_deck":["Strike_R","Strike_R","Strike_R","Strike_R","Defend_R","Defend_R","Defend_R","Defend_R","Bash","Double Tap+1","Clash+1","Anger+1","Headbutt","Double Tap+1","Armaments+1","Sword Boomerang","Entrench","Sword Boomerang","Hemokinesis","Shrug It Off+1"],"relics":["Burning Blood","Circlet","Philosopher\u0027s Stone","Pen Nib","Blood Vial"],"acts_visited":["Exordium","TheCity"],"potions_floor_usage":[10,33,33,33],"damage_taken":[{"damage":10.0,"enemies":"Small Slimes","floor":1.0,"turns":3.0},{"damage":8,"enemies":"2 Louse","floor":3,"turns":3},{"damage":1,"enemies":"Cultist","floor":4,"turns":3},{"damage":3,"enemies":"2 Fungi Beasts","floor":5,"turns":4},{"damage":13,"enemies":"Red Slaver","floor":7,"turns":3},{"damage":5,"enemies":"Looter","floor":8,"turns":3},{"damage":10,"enemies":"Large Slime","floor":10,"turns":4},{"damage":5,"enemies":"Gremlin Gang","floor":14,"turns":4},{"damage":6,"enemies":"Slime Boss","floor":16,"turns":8},{"damage":11,"enemies":"Spheric Guardian","floor":18,"turns":3},{"damage":25,"enemies":"Shell Parasite","floor":19,"turns":4},{"damage":56,"enemies":"Book of Stabbing","floor":23,"turns":5},{"damage":13,"enemies":"Snecko","floor":28,"turns":3},{"damage":21,"enemies":"3 Cultists","floor":30,"turns":6},{"damage":23,"enemies":"Chosen and Byrds","floor":31,"turns":6},{"damage":81,"enemies":"Collector","floor":33,"turns":8}],"seed_played":"-1019853524009745157","potions_obtained":[{"floor":3,"key":"SteroidPotion"},{"floor":7,"key":"BloodPotion"},{"floor":8,"key":"LiquidMemories"},{"floor":10,"key":"FearPotion"}],"is_trial":false,"path_per_floor":["M","?","M","M","M","R","M","M","T","M","R","?","?","M","R","B",null,"M","M","?","$","T","E","R","?","T","R","M","R","M","M","R","B"],"character_chosen":"IRONCLAD","items_purchased":["Sword Boomerang"],"campfire_rested":4,"item_purchase_floors":[21],"current_hp_per_floor":[76,65,63,68,71,71,64,65,65,77,77,77,82,83,83,83,85,80,61,61,61,61,11,36,36,36,61,56,81,68,53,78,0,0],"gold":500,"neow_bonus":"ONE_RANDOM_RARE_CARD","is_daily":false,"chose_seed":false,"campfire_upgraded":3,"win_rate":0.0,"timestamp":1612444932,"path_taken":["M","?","M","M","M","R","M","M","T","M","R","?","?","M","R","BOSS","M","M","?","$","?","E","R","?","T","R","M","R","M","M","R","BOSS"],"items_purchased_type":["Card"],"build_version":"2020-12-22","purchased_purges":0,"victory":false,"max_hp_per_floor":[80,80,80,80,80,80,80,80,80,80,80,80,85,85,85,85,85,85,85,85,85,85,85,85,85,85,85,85,85,85,85,85,85,85],"card_choices":[{"not_picked":["Wild Strike","Heavy Blade","Flex"],"picked":"SKIP","floor":1},{"not_picked":["Body Slam","Intimidate"],"picked":"Clash","floor":3},{"not_picked":["Flex","Reckless Charge","Heavy Blade"],"picked":"SKIP","floor":4},{"not_picked":["Heavy Blade","Rage"],"picked":"Anger","floor":5},{"not_picked":["Perfected Strike","Body Slam"],"picked":"Headbutt","floor":7},{"not_picked":["Entrench","Spot Weakness","Armaments"],"picked":"SKIP","floor":8},{"not_picked":["Sword Boomerang","Twin Strike","Clothesline"],"picked":"SKIP","floor":10},{"not_picked":["Heavy Blade","Shockwave","Thunderclap"],"picked":"SKIP","floor":14},{"not_picked":["Brutality","Barricade"],"picked":"Double Tap","floor":16},{"not_picked":["Flex","Headbutt"],"picked":"Armaments+1","floor":18},{"not_picked":["Perfected Strike+1","Battle Trance+1"],"picked":"Sword Boomerang","floor":19},{"not_picked":["Corruption","Pummel+1"],"picked":"Hemokinesis","floor":23},{"not_picked":["Thunderclap+1","Clothesline"],"picked":"Shrug It Off+1","floor":28},{"not_picked":["Burning Pact+1","Wild Strike","Sever Soul"],"picked":"SKIP","floor":30},{"not_picked":["Rage","Warcry","Rampage+1"],"picked":"SKIP","floor":31}],"player_experience":18795,"relics_obtained":[{"floor":9,"key":"Circlet"},{"floor":22,"key":"Pen Nib"},{"floor":23,"key":"Circlet"},{"floor":26,"key":"Blood Vial"}],"event_choices":[{"damage_healed":0,"gold_gain":75,"player_choice":"Gather Gold","damage_taken":11,"max_hp_gain":0,"max_hp_loss":0,"event_name":"World of Goop","floor":2,"gold_loss":0},{"damage_healed":0,"gold_gain":0,"player_choice":"Fled","damage_taken":0,"max_hp_gain":0,"max_hp_loss":0,"event_name":"Scrap Ooze","floor":12,"gold_loss":0},{"damage_healed":0,"gold_gain":0,"player_choice":"Donut","damage_taken":0,"max_hp_gain":5,"max_hp_loss":0,"event_name":"Big Fish","floor":13,"gold_loss":0},{"damage_healed":0,"gold_gain":0,"cards_transformed":["Strike_R"],"player_choice":"Transformed","damage_taken":0,"max_hp_gain":0,"max_hp_loss":0,"event_name":"Transmorgrifier","floor":20,"gold_loss":0,"cards_obtained":["Entrench"]},{"damage_healed":0,"gold_gain":0,"player_choice":"Upgraded","damage_taken":0,"max_hp_gain":0,"max_hp_loss":0,"event_name":"Upgrade Shrine","floor":25,"gold_loss":0,"cards_upgraded":["Double Tap"]}],"is_beta":false,"boss_relics":[{"not_picked":["Runic Cube","Fusion Hammer"],"picked":"Philosopher\u0027s Stone"}],"items_purged_floors":[],"is_endless":false,"potions_floor_spawned":[3,7,8,10,16,23,28],"killed_by":"Collector","ascension_level":0}}