{"host":"928gv66myv2vlnsd","time":1612411196,"event":{"mods":["BaseMod","Highlight Path","Minty Spire (QoL Compilation)","StSLib"],"gold_per_floor":[363,381,52,52,0,0,12,39,39,39,39],"floor_reached":10,"language":"ENG","playtime":515,"items_purged":["Strike_R"],"score":132,"play_id":"782d9cd6-31fd-4a3a-98d3-56634869a98f","local_time":"20210203225956","is_ascension_mode":true,"campfire_choices":[{"data":"Apotheosis","floor":6,"key":"SMITH"}],"circlet_count":0,"master_deck":["AscendersBane","Strike_R","Strike_R","Strike_R","Strike_R","Defend_R","Defend_R","Defend_R","Defend_R","Bash","Disarm","Rage","Apotheosis+1","Cleave","Anger","Fire Breathing"],"relics":["Burning Blood","White Beast Statue","Shovel","Potion Belt"],"acts_visited":["Exordium"],"potions_floor_usage":[10,10],"damage_taken":[{"damage":6,"enemies":"Cultist","floor":1,"turns":3},{"damage":7,"enemies":"2 Louse","floor":2,"turns":4},{"damage":5,"enemies":"Jaw Worm","floor":7,"turns":4},{"damage":21,"enemies":"Lagavulin","floor":8,"turns":9},{"damage":36,"enemies":"Gremlin Nob","floor":10,"turns":3}],"seed_played":"-5272714258215884660","potions_obtained":[{"floor":2,"key":"Explosive Potion"},{"floor":7,"key":"ElixirPotion"},{"floor":8,"key":"GamblersBrew"}],"is_trial":false,"path_per_floor":["M","M","$","T","?","R","M","E","T","E"],"character_chosen":"IRONCLAD","items_purchased":["Apotheosis","Cleave"],"campfire_rested":0,"item_purchase_floors":[3,3],"current_hp_per_floor":[50,49,49,49,49,49,50,35,35,0,0],"gold":39,"neow_bonus":"TWO_FIFTY_GOLD","is_daily":false,"chose_seed":false,"campfire_upgraded":1,"win_rate":0.0,"timestamp":1612411196,"path_taken":["M","M","$","?","?","R","M","E","T","E"],"items_purchased_type":["Card","Card"],"build_version":"2020-12-22","purchased_purges":1,"victory":false,"max_hp_per_floor":[75,75,75,75,75,75,75,75,75,75,75],"card_choices":[{"not_picked":["Headbutt","Heavy Blade"],"picked":"Disarm","floor":1},{"not_picked":["Twin Strike","Second Wind"],"picked":"Rage","floor":2},{"not_picked":["Wild Strike","Rage"],"picked":"Anger","floor":7},{"not_picked":["Armaments","Cleave"],"picked":"Fire Breathing","floor":8}],"player_experience":1449563,"relics_obtained":[{"floor":4,"key":"White Beast Statue"},{"floor":8,"key":"Shovel"},{"floor":9,"key":"Potion Belt"}],"event_choices":[{"damage_healed":0,"gold_gain":0,"player_choice":"Left Gold","damage_taken":0,"max_hp_gain":0,"max_hp_loss":0,"event_name":"World of Goop","floor":5,"gold_loss":52}],"is_beta":false,"boss_relics":[],"items_purged_floors":[3],"is_endless":false,"potions_floor_spawned":[2,7,8],"killed_by":"Gremlin Nob","ascension_level":20}}