{"host":"6jrd8fn9k88n08be","time":1612476166,"event":{"mods":["BaseMod","Minty Spire (QoL Compilation)","StSLib"],"gold_per_floor":[109,59,74,74,86,116,41,41,67,67,92,92,107,119,119,216,216,236,246,246,246,262,262,162,174,197,197,197,210,230,258,258,358,358,372,672,233,247,265,265,265],"floor_reached":40,"language":"ENG","playtime":2076,"items_purged":["Strike_P","Strike_P","Strike_P"],"score":596,"play_id":"05377fca-659a-4c45-8e15-aa1ae91aab5d","local_time":"20210204170246","is_ascension_mode":true,"campfire_choices":[{"data":"Vigilance","floor":8.0,"key":"SMITH"},{"data":"SandsOfTime","floor":10.0,"key":"SMITH"},{"data":"FlyingSleeves","floor":12.0,"key":"SMITH"},{"floor":15,"key":"REST"},{"data":"DevaForm","floor":23,"key":"SMITH"},{"data":"Pray","floor":28,"key":"SMITH"},{"floor":32,"key":"REST"}],"circlet_count":0,"master_deck":["Defend_P","Defend_P","Defend_P","Defend_P","Eruption+1","Vigilance+1","FlurryOfBlows","FlurryOfBlows","FlyingSleeves+1","SandsOfTime+1","Evaluate","Pray+1","FearNoEvil","DevaForm+1","DeceiveReality","EmptyMind","CrushJoints+1","Worship+1","EmptyFist+1","WaveOfTheHand+1","Omniscience","Devotion","FollowUp+1","FlyingSleeves","FollowUp"],"relics":["PureWater","NeowsBlessing","Centennial Puzzle","Boot","Darkstone Periapt","Philosopher\u0027s Stone","Potion Belt","Bag of Marbles","Mercury Hourglass","Black Star","Mango"],"acts_visited":["Exordium","TheCity","TheBeyond"],"potions_floor_usage":[16,16,18,31,32,33,40],"damage_taken":[{"damage":0.0,"enemies":"2 Louse","floor":1.0,"turns":1.0},{"damage":0.0,"enemies":"Jaw Worm","floor":3.0,"turns":1.0},{"damage":0.0,"enemies":"Cultist","floor":5.0,"turns":1.0},{"damage":39.0,"enemies":"3 Sentries","floor":6.0,"turns":12.0},{"damage":0.0,"enemies":"Gremlin Nob","floor":11.0,"turns":2.0},{"damage":1.0,"enemies":"Large Slime","floor":13.0,"turns":2.0},{"damage":19.0,"enemies":"Lots of Slimes","floor":14.0,"turns":5.0},{"damage":13,"enemies":"The Guardian","floor":16,"turns":7},{"damage":2,"enemies":"Shell Parasite","floor":18,"turns":4},{"damage":0,"enemies":"Spheric Guardian","floor":19,"turns":3},{"damage":13,"enemies":"Centurion and Healer","floor":22,"turns":5},{"damage":18,"enemies":"3 Cultists","floor":25,"turns":5},{"damage":22,"enemies":"Snake Plant","floor":29,"turns":3},{"damage":9,"enemies":"Centurion and Healer","floor":30,"turns":4},{"damage":4,"enemies":"Gremlin Leader","floor":31,"turns":3},{"damage":0,"enemies":"Champ","floor":33,"turns":7},{"damage":7,"enemies":"Orb Walker","floor":35,"turns":2},{"damage":16,"enemies":"3 Shapes","floor":38,"turns":3},{"damage":32,"enemies":"Maw","floor":39,"turns":5},{"damage":33,"enemies":"Reptomancer","floor":40,"turns":2}],"seed_played":"5436569722490403064","potions_obtained":[{"floor":6.0,"key":"Energy Potion"},{"floor":11.0,"key":"Block Potion"},{"floor":13.0,"key":"ColorlessPotion"},{"floor":29,"key":"GamblersBrew"},{"floor":31,"key":"EntropicBrew"},{"floor":33,"key":"Fire Potion"},{"floor":39,"key":"BottledMiracle"}],"is_trial":false,"path_per_floor":["M","?","M","?","M","E","$","R","T","R","E","R","M","M","R","B",null,"M","M","?","?","M","R","$","M","T","?","R","M","M","E","R","B",null,"M","?","$","M","M","E"],"character_chosen":"WATCHER","items_purchased":["Mango"],"campfire_rested":2,"item_purchase_floors":[37],"current_hp_per_floor":[72,72,72,72,72,33,33,33,33,33,33,33,32,13,34,21,72,70,70,70,70,57,57,57,39,39,39,39,17,8,4,25,25,72,65,65,79,63,31,0,0],"gold":265,"neow_bonus":"THREE_ENEMY_KILL","is_daily":false,"chose_seed":false,"campfire_upgraded":5,"win_rate":0.0,"timestamp":1612476166,"path_taken":["M","?","M","?","M","E","$","R","T","R","E","R","M","M","R","BOSS","M","M","?","?","M","R","$","M","T","?","R","M","?","E","R","BOSS","M","?","$","?","M","E"],"items_purchased_type":["Relic"],"build_version":"2020-12-22","purchased_purges":3,"victory":false,"max_hp_per_floor":[72,72,72,72,72,72,72,72,72,72,72,72,72,72,72,72,72,72,72,72,72,72,72,72,72,72,72,72,72,72,72,72,72,72,72,72,86,86,86,86,86],"card_choices":[{"not_picked":["Evaluate","Pray"],"picked":"FlurryOfBlows","floor":1.0},{"not_picked":["JustLucky","SashWhip"],"picked":"FlurryOfBlows","floor":3.0},{"not_picked":["CarveReality","CutThroughFate"],"picked":"FlyingSleeves","floor":5.0},{"not_picked":["Protect","FlyingSleeves"],"picked":"SandsOfTime","floor":6.0},{"not_picked":["WaveOfTheHand","Sanctity"],"picked":"Evaluate","floor":11.0},{"not_picked":["FlurryOfBlows","SignatureMove"],"picked":"Pray","floor":13.0},{"not_picked":["DevaForm","JustLucky"],"picked":"FearNoEvil","floor":14.0},{"not_picked":["Ragnarok","ConjureBlade"],"picked":"DevaForm","floor":16},{"not_picked":["Evaluate","BowlingBash"],"picked":"DeceiveReality","floor":18},{"not_picked":["Prostrate","SignatureMove"],"picked":"EmptyMind","floor":19},{"not_picked":["Perseverance","SashWhip"],"picked":"Worship+1","floor":22},{"not_picked":["SashWhip","Swivel+1"],"picked":"EmptyFist+1","floor":25},{"not_picked":["CrushJoints+1","CarveReality","Halt"],"picked":"SKIP","floor":29},{"not_picked":["CutThroughFate+1","Crescendo"],"picked":"WaveOfTheHand+1","floor":30},{"not_picked":["Nirvana","Meditate"],"picked":"Omniscience","floor":31},{"not_picked":["Omniscience","Ragnarok"],"picked":"Devotion","floor":33},{"not_picked":["Worship+1","BowlingBash"],"picked":"FollowUp+1","floor":35},{"not_picked":["Crescendo","FlurryOfBlows"],"picked":"FlyingSleeves","floor":38},{"not_picked":["Wireheading","BowlingBash"],"picked":"FollowUp","floor":39}],"player_experience":149565,"relics_obtained":[{"floor":6.0,"key":"Centennial Puzzle"},{"floor":9.0,"key":"Boot"},{"floor":11.0,"key":"Darkstone Periapt"},{"floor":26,"key":"Bag of Marbles"},{"floor":31,"key":"Mercury Hourglass"}],"event_choices":[{"cards_removed":["Strike_P"],"damage_healed":0.0,"max_hp_gain":0.0,"max_hp_loss":0.0,"gold_gain":0.0,"event_name":"The Cleric","player_choice":"Card Removal","floor":2.0,"gold_loss":50.0,"damage_taken":0.0},{"damage_healed":0.0,"max_hp_gain":0.0,"max_hp_loss":0.0,"gold_gain":0.0,"event_name":"Living Wall","player_choice":"Grow","floor":4.0,"gold_loss":0.0,"damage_taken":0.0,"cards_upgraded":["Eruption"]},{"damage_healed":0,"gold_gain":0,"player_choice":"Opened","damage_taken":0,"relics_obtained":["Potion Belt"],"max_hp_gain":0,"max_hp_loss":0,"event_name":"The Mausoleum","floor":20,"gold_loss":0},{"damage_healed":0,"gold_gain":0,"player_choice":"Read","damage_taken":0,"max_hp_gain":0,"max_hp_loss":0,"event_name":"The Library","floor":21,"gold_loss":0,"cards_obtained":["CrushJoints"]},{"damage_healed":0,"gold_gain":0,"player_choice":"Forge","damage_taken":0,"max_hp_gain":0,"max_hp_loss":0,"event_name":"Accursed Blacksmith","floor":27,"gold_loss":0,"cards_upgraded":["CrushJoints"]},{"damage_healed":0,"gold_gain":300,"player_choice":"Gold","damage_taken":0,"max_hp_gain":0,"max_hp_loss":0,"event_name":"Wheel of Change","floor":36,"gold_loss":0}],"is_beta":false,"boss_relics":[{"not_picked":["Ectoplasm","Sozu"],"picked":"Philosopher\u0027s Stone"},{"not_picked":["Tiny House","Busted Crown"],"picked":"Black Star"}],"items_purged_floors":[7,24,37],"is_endless":false,"potions_floor_spawned":[6,11,13,14,29,31,33,39],"killed_by":"Reptomancer","ascension_level":3}}