{"host":"rm0ctv8qd8mnbkg1","time":1612448220,"event":{"mods":["BaseMod","BetterRewards","Colored Map","DNKmod","Dark Map","Defuse TimeMaze Blight","Friendly Minions","Hubris","Hunter ??","Infinite Spire","Minty Spire (QoL Compilation)","MostiFishMod","Permanent Neow","Quarter Circle Forward PUNCH!","RRrroohrrRGHHhhh!!","Rare Cards Sparkle","Relic Sorter","Reliquary","Replay The Spire","RumiaBox-????????","Shade Mod","Shop Mod","Spicy Shops","Spire Arcade","StS++","StSLib","The Dragon Tamer","The Poker Player","The Servant 0.9.4","Wandering Minibosses","[IsaacMod]????","??????REMEMod"],"gold_per_floor":[10031,10042,10042,10042,7564,7622,7622,7697,7769,6401,6401,6454,6454,6496,6496,6626,6626,6662,6662,6761,5658,5700,5700,5766,5814,5890,4348,4348,4348,3995,4064,4064,4238,4238,4270,4326,3829,4023,4023,4023,4023,4093,4168,4168,4272,4313,4313,4346,4346,4522],"floor_reached":51,"language":"ENG","playtime":1309,"items_purged":[],"score":1410,"play_id":"b5d761ca-288d-4247-9aef-57ee0193fe4c","local_time":"20210204141700","is_ascension_mode":true,"campfire_choices":[{"floor":7,"key":"DIG"},{"floor":11,"key":"DIG"},{"floor":13,"key":"DIG"},{"floor":15,"key":"DIG"},{"data":"Sword Boomerang","floor":23,"key":"SMITH"},{"data":"MostiFishMod:#F4004","floor":28,"key":"SMITH"},{"floor":32,"key":"DIG"},{"floor":40,"key":"DIG"},{"floor":44,"key":"DIG"},{"floor":47,"key":"DIG"},{"floor":49,"key":"DIG"}],"circlet_count":0,"master_deck":["Strike_R+1","Strike_R+1","Strike_R+1","Defend_R+1","Defend_R+1","Defend_R+1","Bash+1","BettingIsNotGood+1","Luminosity+1","Clothesline+1","REME_Scribble+1","Doubt","Cleave+1","Run Through+1","Replay:Undeath\u0027s Touch+1","MostiFishMod:CullingBlade+1","Hemokinesis+1","Wild Strike+1","Spot Weakness+1","Clash+1","Inflame+1","Inflame+1","Inflame+1","Twin Strike+1","Flash of Steel+1","Whirlwind+1","Metallicize+1","Fire Breathing+1","REME_Cut+1","ReplayTheSpireMod:Corrosion Curse+1","Conclude+1","StSpp:Faith+1","MostiFishMod:DoubleSword+1","REME_SingleHolding+1","Parasite","Flex+1","Flex+1","Fire Breathing+1","Combust+1","Sword Boomerang+1","Anger+1","Sword Boomerang+1","Juggernaut+1","MostiFishMod:#F4004+1","Trip+1","Evolve+1","REME_FearOfPain+1","REME_FearOfPain+1","Feel No Pain+1","Evolve+1","Rampage+1","Barricade+1","MostiFishMod:OrdinaryWorld+1","MostiFishMod:Chiaki+1","Crescendo+1","Rupture+1","Flex+1","MostiFishMod:PerfectStrikeMKII+1","Thunderclap+1","Replay:Undeath\u0027s Touch+1","ReplayTheSpireMod:Splinters","Replay:Undeath\u0027s Touch+1","Fasting2+1","MostiFishMod:TemporaryOutbreak+1","ReplayTheSpireMod:Strike From Hell+1","Pommel Strike+1"],"relics":["Burning Blood","REME_ComplimentaryCards","HushsDoor","DaveBox","The Courier","GuppysTail","Blue Candle","ReplayTheSpireMod:CursedCoin","reliquary:Crutches","Blood Vial","Happy Flower","SentryEyes","Replay:Wax Seal","Shovel","Red Skull","Technique","Ccalipers","Replay:Baseball","EdensBlessing","DoctorsRemote","Replay:Bandana","Bottled Tornado","TheBean","Garlic","qcfpunch:Necklace_of_Skulls","REME_IWantAll","Self Forming Clay","BargainBundle","reliquary:Knoch","reliquary:JackalopeAntler","PreservedInsect","Frozen Eye","Potion Belt","Frozen Egg 2","StSpp:XCola","hubris:DisguiseKit","Whetstone","Mercury Hourglass","Bottled Flame","qcfpunch:Broken_Tusk","SalivaCoin","Strawberry","Ring of Chaos","GuppysCollar","Chaos","Vajra","Mango","Lantern","Replay:Rubber Ducky","ArrowTower","Meat on the Bone","MagicDraw3","rorgmod:Black Star","Tingsha","Orichalcum","wanderingMiniBosses:CarrionFlame","REME_DuelDisc","Replay:Bottled Eggs","MagicDraw4","Mark of the Bloom","Philosopher\u0027s Stone","Astrolabe","PunchingBag","BionicSphere","Painkiller Herb","Thread and Needle","infinitespire:PuzzleCube"],"acts_visited":["Exordium","TheCity","TheBeyond"],"potions_floor_usage":[],"damage_taken":[{"damage":0,"enemies":"2 Louse","floor":1,"turns":3},{"damage":3,"enemies":"Small Slimes","floor":2,"turns":3},{"damage":3,"enemies":"3 Sentries","floor":6,"turns":2},{"damage":6,"enemies":"Lagavulin","floor":8,"turns":4},{"damage":0,"enemies":"3 Sentries","floor":12,"turns":1},{"damage":0,"enemies":"Cultist","floor":14,"turns":1},{"damage":0,"enemies":"Slime Boss","floor":16,"turns":1},{"damage":0,"enemies":"Chosen","floor":18,"turns":2},{"damage":0,"enemies":"Shell Parasite","floor":22,"turns":1},{"damage":0,"enemies":"Book of Stabbing","floor":24,"turns":2},{"damage":3,"enemies":"Chosen and Byrds","floor":25,"turns":3},{"damage":5,"enemies":"3 Cultists","floor":31,"turns":4},{"damage":1,"enemies":"Collector","floor":33,"turns":3},{"damage":0,"enemies":"Orb Walker","floor":35,"turns":1},{"damage":9,"enemies":"3 Shapes","floor":36,"turns":1},{"damage":3,"enemies":"Maw","floor":42,"turns":4},{"damage":0,"enemies":"Reptomancer","floor":45,"turns":1},{"damage":0,"enemies":"Sphere and 2 Shapes","floor":46,"turns":1},{"damage":0,"enemies":"Jaw Worm Horde","floor":48,"turns":1},{"damage":10,"enemies":"LordOfAnnihilation","floor":50,"turns":9}],"seed_played":"-6711528237747961797","potions_obtained":[{"floor":2,"key":"BloodPotion"},{"floor":8,"key":"SkillPotion"},{"floor":12,"key":"Weak Potion"},{"floor":22,"key":"Explosive Potion"}],"is_trial":false,"path_per_floor":["M","M","?","?","$","E","R","E","T","$","R","E","R","M","R","B",null,"M","?","?","$","M","R","E","M","T","$","R","?","$","M","R","B",null,"M","M","$","?","?","R","?","M","T","R","E","?","T","?","T","B",null],"character_chosen":"IRONCLAD","items_purchased":["Blue Candle","ReplayTheSpireMod:CursedCoin","reliquary:Crutches","Blood Vial","Happy Flower","SentryEyes","Replay:Wax Seal","Shovel","Red Skull","Technique","Ccalipers","Cleave","Run Through","Replay:Undeath\u0027s Touch","MostiFishMod:CullingBlade","Replay:Baseball","EdensBlessing","DoctorsRemote","Replay:Bandana","Bottled Tornado","TheBean","BargainBundle","Inflame+1","Inflame","Inflame","reliquary:Knoch","reliquary:JackalopeAntler","PreservedInsect","Frozen Eye","Potion Belt","Frozen Egg 2","Twin Strike","Flash of Steel","Whirlwind","StSpp:XCola","hubris:DisguiseKit","Whetstone","Metallicize+1","Fire Breathing+1","REME_Cut+1","Mercury Hourglass","MostiFishMod:DoubleSword","GuppysCollar","Chaos","Vajra","Mango","Lantern","Replay:Rubber Ducky","ArrowTower","Flex","Flex","Fire Breathing+1","Combust+1","Juggernaut+1","MostiFishMod:#F4004","rorgmod:Black Star","Tingsha","Trip","Orichalcum","Evolve+1","REME_FearOfPain+1","REME_FearOfPain+1","Feel No Pain+1","Evolve+1","Rampage","MostiFishMod:OrdinaryWorld","MostiFishMod:Chiaki","FairyPotion","Rupture+1","Flex","MostiFishMod:PerfectStrikeMKII","Thunderclap","Replay:Undeath\u0027s Touch","MagicDraw4"],"campfire_rested":0,"item_purchase_floors":[5,5,5,5,5,5,5,5,5,5,5,5,5,5,5,5,5,5,5,5,5,10,10,10,10,10,10,10,10,10,10,10,10,10,10,10,10,10,10,10,10,17,17,21,21,21,21,21,21,21,21,21,21,27,27,27,27,27,27,30,30,30,30,30,30,34,34,34,37,37,37,37,37,37],"current_hp_per_floor":[1000,1000,1000,1000,1000,1000,1000,1006,1006,1006,1006,1006,1006,1006,1013,1013,996,996,996,996,1010,1010,1010,1010,1010,1010,1010,1010,1010,1010,1010,1010,1010,999,999,996,996,996,996,996,996,993,993,993,993,993,993,993,993,983],"gold":4522,"neow_bonus":"UPGRADE_CARD","is_daily":false,"chose_seed":false,"campfire_upgraded":2,"win_rate":0.0,"timestamp":1612448220,"path_taken":["M","M","?","?","$","E","R","E","T","$","R","E","R","?","R","BOSS","M","?","?","$","M","R","E","M","T","$","R","?","?","M","R","BOSS","M","M","$","?","?","R","?","M","T","R","E","?","T","?","T","BOSS"],"items_purchased_type":["Relic","Relic","Relic","Relic","Relic","Relic","Relic","Relic","Relic","Relic","Relic","Card","Card","Card","Card","Relic","Relic","Relic","Relic","Relic","Relic","Relic","Card","Card","Card","Relic","Relic","Relic","Relic","Relic","Relic","Card","Card","Card","Relic","Relic","Relic","Card","Card","Card","Relic","Card","Relic","Card","Relic","Relic","Relic","Relic","Relic","Card","Card","Card","Card","Card","Card","Relic","Relic","Card","Relic","Card","Card","Card","Card","Card","Card","Card","Card","Potion","Card","Card","Card","Card","Card","Relic"],"build_version":"2020-12-22","purchased_purges":0,"victory":true,"max_hp_per_floor":[1000,1000,1000,1000,1000,1000,1000,1006,1006,1006,1006,1006,1006,1006,1013,1013,996,996,996,996,1010,1010,1010,1010,1010,1010,1010,1010,1010,1010,1010,1010,1010,999,999,999,999,999,999,999,999,1002,1002,1002,1002,1002,1002,1002,1002,1005],"card_choices":[{"not_picked":[],"picked":"BettingIsNotGood","floor":0},{"not_picked":["Bomb","StSpp:Vengeance"],"picked":"Clothesline","floor":1},{"not_picked":["Rampage","Battle Trance"],"picked":"REME_Scribble","floor":2},{"not_picked":["MostiFishMod:ChineseTea","Clothesline"],"picked":"Hemokinesis","floor":6},{"not_picked":["Wild Strike","Spot Weakness","Clash"],"picked":"Singing Bowl","floor":8},{"not_picked":["ReplayReversal","hubris:ReadiedAction","Indignation"],"picked":"ReplayTheSpireMod:Corrosion Curse","floor":12},{"not_picked":["hubris:CleavingFinish","Burning Pact","Clash"],"picked":"Conclude","floor":14},{"not_picked":["MostiFishMod:Chiaki","Corruption+1","MostiFishMod:Mania+1"],"picked":"StSpp:Faith","floor":16},{"not_picked":["Body Slam+1","Heavy Blade","EmptyFist"],"picked":"REME_SingleHolding+1","floor":18},{"not_picked":["Abandon","Clothesline+1","EmptyBody"],"picked":"Sword Boomerang","floor":22},{"not_picked":["Flame Barrier+1","Perfected Strike","Replay:Anticipation"],"picked":"Anger","floor":24},{"not_picked":["StSpp:Succumb","Anger","rorgmod:Follow-Up"],"picked":"Sword Boomerang","floor":25},{"not_picked":["hubris:ReadiedAction+1","StSpp:TheBiggerTheyAre","Clash","StSpp:Purify"],"picked":"SKIP","floor":31},{"not_picked":["MostiFishMod:UltimateDefense","MostiFishMod:RainCloud","MostiFishMod:DustFall"],"picked":"Barricade+1","floor":33},{"not_picked":["Entrench+1","Abandon","Sever Soul+1","Replay:ManipulateFuture"],"picked":"SKIP","floor":35},{"not_picked":["Thunderclap+1","Twin Strike+1","hubris:CleavingFinish"],"picked":"Crescendo","floor":36},{"not_picked":["Headbutt+1","Pommel Strike","DeceiveReality"],"picked":"Replay:Undeath\u0027s Touch","floor":38},{"not_picked":["Shrug It Off+1","REME_SingleHolding","Replay:Undeath\u0027s Touch+1"],"picked":"Fasting2","floor":42},{"not_picked":["Replay:Undeath\u0027s Touch","MostiFishMod:NewArrival","MostiFishMod:RacingGame","Replay:Battleflow"],"picked":"SKIP","floor":45},{"not_picked":["hubris:ReadiedAction","Disarm","Run Through+1","Replay:BluntJabs"],"picked":"SKIP","floor":46},{"not_picked":["Sword Boomerang","Iron Wave","Combust+1","REME_CRH"],"picked":"SKIP","floor":48}],"player_experience":214781,"relics_obtained":[{"floor":6,"key":"Garlic"},{"floor":7,"key":"qcfpunch:Necklace_of_Skulls"},{"floor":8,"key":"REME_IWantAll"},{"floor":9,"key":"Self Forming Clay"},{"floor":11,"key":"Bottled Flame"},{"floor":12,"key":"qcfpunch:Broken_Tusk"},{"floor":13,"key":"SalivaCoin"},{"floor":15,"key":"Strawberry"},{"floor":24,"key":"Meat on the Bone"},{"floor":26,"key":"MagicDraw3"},{"floor":31,"key":"wanderingMiniBosses:CarrionFlame"},{"floor":32,"key":"REME_DuelDisc"},{"floor":40,"key":"Philosopher\u0027s Stone"},{"floor":43,"key":"Astrolabe"},{"floor":44,"key":"PunchingBag"},{"floor":45,"key":"BionicSphere"},{"floor":45,"key":"Painkiller Herb"},{"floor":47,"key":"Thread and Needle"},{"floor":49,"key":"infinitespire:PuzzleCube"}],"event_choices":[{"damage_healed":0,"gold_gain":0,"player_choice":"Ignored","damage_taken":0,"max_hp_gain":0,"max_hp_loss":0,"event_name":"Purifier","floor":4,"gold_loss":0},{"damage_healed":0,"gold_gain":99,"player_choice":"Stole From Cult","damage_taken":0,"max_hp_gain":0,"max_hp_loss":0,"event_name":"Nest","floor":20,"gold_loss":0},{"damage_healed":0,"gold_gain":0,"player_choice":"Upgrade","damage_taken":0,"relics_obtained":["Mark of the Bloom"],"max_hp_gain":0,"max_hp_loss":0,"event_name":"MindBloom","floor":39,"gold_loss":0,"cards_upgraded":["Strike_R","Strike_R","Strike_R","Strike_R","Defend_R","Defend_R","Defend_R","Defend_R","BettingIsNotGood","Clothesline","Cleave","Run Through","Replay:Undeath\u0027s Touch","MostiFishMod:CullingBlade","Hemokinesis","Wild Strike","Spot Weakness","Clash","Inflame","Inflame","Twin Strike","Flash of Steel","ReplayTheSpireMod:Corrosion Curse","Conclude","MostiFishMod:DoubleSword","Flex","Flex","Sword Boomerang","Trip","Rampage","MostiFishMod:OrdinaryWorld","MostiFishMod:Chiaki","Crescendo","Flex","MostiFishMod:PerfectStrikeMKII","Thunderclap","Replay:Undeath\u0027s Touch","Replay:Undeath\u0027s Touch"]}],"is_beta":false,"boss_relics":[{"not_picked":["reliquary:Ember","REME_ChargedStone"],"picked":"Ring of Chaos"},{"not_picked":[]},{"not_picked":["reliquary:Conveyor","reliquary:Stiletto"],"picked":"Replay:Bottled Eggs"},{"not_picked":[]}],"items_purged_floors":[],"is_endless":false,"potions_floor_spawned":[2,8,12,22,31,35,48],"ascension_level":3}}