{"host":"1v3mnj67s3trvm6y","time":1612453934,"event":{"mods":["BaseMod","Challenge The Spire","Downfall","Minty Spire (QoL Compilation)","StSLib"],"gold_per_floor":[99,119,129,129,146,172,245,305,405,580,295,306,206,219,231,327,327,327,340,357,369,386,386,386,286,286,286,286,186,186,14,25,121,121,121,121,106,120,120,140,216,249,249,263,263,293,293,320,330,330,330,358,80,80,80,80],"floor_reached":57,"language":"ENG","playtime":6243,"items_purged":["Doubt"],"score":1240,"play_id":"7d8ad152-805e-455c-bb54-b4dc7c171e7b","local_time":"20210205005214","is_ascension_mode":false,"campfire_choices":[{"data":"bronze:Goto","floor":1,"key":"SMITH"},{"floor":13,"key":"REST"},{"data":"bronze:Return","floor":18,"key":"SMITH"},{"data":"bronze:Terminator","floor":25,"key":"SMITH"},{"floor":27,"key":"RECALL"},{"data":"bronze:Allocate","floor":29,"key":"SMITH"},{"data":"bronze:SpaghettiCode","floor":35,"key":"SMITH"},{"data":"bronze:Turbo","floor":43,"key":"SMITH"},{"floor":45,"key":"REST"},{"floor":54,"key":"REST"}],"circlet_count":0,"master_deck":["bronze:Defend","bronze:Defend","bronze:Defend","bronze:Replicate","bronze:Goto+1","bronze:CutThrough","bronze:Overheat","bronze:Flail+1","bronze:Return+1","bronze:CutThrough","bronze:Optimize+1","bronze:WhirlingStrike","bronze:ClassDefault+1","expansioncontent:StudyTheSpire+1","bronze:Deprecate","bronze:Repair","bronze:Repulsor+1","bronze:FindAndReplace","bronze:HyperBeam+1","bronze:Assembly+1","bronze:HardenedForm+1","bronze:Terminator+1","bronze:WildBeam","bronze:Constructor+1","bronze:Turbo+1","RitualDagger+1","bronze:Allocate+1","bronze:FineTuning+1","bronze:Branch+1","bronze:SpaghettiCode+1","expansioncontent:AwakenDeath+1","expansioncontent:LastStand+1","expansioncontent:InvincibleStrength+1","bronze:WhirlingStrike+1","bronze:CutThrough+1","bronze:Terminator+1","bronze:ChildClass+1","bronze:Turbo+1","bronze:Constructor+1","bronze:Overload+1","bronze:DelayedGuard+1","bronze:Invalidate","expansioncontent:AwakenDeath+1","expansioncontent:PrepareCrush","expansioncontent:InvincibleStrength+1","bronze:Separator"],"relics":["bronze:BronzeCore","Bag of Marbles","Frozen Egg 2","Ancient Tea Set","downfall:HeartBlessingGreen","Astrolabe","downfall:HeartBlessingBlue","downfall:HeartBlessingRed","MealTicket","Busted Crown","The Courier","Bag of Preparation","Centennial Puzzle","bronze:SilverBullet","Pen Nib"],"acts_visited":["Exordium","TheCity","TheBeyond","TheEnding"],"potions_floor_usage":[8,20,55,55],"damage_taken":[{"damage":0,"enemies":"2 Louse","floor":2,"turns":2},{"damage":0,"enemies":"Small Slimes","floor":3,"turns":3},{"damage":6,"enemies":"Jaw Worm","floor":5,"turns":2},{"damage":14,"enemies":"3 Sentries","floor":6,"turns":4},{"damage":1,"enemies":"3 Sentries","floor":8,"turns":2},{"damage":18,"enemies":"downfall:Heads","floor":9,"turns":4},{"damage":2,"enemies":"downfall:FleeingMerchant","floor":11,"turns":4},{"damage":7,"enemies":"Blue Slaver","floor":12,"turns":2},{"damage":6,"enemies":"3 Louse","floor":14,"turns":2},{"damage":14,"enemies":"Large Slime","floor":15,"turns":5},{"damage":28,"enemies":"DF_ARCHETYPE_STREAMLINE","floor":16,"turns":11},{"damage":14,"enemies":"Spheric Guardian","floor":19,"turns":4},{"damage":8,"enemies":"3 Byrds","floor":20,"turns":4},{"damage":7,"enemies":"Snake Plant","floor":21,"turns":5},{"damage":0,"enemies":"Chosen and Byrds","floor":22,"turns":3},{"damage":0,"enemies":"downfall:FleeingMerchant","floor":31,"turns":4},{"damage":5,"enemies":"Centurion and Healer","floor":32,"turns":5},{"damage":36,"enemies":"IC_MUSHROOM_ARCHETYPE","floor":33,"turns":7},{"damage":10,"enemies":"downfall:FleeingMerchant","floor":37,"turns":4},{"damage":0,"enemies":"3 Darklings","floor":38,"turns":1},{"damage":8,"enemies":"3 Shapes","floor":40,"turns":4},{"damage":13,"enemies":"Reptomancer","floor":42,"turns":6},{"damage":10,"enemies":"Spire Growth","floor":44,"turns":4},{"damage":0,"enemies":"Giant Head","floor":46,"turns":6},{"damage":34,"enemies":"Reptomancer","floor":48,"turns":7},{"damage":11,"enemies":"3 Darklings","floor":49,"turns":3},{"damage":6,"enemies":"WA_ARCHETYPE_DIVINITY","floor":50,"turns":13},{"damage":37,"enemies":"downfall:CharBossMerchant","floor":52,"turns":13},{"damage":72,"enemies":"downfall:NeowBoss","floor":55,"turns":17},{"damage":52,"enemies":"downfall:NeowBossFinal","floor":56,"turns":12}],"seed_played":"-827714274368756738","potions_obtained":[{"floor":5,"key":"PowerPotion"},{"floor":6,"key":"AttackPotion"},{"floor":9,"key":"EssenceOfSteel"},{"floor":14,"key":"SpeedPotion"},{"floor":15,"key":"Block Potion"},{"floor":16,"key":"FairyPotion"},{"floor":20,"key":"LiquidBronze"},{"floor":23,"key":"CultistPotion"}],"is_trial":false,"path_per_floor":["R","M","M","?","M","E","T","?","?","?","$","M","R","M","M","B",null,"R","M","M","M","M","?","T","R","?","R","?","R","?","$","M","B",null,"R","?","$","M","?","M","T","E","R","M","R","E","?","E","M","B",null,"E","$","R","B","B",null],"character_chosen":"THE_AUTOMATON","items_purchased":["expansioncontent:StudyTheSpire","MealTicket","bronze:Invalidate","expansioncontent:AwakenDeath","expansioncontent:PrepareCrush","expansioncontent:InvincibleStrength+1","bronze:Separator"],"campfire_rested":3,"item_purchase_floors":[11,31,53,53,53,53,53],"current_hp_per_floor":[70,70,70,70,64,50,50,49,31,31,29,22,43,37,33,15,70,70,56,58,61,70,70,70,80,80,80,80,80,80,80,80,54,80,80,70,77,77,77,69,69,66,66,66,80,80,80,50,39,40,80,50,65,80,18,8],"gold":80,"neow_bonus":"THREE_CARDS","is_daily":false,"chose_seed":false,"campfire_upgraded":6,"win_rate":0.0,"timestamp":1612453934,"path_taken":["R","M","M","?","M","E","T","?","?","?","?","?","R","M","M","BOSS","R","M","M","M","M","?","T","R","?","R","?","R","?","$","M","BOSS","R","?","$","M","?","?","T","E","R","M","R","E","?","E","M","BOSS","E","$","R","BOSS","BOSS"],"items_purchased_type":["Card","Relic","Card","Card","Card","Card","Card"],"build_version":"2020-12-22","purchased_purges":1,"victory":true,"max_hp_per_floor":[70,70,70,70,70,70,70,70,70,70,70,70,70,70,70,70,70,70,70,70,70,70,70,70,80,80,80,80,80,80,80,80,80,80,80,80,80,80,80,80,80,80,80,80,80,80,80,80,80,80,80,80,80,80,80,80],"card_choices":[{"not_picked":["bronze:FineTuning","bronze:Constructor"],"picked":"bronze:CutThrough","floor":0},{"not_picked":["bronze:DelayedSlice","bronze:Shell"],"picked":"bronze:Overheat","floor":2},{"not_picked":["bronze:BronzeOrb","bronze:Iterate"],"picked":"bronze:Flail","floor":3},{"not_picked":["bronze:BitShift","bronze:CloningBeam"],"picked":"bronze:Branch","floor":5},{"not_picked":["bronze:Shield","bronze:ForceShield"],"picked":"bronze:Return","floor":6},{"not_picked":["bronze:BugBarrage","bronze:DelayedSlice"],"picked":"bronze:CutThrough","floor":8},{"not_picked":["bronze:Backtrace","bronze:GetLatest"],"picked":"bronze:Optimize+1","floor":9},{"not_picked":["bronze:FineTuning","bronze:BurnOut"],"picked":"bronze:ClassDefault+1","floor":11},{"not_picked":["bronze:Flail","bronze:DelayedSlice"],"picked":"bronze:Deprecate","floor":12},{"not_picked":["bronze:ForceShield","bronze:DarkDash"],"picked":"bronze:Repair","floor":14},{"not_picked":["bronze:FollowUp","bronze:Branch"],"picked":"bronze:Repulsor+1","floor":15},{"not_picked":["bronze:BurnOut","bronze:Break"],"picked":"bronze:FindAndReplace","floor":16},{"not_picked":["bronze:Safeguard+1","bronze:DelayedGuard"],"picked":"bronze:Terminator","floor":19},{"not_picked":["bronze:FineTuning","bronze:CloningBeam"],"picked":"bronze:WildBeam","floor":20},{"not_picked":["bronze:WhirlingStrike+1","bronze:DelayedSlice"],"picked":"bronze:Constructor+1","floor":21},{"not_picked":["bronze:Break","bronze:Deprecate+1"],"picked":"bronze:Turbo+1","floor":22},{"not_picked":["bronze:Overheat","bronze:ThunderWave"],"picked":"bronze:FineTuning+1","floor":31},{"not_picked":["bronze:NullPointer","bronze:ForLoop"],"picked":"bronze:Branch+1","floor":32},{"not_picked":["bronze:Assembly","bronze:Format"],"picked":"bronze:SpaghettiCode","floor":33},{"not_picked":["expansioncontent:GuardianWhirl","expansioncontent:InvincibleStrength"],"picked":"expansioncontent:AwakenDeath","floor":36},{"not_picked":["expansioncontent:GuardianWhirl","expansioncontent:PolyBeam"],"picked":"expansioncontent:LastStand","floor":36},{"not_picked":["expansioncontent:YouAreMine","expansioncontent:PolyBeam"],"picked":"expansioncontent:InvincibleStrength","floor":36},{"not_picked":[],"picked":"bronze:WhirlingStrike+1","floor":37},{"not_picked":[],"picked":"bronze:CutThrough+1","floor":38},{"not_picked":[],"picked":"bronze:ChildClass+1","floor":40},{"not_picked":[],"picked":"bronze:Turbo","floor":42},{"not_picked":[],"picked":"bronze:Constructor+1","floor":44},{"not_picked":["bronze:Overheat"],"picked":"SKIP","floor":46},{"not_picked":["bronze:RecursiveStrike"],"picked":"SKIP","floor":48},{"not_picked":[],"picked":"bronze:Overload+1","floor":49},{"not_picked":[],"picked":"bronze:DelayedGuard+1","floor":52}],"player_experience":1650672,"relics_obtained":[{"floor":6,"key":"Bag of Marbles"},{"floor":7,"key":"Frozen Egg 2"},{"floor":8,"key":"Ancient Tea Set"},{"floor":41,"key":"The Courier"},{"floor":42,"key":"Bag of Preparation"},{"floor":46,"key":"Centennial Puzzle"},{"floor":48,"key":"bronze:SilverBullet"},{"floor":52,"key":"Pen Nib"}],"event_choices":[{"damage_healed":0,"gold_gain":0,"player_choice":"Read","damage_taken":0,"max_hp_gain":0,"max_hp_loss":0,"event_name":"The Library","floor":28,"gold_loss":0,"cards_obtained":["bronze:Allocate"]},{"cards_removed":["bronze:Branch"],"damage_healed":0,"gold_gain":0,"player_choice":"Removed Attack","damage_taken":0,"max_hp_gain":0,"max_hp_loss":0,"event_name":"Falling","floor":47,"gold_loss":0}],"is_beta":false,"boss_relics":[{"not_picked":["Tiny House","Coffee Dripper"],"picked":"Astrolabe"},{"not_picked":["SlaversCollar","Empty Cage"],"picked":"Busted Crown"}],"items_purged_floors":[11],"is_endless":false,"potions_floor_spawned":[5,6,9,14,15,16,20,21,32,38,40,42,44],"ascension_level":0}}