{"host":"j4g6ia6asvpyu2b0","time":1612441869,"event":{"mods":["BaseMod","Colored Map","Minty Spire (QoL Compilation)","Permanent Neow","Quick Restart","Relic Stats","StSLib","Unceasing Turn Reminder"],"gold_per_floor":[114,133,151,151,163,163,195,207,207,207,207,217,246,256,256,351,351,367,292,292,309,322,322,357,374,400,431,445,461,461,461,461,559,559,573,590,590,502,502,531,531,542,565,596,613,641,641,641,641],"floor_reached":48,"language":"ENG","playtime":2523,"items_purged":["Strike_G","Strike_G"],"score":771,"play_id":"fde6dcdb-ea19-4365-87b7-81ce10572261","local_time":"20210204053109","is_ascension_mode":true,"campfire_choices":[{"data":"Footwork","floor":6.0,"key":"SMITH"},{"data":"After Image","floor":10.0,"key":"SMITH"},{"data":"Bouncing Flask","floor":15.0,"key":"SMITH"},{"data":"Catalyst","floor":23.0,"key":"SMITH"},{"floor":30,"key":"REST"},{"data":"Prepared","floor":32,"key":"SMITH"},{"floor":41,"key":"RECALL"},{"floor":47,"key":"DIG"}],"circlet_count":0,"master_deck":["Strike_G","Defend_G","Defend_G","Defend_G","Defend_G","Defend_G","Survivor+1","Neutralize","Backflip","Footwork+1","After Image+1","Neutralize","Well Laid Plans+1","Poisoned Stab","Bouncing Flask+1","Dagger Throw","Catalyst+1","Blade Dance","Malaise+1","Dagger Throw","Noxious Fumes+1","Predator","Calculated Gamble","Blur","Dodge and Roll","Prepared+1","Outmaneuver","A Thousand Cuts+1","Grand Finale","Envenom+1","PiercingWail+1","Predator+1","Madness","Madness","Caltrops+1","After Image+1","Deflect+1","Leg Sweep+1","Poisoned Stab+1","Backflip+1","Tactician+1"],"relics":["HoveringKite","Omamori","Frozen Egg 2","Bottled Tornado","Philosopher\u0027s Stone","Smiling Mask","War Paint","Kunai","SlaversCollar","Lantern","MealTicket","Lizard Tail","Shovel","Bronze Scales"],"acts_visited":["Exordium","TheCity","TheBeyond"],"potions_floor_usage":[29,29,36,45,45,45,45],"damage_taken":[{"damage":0.0,"enemies":"Small Slimes","floor":1.0,"turns":4.0},{"damage":0.0,"enemies":"Cultist","floor":2.0,"turns":4.0},{"damage":3.0,"enemies":"2 Louse","floor":3.0,"turns":3.0},{"damage":0.0,"enemies":"Large Slime","floor":5.0,"turns":10.0},{"damage":1.0,"enemies":"Lagavulin","floor":7.0,"turns":14.0},{"damage":0.0,"enemies":"3 Louse","floor":8.0,"turns":5.0},{"damage":19.0,"enemies":"Lots of Slimes","floor":12.0,"turns":6.0},{"damage":2.0,"enemies":"3 Sentries","floor":13.0,"turns":6.0},{"damage":0.0,"enemies":"Exordium Thugs","floor":14.0,"turns":5.0},{"damage":0.0,"enemies":"Slime Boss","floor":16.0,"turns":6.0},{"damage":21.0,"enemies":"2 Thieves","floor":18.0,"turns":5.0},{"damage":3.0,"enemies":"Chosen","floor":21.0,"turns":6.0},{"damage":6.0,"enemies":"Shelled Parasite and Fungi","floor":22.0,"turns":6.0},{"damage":18.0,"enemies":"Gremlin Leader","floor":24.0,"turns":6.0},{"damage":8.0,"enemies":"Snake Plant","floor":25.0,"turns":5.0},{"damage":10.0,"enemies":"Book of Stabbing","floor":27.0,"turns":7.0},{"damage":4.0,"enemies":"Chosen and Byrds","floor":28.0,"turns":7.0},{"damage":1,"enemies":"Centurion and Healer","floor":29,"turns":6},{"damage":23,"enemies":"Collector","floor":33,"turns":8},{"damage":3,"enemies":"3 Shapes","floor":35,"turns":6},{"damage":22,"enemies":"3 Darklings","floor":36,"turns":5},{"damage":5,"enemies":"Giant Head","floor":40,"turns":8},{"damage":28,"enemies":"Writhing Mass","floor":42,"turns":6},{"damage":1,"enemies":"Nemesis","floor":44,"turns":7},{"damage":22,"enemies":"Sphere and 2 Shapes","floor":45,"turns":6},{"damage":9,"enemies":"Giant Head","floor":46,"turns":9},{"damage":16,"enemies":"Jaw Worm Horde","floor":48,"turns":2}],"seed_played":"5987345734546156687","potions_obtained":[{"floor":2.0,"key":"BlessingOfTheForge"},{"floor":3.0,"key":"DuplicationPotion"},{"floor":8.0,"key":"PowerPotion"},{"floor":12.0,"key":"SteroidPotion"},{"floor":13.0,"key":"Fruit Juice"},{"floor":16.0,"key":"BlessingOfTheForge"},{"floor":18.0,"key":"GamblersBrew"},{"floor":21.0,"key":"Explosive Potion"},{"floor":28.0,"key":"GhostInAJar"},{"floor":29,"key":"EssenceOfSteel"},{"floor":35,"key":"Swift Potion"},{"floor":40,"key":"EntropicBrew"},{"floor":42,"key":"DuplicationPotion"}],"is_trial":false,"path_per_floor":["M","M","M","?","M","R","E","M","T","R","T","M","E","M","R","B",null,"M","$","?","M","M","R","E","M","T","E","M","M","R","?","R","B",null,"M","M","?","$","?","E","R","M","T","E","M","E","R","M"],"character_chosen":"THE_SILENT","items_purchased":["Caltrops+1"],"campfire_rested":1,"item_purchase_floors":[38],"current_hp_per_floor":[70,70,67,67,67,67,66,66,66,66,66,47,45,50,50,50,75,54,54,54,51,45,45,27,19,19,9,5,4,26,26,26,3,75,72,50,41,41,41,36,36,8,8,7,25,16,16,0,0],"gold":641,"neow_bonus":"BOSS_RELIC","is_daily":false,"chose_seed":false,"campfire_upgraded":5,"win_rate":0.0,"timestamp":1612441869,"path_taken":["M","M","M","?","M","R","E","?","T","R","?","M","E","M","R","BOSS","M","$","?","M","M","R","E","M","T","E","M","?","R","?","R","BOSS","M","M","?","$","?","E","R","?","T","E","M","E","R","M"],"items_purchased_type":["Card"],"build_version":"2020-12-22","purchased_purges":2,"victory":false,"max_hp_per_floor":[70,70,70,70,70,70,70,70,70,70,70,70,70,75,75,75,75,75,75,75,75,75,75,75,75,75,75,75,75,75,75,75,75,75,75,75,75,75,75,75,75,75,75,75,75,75,75,75,75],"relic_stats":{"Lizard Tail":37,"Shovel":1,"counters":[27,168],"Bronze Scales":[6],"HoveringKite":[56],"MealTicket":0,"Kunai":[21],"War Paint":["Malaise","Survivor"],"Smiling Mask":50,"obtain_stats":[{"Lantern":40,"HoveringKite":0,"Omamori":7,"Frozen Egg 2":9,"Bottled Tornado":13,"War Paint":26,"Smiling Mask":24,"SlaversCollar":34,"Lizard Tail":44,"Shovel":46,"Bronze Scales":47,"Philosopher\u0027s Stone":17,"MealTicket":43,"Kunai":27,"Ring of the Snake":0},{"Lantern":22,"HoveringKite":0,"Omamori":5,"Frozen Egg 2":6,"Bottled Tornado":8,"War Paint":15,"Smiling Mask":14,"SlaversCollar":19,"Lizard Tail":24,"Shovel":26,"Bronze Scales":26,"Philosopher\u0027s Stone":10,"MealTicket":23,"Kunai":16,"Ring of the Snake":0},{"Lantern":138,"HoveringKite":0,"Omamori":35,"Frozen Egg 2":40,"Bottled Tornado":52,"War Paint":91,"Smiling Mask":86,"SlaversCollar":119,"Lizard Tail":151,"Shovel":166,"Bronze Scales":166,"Philosopher\u0027s Stone":63,"MealTicket":144,"Kunai":98,"Ring of the Snake":0}]},"card_choices":[{"not_picked":["Slice","Underhanded Strike"],"picked":"Backflip","floor":1.0},{"not_picked":["Slice","Backflip"],"picked":"Footwork","floor":2.0},{"not_picked":["Poisoned Stab","Quick Slash"],"picked":"After Image","floor":3.0},{"not_picked":["PiercingWail","Finisher"],"picked":"Well Laid Plans","floor":5.0},{"not_picked":["Dagger Throw","Prepared"],"picked":"Poisoned Stab","floor":7.0},{"not_picked":["All Out Attack","Backflip"],"picked":"Bouncing Flask","floor":8.0},{"not_picked":["Terror","Quick Slash"],"picked":"Dagger Throw","floor":12.0},{"not_picked":["Expertise","Cloak And Dagger"],"picked":"Catalyst","floor":13.0},{"not_picked":["Masterful Stab","Choke"],"picked":"Blade Dance","floor":14.0},{"not_picked":["Bullet Time","Wraith Form v2+1"],"picked":"Malaise","floor":16.0},{"not_picked":["Flying Knee","All Out Attack"],"picked":"Dagger Throw","floor":18.0},{"not_picked":["Expertise","Predator"],"picked":"Noxious Fumes+1","floor":21.0},{"not_picked":["Deflect+1","Dodge and Roll"],"picked":"Predator","floor":22.0},{"not_picked":["Predator","Riddle With Holes+1"],"picked":"Calculated Gamble","floor":24.0},{"not_picked":["Backflip","Deflect"],"picked":"Blur","floor":25.0},{"not_picked":["Choke","Predator+1"],"picked":"Dodge and Roll","floor":27.0},{"not_picked":["Dagger Throw","Deflect"],"picked":"Prepared","floor":28.0},{"not_picked":["Sucker Punch","Grand Finale"],"picked":"Outmaneuver","floor":29},{"not_picked":["Doppelganger","Wraith Form v2+1"],"picked":"Envenom+1","floor":33},{"not_picked":["Dagger Spray","Prepared"],"picked":"PiercingWail+1","floor":35},{"not_picked":["Backflip","Quick Slash+1"],"picked":"Predator+1","floor":36},{"not_picked":["Bane+1","Choke"],"picked":"Deflect+1","floor":40},{"not_picked":["Predator","Deflect"],"picked":"Leg Sweep+1","floor":42},{"not_picked":["Terror+1","Sucker Punch+1"],"picked":"Poisoned Stab+1","floor":44},{"not_picked":["Bane","Sucker Punch"],"picked":"Backflip+1","floor":45},{"not_picked":["Poisoned Stab","Dagger Spray"],"picked":"Tactician+1","floor":46}],"player_experience":1133716,"relics_obtained":[{"floor":7.0,"key":"Omamori"},{"floor":9.0,"key":"Frozen Egg 2"},{"floor":13.0,"key":"Bottled Tornado"},{"floor":24.0,"key":"Smiling Mask"},{"floor":26.0,"key":"War Paint"},{"floor":27.0,"key":"Kunai"},{"floor":40,"key":"Lantern"},{"floor":43,"key":"MealTicket"},{"floor":44,"key":"Lizard Tail"},{"floor":46,"key":"Shovel"},{"floor":47,"key":"Bronze Scales"}],"event_choices":[{"damage_healed":0.0,"max_hp_gain":0.0,"max_hp_loss":0.0,"gold_gain":0.0,"event_name":"Match and Keep!","player_choice":"1 cards matched","floor":4.0,"gold_loss":0.0,"damage_taken":0.0,"cards_obtained":["Neutralize"]},{"damage_healed":0.0,"max_hp_gain":0.0,"max_hp_loss":0.0,"gold_gain":0.0,"event_name":"Upgrade Shrine","player_choice":"Upgraded","floor":20.0,"gold_loss":0.0,"damage_taken":0.0,"cards_upgraded":["Well Laid Plans"]},{"damage_healed":0,"gold_gain":0,"cards_transformed":["Strike_G","Strike_G"],"player_choice":"Became Test Subject","damage_taken":0,"max_hp_gain":0,"max_hp_loss":0,"event_name":"Drug Dealer","floor":31,"gold_loss":0,"cards_obtained":["A Thousand Cuts","Grand Finale"]},{"damage_healed":0,"gold_gain":0,"player_choice":"Embrace Madness","damage_taken":9,"max_hp_gain":0,"max_hp_loss":0,"event_name":"Winding Halls","floor":37,"gold_loss":0,"cards_obtained":["Madness","Madness"]},{"damage_healed":0,"gold_gain":0,"player_choice":"Copied","damage_taken":0,"max_hp_gain":0,"max_hp_loss":0,"event_name":"Duplicator","floor":39,"gold_loss":0,"cards_obtained":["After Image"]}],"is_beta":false,"boss_relics":[{"not_picked":["Runic Pyramid","Black Star"],"picked":"Philosopher\u0027s Stone"},{"not_picked":["Tiny House","Astrolabe"],"picked":"SlaversCollar"}],"items_purged_floors":[19,38],"is_endless":false,"potions_floor_spawned":[2,3,8,12,13,16,18,21,28,29,35,40,42],"killed_by":"Jaw Worm Horde","ascension_level":3}}