{"host":"rqs2099buorjjoja","time":1612412820,"event":{"mods":["AchievementEnabler","Act Like it!","Aspiration","BaseMod","Beaked The Cultist","Colored Powertips","Downfall","Hallownest","Hermit","Hubris","Infinite Spire","Jorbs\u0027s Wanderer Trilogy","Minty Spire (QoL Compilation)","Quick Restart","Rare Cards Sparkle","Replay The Spire","StSLib","The Bug Knight","The Construct","The Necromancer","The Servant 0.9.4"],"gold_per_floor":[99,115,129,129,141,154,154,174,192,292,356,506,173,298,316,419,419,319,333,383,383,444,494,517,517,578,628,640,703,703,768,783,888,888,888,902,1004,1016,1034,1046,1091,1141,1191,1023,1040,940,990,1005,1017,1017,1017,1017],"floor_reached":50,"language":"ENG","playtime":6918,"items_purged":["Normality"],"score":619,"play_id":"eaa541cc-b3be-4d8a-b772-2940e01d595a","local_time":"20210203232700","is_ascension_mode":false,"campfire_choices":[{"floor":1.0,"key":"RECALL"},{"floor":25.0,"key":"REST"},{"data":"Slimebound:Grow","floor":30,"key":"SMITH"},{"data":"Slimebound:SlimeSlap","floor":35,"key":"SMITH"},{"data":"1","floor":46,"key":"LIFT"}],"circlet_count":0,"master_deck":["Slimebound:Strike_Slimebound","Slimebound:Strike_Slimebound","Slimebound:Strike_Slimebound","Slimebound:Tackle","Slimebound:Defend_Slimebound","Slimebound:Defend_Slimebound","Slimebound:Defend_Slimebound","Slimebound:Defend_Slimebound","Slimebound:Split","Slimebound:CorrosiveSpit","Slimebound:PressTheAttack","Slimebound:SplitMire","Slimebound:Prepare","Slimebound:SplitMire","Slimebound:SlimeSpikes","Slimebound:SplitAcid","Slimebound:Schlurp","Slimebound:SlimeSpikes","Slimebound:ItLooksTasty","Slimebound:Gluttony+1","Slimebound:SlimeTap","Slimebound:LivingWall","Slimebound:HauntingLick","Slimebound:OozeBath","Slimebound:OozeBath","Slimebound:Equalize","Slimebound:SamplingLick","Slimebound:Grow+1","Slimebound:SlimeSpikes","Slimebound:SplitMire","Slimebound:SlimeSlap+1","Slimebound:RollThrough+1","Slimebound:GoopTackle+1","Slimebound:SpikyOuterGoop+1","Slimebound:SamplingLick+1","Slimebound:SlimeSpikes+1","Slimebound:LeechEnergy+1","Slimebound:Darklings","Slimebound:SplitMire+1","Slimebound:RainOfGoop+1","Slimebound:BestDefense+1"],"relics":["Slimebound:AbsorbEndCombat","Torii","downfall:CloakOfManyFaces","CultistMask","FaceOfCleric","NlothsMask","GremlinMask","SsserpentHead","aspiration:TomeofQuesting","infinitespire:PuzzleCube","ReplayTheSpireMod:CursedCoin","Black Star","downfall:HeartBlessingRed","Orichalcum","hubris:RunicObelisk","Meat on the Bone","Girya","Nunchaku","downfall:HeartBlessingBlue"],"acts_visited":["Exordium","TheCity","TheBeyond"],"potions_floor_usage":[32,33,50,50,50,50,50,50],"damage_taken":[{"damage":4.0,"enemies":"Cultist","floor":2.0,"turns":3.0},{"damage":13.0,"enemies":"Small Slimes","floor":3.0,"turns":4.0},{"damage":2.0,"enemies":"2 Louse","floor":5.0,"turns":2.0},{"damage":0.0,"enemies":"Exordium Thugs","floor":6.0,"turns":3.0},{"damage":7.0,"enemies":"Blue Slaver","floor":8.0,"turns":3.0},{"damage":3.0,"enemies":"2 Fungi Beasts","floor":9.0,"turns":4.0},{"damage":12.0,"enemies":"downfall:FaceTrader","floor":10.0,"turns":9.0},{"damage":10.0,"enemies":"3 Louse","floor":11.0,"turns":4.0},{"damage":0.0,"enemies":"downfall:FleeingMerchant","floor":13.0,"turns":4.0},{"damage":2.0,"enemies":"Gremlin Gang","floor":15.0,"turns":3.0},{"damage":21.0,"enemies":"IC_STATUS_ARCHETYPE","floor":16.0,"turns":7.0},{"damage":23.0,"enemies":"Chosen and Byrds","floor":19.0,"turns":7.0},{"damage":8.0,"enemies":"Centurion and Healer","floor":22.0,"turns":9.0},{"damage":14.0,"enemies":"Snecko","floor":26.0,"turns":4.0},{"damage":15.0,"enemies":"Sentry and Sphere","floor":28.0,"turns":7.0},{"damage":19,"enemies":"Centurion and Healer","floor":29,"turns":7},{"damage":3,"enemies":"Snecko","floor":31,"turns":5},{"damage":8,"enemies":"3 Cultists","floor":32,"turns":5},{"damage":87,"enemies":"DF_ARCHETYPE_CLAW","floor":33,"turns":11},{"damage":7,"enemies":"3 Shapes","floor":36,"turns":5},{"damage":14,"enemies":"Orb Walker","floor":38,"turns":5},{"damage":15,"enemies":"Spire Growth","floor":39,"turns":4},{"damage":38,"enemies":"Jaw Worm Horde","floor":40,"turns":6},{"damage":0,"enemies":"downfall:FleeingMerchant","floor":44,"turns":4},{"damage":24,"enemies":"Maw","floor":45,"turns":8},{"damage":14,"enemies":"Sphere and 2 Shapes","floor":48,"turns":5},{"damage":30,"enemies":"HollowMod:SlobberingHusk","floor":49,"turns":6},{"damage":140,"enemies":"SI_POISON_ARCHETYPE","floor":50,"turns":5}],"seed_played":"-6448218683040756092","potions_obtained":[{"floor":0.0,"key":"Strength Potion"},{"floor":0.0,"key":"SneckoOil"},{"floor":0.0,"key":"Fire Potion"},{"floor":6.0,"key":"BlessingOfTheForge"},{"floor":8.0,"key":"Regen Potion"},{"floor":9.0,"key":"Slimebound:SlimedPotion"},{"floor":10.0,"key":"SpeedPotion"},{"floor":22.0,"key":"Death Potion"},{"floor":26.0,"key":"ColorlessPotion"},{"floor":27.0,"key":"ColorlessPotion"},{"floor":31,"key":"BlessingOfTheForge"},{"floor":40,"key":"construct:ShiftPotion"},{"floor":45,"key":"FearPotion"},{"floor":49,"key":"EntropicBrew"}],"is_trial":false,"path_per_floor":["R","M","M","?","M","M","T","M","M","?","M","?","$","?","M","B",null,"R","M","?","AVR","M","?","T","R","M","?","M","M","R","M","M","B",null,"R","M","?","M","M","M","T","?","T","$","M","R","?","M","M","B"],"character_chosen":"SLIMEBOUND","items_purchased":["aspiration:TomeofQuesting","infinitespire:PuzzleCube","ReplayTheSpireMod:CursedCoin","Slimebound:Gluttony","Slimebound:SlimeTap","Nunchaku"],"campfire_rested":1,"item_purchase_floors":[13,13,13,13,13,44],"current_hp_per_floor":[65,65,52,57,59,65,65,62,70,66,61,61,66,66,71,59,74,74,55,55,55,56,48,48,70,63,63,65,63,63,77,81,7,82,82,83,50,51,45,36,36,39,39,48,53,63,63,66,57,0,0,0],"gold":1017,"neow_bonus":"THREE_SMALL_POTIONS","is_daily":false,"chose_seed":false,"campfire_upgraded":2,"win_rate":0.0,"timestamp":1612412820,"path_taken":["R","M","M","?","M","M","T","M","M","?","?","?","?","?","M","BOSS","R","M","?","AVR","?","?","T","R","?","?","M","?","R","?","M","BOSS","R","M","?","M","M","M","T","?","?","$","M","R","?","M","M","BOSS"],"items_purchased_type":["Relic","Relic","Relic","Card","Card","Relic"],"build_version":"2020-12-22","purchased_purges":1,"victory":false,"max_hp_per_floor":[65,65,65,70,70,70,70,70,70,70,71,71,72,72,73,74,74,74,75,75,75,76,76,76,76,77,77,78,79,79,80,81,82,82,82,83,83,84,85,86,86,89,89,90,91,101,101,102,103,103,103,103],"card_choices":[{"not_picked":["Slimebound:MegaLick","Slimebound:Prepare"],"picked":"Slimebound:PressTheAttack","floor":2.0},{"not_picked":["Slimebound:DivideAndConquer","Slimebound:SpikyOuterGoop"],"picked":"Slimebound:SplitMire","floor":3.0},{"not_picked":["Slimebound:LeechingTouch","Slimebound:GoopTackle"],"picked":"Slimebound:Prepare","floor":5.0},{"not_picked":["Slimebound:GrowthPunch","Slimebound:Prepare"],"picked":"Slimebound:SplitMire","floor":6.0},{"not_picked":["Slimebound:LeechingTouch","Slimebound:CheckThePlaybook"],"picked":"Slimebound:SlimeSpikes","floor":8.0},{"not_picked":["Slimebound:SlimeBarrage","Slimebound:ComboTackle"],"picked":"Slimebound:SplitAcid","floor":9.0},{"not_picked":["Slimebound:GoopTackle","Slimebound:FinishingTackle"],"picked":"Slimebound:Schlurp","floor":10.0},{"not_picked":["Slimebound:SlimeBrawl","Slimebound:FinishingTackle"],"picked":"Slimebound:SlimeSpikes","floor":11.0},{"not_picked":["Slimebound:SplitMire","Slimebound:AcidTongue"],"picked":"Slimebound:ItLooksTasty","floor":13.0},{"not_picked":["Slimebound:Grow","Slimebound:FlameTackle"],"picked":"Slimebound:LivingWall","floor":15.0},{"not_picked":["Slimebound:WasteNot","Slimebound:Teamwork"],"picked":"Slimebound:TagTeam","floor":16.0},{"not_picked":["Slimebound:SplitLeeching","Slimebound:PressTheAttack"],"picked":"Slimebound:HauntingLick","floor":19.0},{"not_picked":["Slimebound:GoopSpray","Slimebound:HauntingLick"],"picked":"Slimebound:OozeBath","floor":22.0},{"not_picked":["Slimebound:LeechEnergy","Slimebound:ProtectTheBoss"],"picked":"Slimebound:Equalize","floor":26.0},{"not_picked":["Slimebound:Nibble","Slimebound:SplitBruiser"],"picked":"Slimebound:SamplingLick","floor":28.0},{"not_picked":["Slimebound:SamplingLick","Slimebound:SplitAcid"],"picked":"Slimebound:Grow","floor":29},{"not_picked":["Slimebound:MegaLick+1","Slimebound:SpikyOuterGoop"],"picked":"Slimebound:SlimeSpikes","floor":31},{"not_picked":["Slimebound:SplitBruiser","Slimebound:SlimeBrawl"],"picked":"Slimebound:SplitMire","floor":32},{"not_picked":["Slimebound:OneTwoCombo","Slimebound:FirmFortitude"],"picked":"Slimebound:SlimeSlap","floor":33},{"not_picked":["Slimebound:SplitMire","Slimebound:ForwardTackle+1"],"picked":"Slimebound:RollThrough+1","floor":36},{"not_picked":["Slimebound:ComboTackle","Slimebound:SplitBruiser"],"picked":"Slimebound:GoopTackle+1","floor":37},{"not_picked":["Slimebound:ForwardTackle+1","Slimebound:ItLooksTasty"],"picked":"Slimebound:SpikyOuterGoop+1","floor":37},{"not_picked":["Slimebound:RollThrough","Slimebound:Prepare"],"picked":"Slimebound:SamplingLick+1","floor":38},{"not_picked":["Slimebound:ComboTackle","Slimebound:PrepareCrush"],"picked":"Slimebound:SlimeSpikes+1","floor":39},{"not_picked":["Slimebound:ItLooksTasty+1","Slimebound:HauntingLick"],"picked":"Slimebound:LeechEnergy+1","floor":40},{"not_picked":["Slimebound:SlimeBrawl","Slimebound:GoopTackle+1"],"picked":"Slimebound:Darklings","floor":44},{"not_picked":["Slimebound:GoopSpray","Slimebound:RollThrough+1"],"picked":"Slimebound:SplitMire+1","floor":45},{"not_picked":["Slimebound:SlimeSpikes","Slimebound:SlimeTap"],"picked":"Slimebound:RainOfGoop+1","floor":48},{"not_picked":["Slimebound:GoopTackle+1","Slimebound:ServeAndProtect"],"picked":"Slimebound:BestDefense+1","floor":49}],"player_experience":212323,"relics_obtained":[{"floor":7.0,"key":"Torii"},{"floor":10.0,"key":"downfall:CloakOfManyFaces"},{"floor":37,"key":"Meat on the Bone"},{"floor":43,"key":"Girya"}],"event_choices":[{"damage_healed":0.0,"max_hp_gain":5.0,"max_hp_loss":0.0,"gold_gain":0.0,"event_name":"Big Fish","player_choice":"Donut","floor":4.0,"gold_loss":0.0,"damage_taken":0.0},{"damage_healed":0.0,"max_hp_gain":0.0,"max_hp_loss":0.0,"gold_gain":0.0,"event_name":"Lab","player_choice":"Got Potions","floor":27.0,"gold_loss":0.0,"damage_taken":0.0}],"is_beta":false,"boss_relics":[{"not_picked":["Painkiller Herb","Astrolabe"],"picked":"Black Star"},{"not_picked":["hubris:HollowSoul","aspiration:FutureDiary"],"picked":"hubris:RunicObelisk"}],"items_purged_floors":[13],"is_endless":false,"potions_floor_spawned":[2,6,8,9,10,22,26,31,40,45,49],"killed_by":"SI_POISON_ARCHETYPE","ascension_level":0}}