{"host":"23qk1co0p3p8qz56","time":1612481430,"event":{"mods":["AchievementEnabler","Act Like it!","Arknights","BaseMod","Better Note","Better Third Choice","BetterRewards","CapriCore","Colored Map","Lobotomy","LobotomyExtend","Marisa（霧雨　魔理沙）","Minty Spire (QoL Compilation)","Prisma Mod","Reimu（博??梦）","StSLib","The Alterego","The Animator","The Immortal","The Senshi","Waifu the Spire"],"gold_per_floor":[118,129,142,32,45,78,78,78,105,123,28,28,38,49,49,154,154,174,190,222,242,254,286,286,318,318,332,86,102,25,39,39,143,143,161,173,189,207,224,224,251,251,275,275,139,139,155,165,165,165,165,165,89,89,89],"floor_reached":54,"language":"ENG","playtime":4916,"items_purged":[],"score":769,"play_id":"4eb34040-1ecb-4408-b032-fc011249e081","local_time":"20210204163030","is_ascension_mode":false,"campfire_choices":[{"data":"PrismaMod:ChloeCaladbolg","floor":7.0,"key":"SMITH"},{"floor":12,"key":"REST"},{"floor":15,"key":"REST"},{"data":"PrismaMod:ChloeUnlimitedBladeWorks","floor":24,"key":"SMITH"},{"data":"PrismaMod:ChloeAnySkillTrace","floor":32,"key":"SMITH"},{"data":"PrismaMod:ChloeAnyUncommonTrace","floor":40,"key":"SMITH"},{"floor":42,"key":"RECALL"},{"data":"PrismaMod:ChloeBetterTracePools","floor":44,"key":"SMITH"},{"data":"PrismaMod:ChloeMaid","floor":49,"key":"SMITH"},{"data":"PrismaMod:ChloeEyeOfTheEuryale","floor":52,"key":"SMITH"}],"circlet_count":0,"master_deck":["PrismaMod:ChloeCommonAttack","PrismaMod:ChloeCommonAttack","PrismaMod:ChloeCommonAttack","PrismaMod:ChloeCommonDefend","PrismaMod:ChloeCommonDefend","PrismaMod:ChloeCommonDefend","PrismaMod:ChloeCheapAttack","PrismaMod:ChloeCheapDefend","PrismaMod:ChloeDiscardRecovery","PrismaMod:ChloeCheapDefendTwo","PrismaMod:ChloeExhaustOne","PrismaMod:ChloeBetterTracePools+1","PrismaMod:ChloeCaladbolg+1","PrismaMod:ChloeCommonAOEAttack","PrismaMod:ChloeCarnivalAttack","PrismaMod:ChloeMaid+1","PrismaMod:ChloeCheapAttack","PrismaMod:ChloeRuleBreaker","PrismaMod:ChloeUnlimitedBladeWorks+1","PrismaMod:ChloeCheapAttack","PrismaMod:ChloeReshuffleDiscard","PrismaMod:ChloeUncommonDefend+1","PrismaMod:ChloeExhaustThree+1","PrismaMod:ChloeCommonAOEAttack+1","PrismaMod:ChloeCheapAttackTwo","PrismaMod:ChloeCheapAttackTwo","PrismaMod:ChloeUncommonAttack","PrismaMod:ChloeExcalibur","PrismaMod:ChloeEyeOfTheEuryale+1","PrismaMod:ChloeUncommonAOEAttack+1","PrismaMod:ChloeAnySkillTrace+1","PrismaMod:ChloeDemonicTutor","PrismaMod:ChloeDoubleRelicSpeed+1","PrismaMod:ChloeGaeBolg","PrismaMod:ChloeCheapDefend","PrismaMod:ChloeDiscardRecovery","PrismaMod:ChloeCheapAttack+1","PrismaMod:ChloeAnyUncommonTrace+1","PrismaMod:ChloeCheapAttackTwo+1","PrismaMod:ChloeChristmas","PrismaMod:ChloeGaeBolg+1","PrismaMod:ChloeRhongomyniad+1","PrismaMod:ChloeCheapAttackTwo","PrismaMod:ChloeEyeOfTheEuryale+1","PrismaMod:ChloeGreatTracePools+1","PrismaMod:ChloeMordred","PrismaMod:ChloeCheapDefendTwo+1"],"relics":["PrismaMod:PrismaTraceOn","Lantern","LetterFromLob","Boot","Centennial Puzzle","Astrolabe","Blood Vial","Toy Ornithopter","Frozen Egg 2","Question Card","Black Star","Juzu Bracelet","Kunai"],"acts_visited":["Exordium","TheCity","TheBeyond","TheEnding"],"potions_floor_usage":[50],"damage_taken":[{"damage":3.0,"enemies":"Cultist","floor":1.0,"turns":4.0},{"damage":0.0,"enemies":"Small Slimes","floor":2.0,"turns":3.0},{"damage":0.0,"enemies":"2 Louse","floor":3.0,"turns":2.0},{"damage":10.0,"enemies":"Exordium Thugs","floor":5.0,"turns":5.0},{"damage":33.0,"enemies":"3 Sentries","floor":6.0,"turns":10.0},{"damage":1.0,"enemies":"2 Fungi Beasts","floor":10.0,"turns":3.0},{"damage":0,"enemies":"Gremlin Gang","floor":13,"turns":1},{"damage":19,"enemies":"Large Slime","floor":14,"turns":5},{"damage":35,"enemies":"Hexaghost","floor":16,"turns":8},{"damage":0,"enemies":"3 Byrds","floor":18,"turns":2},{"damage":3,"enemies":"Chosen","floor":19,"turns":3},{"damage":7,"enemies":"Snake Plant","floor":20,"turns":4},{"damage":24,"enemies":"Sentry and Sphere","floor":21,"turns":4},{"damage":39,"enemies":"Shelled Parasite and Fungi","floor":22,"turns":4},{"damage":58,"enemies":"Slavers","floor":23,"turns":4},{"damage":11,"enemies":"Gremlin Leader","floor":25,"turns":3},{"damage":0,"enemies":"3 Cultists","floor":27,"turns":3},{"damage":13,"enemies":"Centurion and Healer","floor":29,"turns":4},{"damage":0,"enemies":"Snecko","floor":31,"turns":3},{"damage":49,"enemies":"Automaton","floor":33,"turns":8},{"damage":0,"enemies":"3 Shapes","floor":35,"turns":8},{"damage":7,"enemies":"Orb Walker","floor":36,"turns":2},{"damage":85,"enemies":"Spire Growth","floor":37,"turns":8},{"damage":23,"enemies":"3 Darklings","floor":38,"turns":4},{"damage":11,"enemies":"Sphere and 2 Shapes","floor":39,"turns":2},{"damage":24,"enemies":"Nemesis","floor":41,"turns":5},{"damage":43,"enemies":"Transient","floor":47,"turns":5},{"damage":62,"enemies":"Writhing Mass","floor":48,"turns":4},{"damage":145,"enemies":"Donu and Deca","floor":50,"turns":8},{"damage":78,"enemies":"Shield and Spear","floor":54,"turns":5}],"seed_played":"2057463221017961606","potions_obtained":[{"floor":3.0,"key":"Fire Potion"},{"floor":10.0,"key":"Fire Potion"},{"floor":13,"key":"Block Potion"},{"floor":16,"key":"LiquidMemories"},{"floor":22,"key":"CultistPotion"}],"is_trial":false,"path_per_floor":["M","M","M","$","M","E","R","?","T","M","$","R","M","M","R","B",null,"M","M","M","M","M","E","R","E","T","M","$","M","?","M","R","B",null,"M","M","M","M","M","R","E","R","T","R","$","?","M","M","R","B",null,"R","$","E"],"character_chosen":"CHLOE","items_purchased":["PrismaMod:ChloeBetterTracePools","PrismaMod:ChloeCaladbolg","PrismaMod:ChloeCheapAttack","PrismaMod:ChloeRuleBreaker","PrismaMod:ChloeDoubleRelicSpeed+1","PrismaMod:ChloeGaeBolg","PrismaMod:ChloeCheapDefend","PrismaMod:ChloeGreatTracePools+1","DistilledChaos"],"campfire_rested":2,"item_purchase_floors":[4,4,11,11,28,28,28,45,53],"current_hp_per_floor":[75,75,75,75,65,32,32,32,32,31,31,53,53,34,56,75,75,75,72,70,64,46,75,75,75,75,75,75,62,62,64,64,75,75,75,68,59,75,75,75,75,75,75,75,75,75,75,75,75,75,75,75,75,0,0],"gold":89,"neow_bonus":"RANDOM_COMMON_RELIC","is_daily":false,"chose_seed":false,"campfire_upgraded":7,"win_rate":0.0,"timestamp":1612481430,"path_taken":["M","M","M","$","M","E","R","?","T","M","?","R","M","M","R","BOSS","M","M","M","M","M","E","R","E","T","?","$","M","?","M","R","BOSS","M","M","M","M","M","R","E","R","T","R","$","?","M","M","R","BOSS","R","$","E"],"items_purchased_type":["Card","Card","Card","Card","Card","Card","Card","Card","Potion"],"build_version":"2020-12-22","purchased_purges":0,"victory":false,"max_hp_per_floor":[75,75,75,75,75,75,75,75,75,75,75,75,75,75,75,75,75,75,75,75,75,75,75,75,75,75,75,75,75,75,75,75,75,75,75,75,75,75,75,75,75,75,75,75,75,75,75,75,75,75,75,75,75,75,75],"card_choices":[{"not_picked":["PrismaMod:ChloeExhaustOne","PrismaMod:ChloeChristmas"],"picked":"PrismaMod:ChloeDiscardRecovery","floor":1.0},{"not_picked":["PrismaMod:ChloeExhaustOne","PrismaMod:ChloeCheapDefend"],"picked":"PrismaMod:ChloeCheapDefendTwo","floor":2.0},{"not_picked":["PrismaMod:ChloeDiscardRecovery","PrismaMod:ChloeCheapDefend"],"picked":"PrismaMod:ChloeExhaustOne","floor":3.0},{"not_picked":["PrismaMod:ChloeExhaustOne","PrismaMod:ChloeCheapAttackTwo"],"picked":"PrismaMod:ChloeCommonAOEAttack","floor":5.0},{"not_picked":["PrismaMod:ChloeDiscardRecovery","PrismaMod:ChloeCheapDefendTwo"],"picked":"PrismaMod:ChloeCarnivalAttack","floor":6.0},{"not_picked":["PrismaMod:ChloeExhaustOne","PrismaMod:ChloeCheapDefend"],"picked":"PrismaMod:ChloeMaid","floor":10.0},{"not_picked":["PrismaMod:ChloeCheapAttack","PrismaMod:ChloeExcalibur"],"picked":"PrismaMod:ChloeUnlimitedBladeWorks","floor":13},{"not_picked":["PrismaMod:ChloeCommonAOEAttack","PrismaMod:ChloeDiscardRecovery"],"picked":"PrismaMod:ChloeCheapAttack","floor":14},{"not_picked":["PrismaMod:ChloeAnySkillTrace","PrismaMod:ChloeExhaustThree"],"picked":"PrismaMod:ChloeReshuffleDiscard","floor":16},{"not_picked":["PrismaMod:ChloeExhaustOne+1","PrismaMod:ChloeChristmas"],"picked":"PrismaMod:ChloeCheapAttackTwo","floor":18},{"not_picked":["PrismaMod:ChloeCommonAOEAttack","PrismaMod:ChloeRitsuka"],"picked":"PrismaMod:ChloeCheapAttackTwo","floor":19},{"not_picked":["PrismaMod:ChloeRhongomyniad","PrismaMod:ChloeCheapAttack"],"picked":"PrismaMod:ChloeUncommonAttack","floor":20},{"not_picked":["PrismaMod:ChloeExhaustOne+1","PrismaMod:ChloeDiscardRecovery"],"picked":"PrismaMod:ChloeExcalibur","floor":21},{"not_picked":["PrismaMod:ChloeCheapAttack","PrismaMod:ChloeCheapDefend"],"picked":"PrismaMod:ChloeEyeOfTheEuryale","floor":22},{"not_picked":["PrismaMod:ChloeCheapAttack+1","PrismaMod:ChloeExhaustOne"],"picked":"PrismaMod:ChloeUncommonAOEAttack+1","floor":23},{"not_picked":["PrismaMod:ChloeCheapAttack","PrismaMod:ChloeCommonAOEAttack"],"picked":"PrismaMod:ChloeAnySkillTrace","floor":25},{"not_picked":["PrismaMod:ChloeDiscardRecovery","PrismaMod:ChloeCaladbolg"],"picked":"PrismaMod:ChloeDemonicTutor","floor":27},{"not_picked":["PrismaMod:ChloeUncommonAOEAttack","PrismaMod:ChloeCommonAOEAttack+1"],"picked":"PrismaMod:ChloeDiscardRecovery","floor":29},{"not_picked":["PrismaMod:ChloeCheapDefendTwo","PrismaMod:ChloeCaladbolg","PrismaMod:ChloeCommonAOEAttack+1"],"picked":"PrismaMod:ChloeCheapAttack+1","floor":31},{"not_picked":["PrismaMod:ChloeCarnivalDefend","PrismaMod:ChloeExhaustThree","PrismaMod:ChloeDevil"],"picked":"PrismaMod:ChloeAnyUncommonTrace","floor":33},{"not_picked":["PrismaMod:ChloeUncommonDefend","PrismaMod:ChloeDiscardRecovery","PrismaMod:ChloeCommonAOEAttack+1"],"picked":"PrismaMod:ChloeCheapAttackTwo+1","floor":35},{"not_picked":["PrismaMod:ChloeUncommonDefend","PrismaMod:ChloeCheapDefend","PrismaMod:ChloeExhaustTwo+1"],"picked":"PrismaMod:ChloeChristmas","floor":36},{"not_picked":["PrismaMod:ChloeCheapDefend+1","PrismaMod:ChloeBetterTracePools+1","PrismaMod:ChloeCheapDefendTwo+1"],"picked":"PrismaMod:ChloeGaeBolg+1","floor":37},{"not_picked":["PrismaMod:ChloeExcalibur","PrismaMod:ChloeMaid","PrismaMod:ChloeExhaustOne+1"],"picked":"PrismaMod:ChloeRhongomyniad+1","floor":38},{"not_picked":["PrismaMod:ChloeDiscardRecovery","PrismaMod:ChloeRuleBreaker","PrismaMod:ChloeCheapDefendTwo"],"picked":"PrismaMod:ChloeCheapAttackTwo","floor":39},{"not_picked":["PrismaMod:ChloeDiscardRecovery+1","PrismaMod:ChloeCheapDefend","PrismaMod:ChloeBetterTracePools+1"],"picked":"PrismaMod:ChloeEyeOfTheEuryale+1","floor":41},{"not_picked":["PrismaMod:ChloeEyeOfTheEuryale+1","PrismaMod:ChloeGaeBolg+1","PrismaMod:ChloeExcalibur+1"],"picked":"PrismaMod:ChloeMordred","floor":47},{"not_picked":["PrismaMod:ChloeCheapDefend","PrismaMod:ChloeChristmas","PrismaMod:ChloeUncommonAttack+1"],"picked":"PrismaMod:ChloeCheapDefendTwo+1","floor":48}],"player_experience":14372,"relics_obtained":[{"floor":1.0,"key":"LetterFromLob"},{"floor":6.0,"key":"Boot"},{"floor":9.0,"key":"Centennial Puzzle"},{"floor":23,"key":"Blood Vial"},{"floor":25,"key":"Toy Ornithopter"},{"floor":26,"key":"Frozen Egg 2"},{"floor":41,"key":"Juzu Bracelet"},{"floor":41,"key":"Kunai"}],"event_choices":[{"cards_removed":["PrismaMod:ChloeCommonDefend"],"damage_healed":0.0,"max_hp_gain":0.0,"max_hp_loss":0.0,"gold_gain":0.0,"event_name":"Purifier","player_choice":"Purged","floor":8.0,"gold_loss":0.0,"damage_taken":0.0},{"damage_healed":0,"gold_gain":0,"player_choice":"Paid Gold","damage_taken":0,"relics_obtained":["Question Card"],"max_hp_gain":0,"max_hp_loss":0,"event_name":"WeMeetAgain","floor":30,"gold_loss":77}],"is_beta":false,"boss_relics":[{"not_picked":["Snecko Eye","Coffee Dripper"],"picked":"Astrolabe"},{"not_picked":["Velvet Choker","SacredBark"],"picked":"Black Star"}],"items_purged_floors":[],"is_endless":false,"potions_floor_spawned":[3,10,13,16,21,22,23,27,33,36,37,38],"killed_by":"Shield and Spear","ascension_level":0}}