{"host":"xhm1ik3sxl6w66st","time":1612474468,"event":{"mods":["BaseMod","Colored Powertips","Downfall","Duelist Mod","Hermit","Jorbs\u0027s Wanderer Trilogy","Marisa????????","Minty Spire (QoL Compilation)","Quick Restart","READ ME - Guardian Mod","Replay The Spire","StSLib","The Bug Knight","The Construct","The Cursed","The Disciple","The Hierophant","The Jungle","The Necromancer","The Runesmith","The Senshi","The Servant 0.9.4"],"gold_per_floor":[99,117,132,145,161,176,176,192,192,226,240,251,251,310,324,427,427,427,443,458,148,159,169,169,69,69,84,95,95,107,121,140,240,240,140,160,176,161,177,191,214,114,147,227,245,245,120,131,146,146,146,146],"floor_reached":50,"language":"ENG","playtime":4700,"items_purged":["champ:Strike","champ:Defend+1","Delirium"],"score":565,"play_id":"2bb352e8-d86d-41a1-b8b3-d4cb9890a77a","local_time":"20210204143428","is_ascension_mode":false,"campfire_choices":[{"data":"champ:Taunt","floor":1,"key":"SMITH"},{"floor":9,"key":"REST"},{"floor":13,"key":"REST"},{"data":"champ:EndlessRage","floor":18,"key":"SMITH"},{"data":"champ:Encircle","floor":25,"key":"SMITH"},{"floor":35,"key":"RECALL"},{"floor":42,"key":"REST"}],"circlet_count":0,"master_deck":["champ:Strike","champ:Strike","champ:Strike","champ:Defend","champ:Defend","champ:Execute","champ:Taunt+1","champ:FanOfKnives","champ:PreciseThrust","champ:IronFortress","champ:Haymaker","champ:FanOfKnives","champ:IronFortress","champ:BringItOn","champ:DefensiveShout+1","champ:VampiricStrike+1","champ:EndlessRage+1","champ:BerserkersShout","champ:Devastate+1","champ:Encircle+1","champ:BladeFlurry+1","champ:HeartStrike","champ:CrookedStrike","champ:Shatter+1","champ:RisingSlash","champ:RecklessLeap","champ:GutPunch","champ:DancingMaster","champ:AdrenalArmor","champ:BerserkersShout","champ:MurderStrike","champ:BerserkersShout","champ:AdrenalArmor+1","champ:Haymaker+1","champ:StanceDance+1","champ:GutPunch","champ:HoldFirm","champ:GladiatorForm"],"relics":["champ:ChampionCrownUpgraded","construct:FoamFinger","Bird Faced Urn","HornCleat","Ring of Chaos","Guide Book","downfall:HeartBlessingBlue","Enchiridion","downfall:HeartBlessingGreen","War Paint","downfall:HeartBlessingRed","Replay:Baseball","ReplayTheSpireMod:Ring of Exchange"],"acts_visited":["Exordium","TheCity","TheBeyond"],"potions_floor_usage":[33,44,50,50,50],"damage_taken":[{"damage":13,"enemies":"Small Slimes","floor":2,"turns":4},{"damage":14,"enemies":"2 Louse","floor":3,"turns":3},{"damage":16,"enemies":"Cultist","floor":4,"turns":3},{"damage":22,"enemies":"2 Fungi Beasts","floor":5,"turns":4},{"damage":7,"enemies":"3 Louse","floor":6,"turns":4},{"damage":18,"enemies":"Exordium Wildlife","floor":8,"turns":2},{"damage":44,"enemies":"3 Sentries","floor":10,"turns":6},{"damage":12,"enemies":"2 Fungi Beasts","floor":11,"turns":3},{"damage":17,"enemies":"Gremlin Gang","floor":12,"turns":4},{"damage":15,"enemies":"Lagavulin Event","floor":14,"turns":5},{"damage":7,"enemies":"HollowMod:HuskWarrior","floor":15,"turns":5},{"damage":75,"enemies":"SI_SHIV_ARCHETYPE","floor":16,"turns":9},{"damage":53,"enemies":"Shell Parasite","floor":19,"turns":7},{"damage":0,"enemies":"Spheric Guardian","floor":20,"turns":2},{"damage":5,"enemies":"downfall:FleeingMerchant","floor":21,"turns":4},{"damage":6,"enemies":"Cultist and Chosen","floor":22,"turns":3},{"damage":18,"enemies":"Shelled Parasite and Fungi","floor":23,"turns":2},{"damage":19,"enemies":"Snake Plant","floor":27,"turns":2},{"damage":25,"enemies":"Chosen and Byrds","floor":28,"turns":5},{"damage":10,"enemies":"Snecko","floor":30,"turns":3},{"damage":40,"enemies":"Cultist and Chosen","floor":31,"turns":3},{"damage":51,"enemies":"Shelled Parasite and Fungi","floor":32,"turns":4},{"damage":59,"enemies":"IC_MUSHROOM_ARCHETYPE","floor":33,"turns":7},{"damage":50,"enemies":"3 Shapes","floor":36,"turns":3},{"damage":30,"enemies":"Orb Walker","floor":37,"turns":3},{"damage":55,"enemies":"downfall:FleeingMerchant","floor":38,"turns":4},{"damage":37,"enemies":"Jaw Worm Horde","floor":39,"turns":4},{"damage":76,"enemies":"Spire Growth","floor":40,"turns":5},{"damage":51,"enemies":"HollowMod:StalkingDevout","floor":43,"turns":6},{"damage":25,"enemies":"downfall:FleeingMerchant","floor":44,"turns":2},{"damage":53,"enemies":"Maw","floor":45,"turns":6},{"damage":27,"enemies":"Sphere and 2 Shapes","floor":48,"turns":1},{"damage":53,"enemies":"Jaw Worm Horde","floor":49,"turns":4},{"damage":108,"enemies":"WA_ARCHETYPE_DIVINITY","floor":50,"turns":7}],"seed_played":"-7355398653158942667","potions_obtained":[{"floor":3,"key":"PowerPotion"},{"floor":5,"key":"Weak Potion"},{"floor":11,"key":"Doom Potion"},{"floor":33,"key":"Swift Potion"},{"floor":45,"key":"CultistPotion"},{"floor":48,"key":"Milkshake"},{"floor":49,"key":"EssenceOfSteel"}],"is_trial":false,"path_per_floor":["R","M","M","M","M","M","T","M","R","E","M","M","R","?","M","B",null,"R","M","M","$","M","M","T","R","?","M","M","?","M","M","M","B",null,"R","M","M","$","M","M","T","R","E","$","M","?","$","M","M","B"],"character_chosen":"THE_CHAMP","items_purchased":["champ:CrookedStrike","Guide Book","champ:GladiatorForm"],"campfire_rested":3,"item_purchase_floors":[21,21,44],"current_hp_per_floor":[99,96,87,81,64,57,57,49,78,44,46,48,77,81,80,39,99,99,70,74,80,80,62,62,72,56,49,50,50,52,46,27,13,109,109,89,93,95,95,59,59,91,80,82,80,80,80,55,51,0,0,0],"gold":146,"neow_bonus":"TEN_PERCENT_HP_BONUS","is_daily":false,"chose_seed":false,"campfire_upgraded":3,"win_rate":0.0,"timestamp":1612474468,"path_taken":["R","M","M","M","M","M","T","M","R","E","M","M","R","?","M","BOSS","R","M","M","$","M","M","T","R","?","M","M","?","M","M","M","BOSS","R","M","M","?","M","M","T","R","E","$","M","?","$","M","M","BOSS"],"items_purchased_type":["Card","Relic","Card"],"build_version":"2020-12-22","purchased_purges":3,"victory":false,"max_hp_per_floor":[99,99,99,99,99,99,99,99,99,99,99,99,99,99,99,99,99,99,99,99,99,99,99,99,109,109,109,109,109,109,109,109,109,109,109,109,109,109,109,109,109,109,109,109,109,109,109,109,109,109,109,109],"card_choices":[{"not_picked":["champ:Endure","champ:BladeFlurry"],"picked":"champ:FanOfKnives","floor":2},{"not_picked":["champ:BerserkersShout","champ:DefensiveShout"],"picked":"champ:PreciseThrust","floor":3},{"not_picked":["champ:HeartStrike","champ:FocusedDefense"],"picked":"champ:IronFortress","floor":4},{"not_picked":["champ:FocusedDefense","champ:EnGarde"],"picked":"champ:Haymaker","floor":5},{"not_picked":["champ:CrookedStrike","champ:RapidStrikes"],"picked":"champ:FanOfKnives","floor":6},{"not_picked":["champ:GladiatorStyle","champ:DeathBlow"],"picked":"champ:IronFortress","floor":8},{"not_picked":["champ:DeathBlow","champ:Lariat"],"picked":"champ:BringItOn","floor":10},{"not_picked":["champ:ShieldSlam","champ:CrownThrow"],"picked":"champ:DefensiveShout","floor":11},{"not_picked":["champ:FlashCut","champ:Shatter"],"picked":"champ:VampiricStrike","floor":12},{"not_picked":["champ:PreemptiveStrike","champ:CrownThrow"],"picked":"champ:EndlessRage","floor":14},{"not_picked":["champ:Shatter","champ:BladeFlurry"],"picked":"champ:BerserkersShout","floor":15},{"not_picked":["champ:CheapShot","champ:TripleStrike"],"picked":"champ:Devastate","floor":16},{"not_picked":["champ:Haymaker","champ:PreciseThrust+1"],"picked":"champ:Encircle","floor":19},{"not_picked":["champ:AdrenalArmor","champ:PreemptiveStrike"],"picked":"champ:BladeFlurry+1","floor":20},{"not_picked":["champ:FanOfKnives","champ:PreemptiveStrike"],"picked":"champ:HeartStrike","floor":21},{"not_picked":["champ:FaceSlap","champ:FlashCut+1"],"picked":"champ:Shatter+1","floor":22},{"not_picked":["champ:CrownThrow","champ:DefensiveShout+1"],"picked":"champ:RisingSlash","floor":23},{"not_picked":["champ:DefensiveShout","champ:CheapShot"],"picked":"champ:RecklessLeap","floor":27},{"not_picked":["champ:Haymaker","champ:RisingSlash"],"picked":"champ:GutPunch","floor":28},{"not_picked":["champ:TornadoPunch","champ:Haymaker"],"picked":"champ:AdrenalArmor","floor":30},{"not_picked":["champ:PreemptiveStrike","champ:Backstep","champ:Shatter"],"picked":"SKIP","floor":31},{"not_picked":["champ:PerfectedStrike+1","champ:Circumvent+1"],"picked":"champ:BerserkersShout","floor":32},{"not_picked":["champ:StrikeOfGenius","champ:DancingMaster"],"picked":"champ:MurderStrike","floor":33},{"not_picked":["champ:ShieldSlam","champ:CalledShot+1"],"picked":"champ:BerserkersShout","floor":36},{"not_picked":["champ:Haymaker+1","champ:DefensiveShout+1"],"picked":"champ:AdrenalArmor+1","floor":37},{"not_picked":["champ:SetATrap+1","champ:SkillfulDodge"],"picked":"champ:Haymaker+1","floor":38},{"not_picked":["champ:SkillfulDodge","champ:BladeFlurry"],"picked":"champ:StanceDance+1","floor":39},{"not_picked":["champ:FalseCounter","champ:CrownThrow"],"picked":"champ:GutPunch","floor":40},{"not_picked":["champ:Encircle","champ:AdrenalArmor+1","champ:Duel"],"picked":"SKIP","floor":43},{"not_picked":["champ:Endure","champ:Improvising"],"picked":"champ:HoldFirm","floor":44},{"not_picked":["champ:EnGarde+1","champ:EndlessRage","champ:Circumvent+1"],"picked":"SKIP","floor":45},{"not_picked":["champ:FanOfKnives","champ:FocusedDefense+1","champ:Haymaker"],"picked":"SKIP","floor":48},{"not_picked":["champ:FancyFootwork","champ:BringItOn","champ:HeartStrike"],"picked":"SKIP","floor":49}],"player_experience":180828,"relics_obtained":[{"floor":7,"key":"construct:FoamFinger"},{"floor":10,"key":"Bird Faced Urn"},{"floor":26,"key":"Enchiridion"},{"floor":41,"key":"War Paint"},{"floor":43,"key":"Replay:Baseball"},{"floor":46,"key":"ReplayTheSpireMod:Ring of Exchange"}],"event_choices":[],"is_beta":false,"boss_relics":[{"not_picked":["bronze:MakeshiftBattery","construct:ClawGrip"],"picked":"Ring of Chaos"},{"not_picked":["Velvet Choker","Kintsugi"],"picked":"champ:ChampionCrownUpgraded"}],"items_purged_floors":[21,44,47],"is_endless":false,"potions_floor_spawned":[3,5,11,12,14,16,20,23,27,32,33,39,43,45,48,49],"killed_by":"WA_ARCHETYPE_DIVINITY","ascension_level":0}}