{"host":"qqj8xvc6rh6p9rdh","time":1612424854,"event":{"mods":["Act Like it!","BaseMod","DNKmod","Friendly Minions","Hubris","Minty Spire (QoL Compilation)","Small Relic Pack","StSLib","The Animator"],"gold_per_floor":[1220,1236,762,151,165,165,206,216,243,260,292,292,292,331,331,406,406,420,440,94,104,104,159,159,178,203,119,144,220,15,40,40,113,138,154,172,22,47,47,99,115,167,219,270,282,301,353,353,353,353,353,353,353,791,841,896,921,118,118,205,285,285,110,230,255,280,36,176,321,321],"floor_reached":71,"language":"ENG","playtime":6326,"items_purged":["animator:Strike","animator:Defend","animator:Strike","animator:Strike","animator:Defend+1","animator:Defend+1"],"score":3367,"play_id":"a237c643-6e64-4d53-b94c-a96a8dcce4de","local_time":"20210204154734","is_ascension_mode":true,"campfire_choices":[{"data":"animator:EmiyaShirou","floor":6.0,"key":"SMITH"},{"floor":12.0,"key":"RECALL"},{"data":"animator:Berserker","floor":15.0,"key":"SMITH"},{"data":"animator:Hans","floor":24.0,"key":"SMITH"},{"data":"animator:Saber","floor":32.0,"key":"SMITH"},{"data":"1","floor":49.0,"key":"LIFT"},{"floor":53.0,"key":"REST"},{"data":"animator:Gilgamesh+8","floor":59.0,"key":"SMITH"}],"circlet_count":0,"master_deck":["AscendersBane","animator:Strike_Fate+1","animator:Defend_Fate+1","animator:Alexander+1","animator:Rider+1","animator:Rider+1","animator:Saber+1","animator:EmiyaShirou+1","animator:Illya+1","animator:Saber+1","animator:Assassin+1","animator:Berserker+1","animator:ShinjiMatou+1","animator:Hans+1","animator:Gilgamesh+22","animator:Caster+1","animator:Berserker+1","animator:Lancer+1","Writhe","animator:SakuraMatou+1","animator:Saber+1","animator:Eve+1","animator:ShinjiMatou+1","animator:EmiyaShirou+1","animator:Saber+1","animator:Biyorigo+1","animator:Darkness+1"],"relics":["animator:TheWolleyCore","animator:AncientMedallion"],"acts_visited":["Exordium","TheCity","TheBeyond","TheEnding","EYB:TheUnnamedReign"],"potions_floor_usage":[],"damage_taken":[{"damage":0.0,"enemies":"Cultist","floor":1.0,"turns":4.0},{"damage":0.0,"enemies":"2 Louse","floor":2.0,"turns":3.0},{"damage":7.0,"enemies":"Small Slimes","floor":5.0,"turns":2.0},{"damage":11.0,"enemies":"Gremlin Nob","floor":7.0,"turns":3.0},{"damage":0.0,"enemies":"2 Fungi Beasts","floor":8.0,"turns":2.0},{"damage":0.0,"enemies":"3 Louse","floor":10.0,"turns":2.0},{"damage":3.0,"enemies":"Lagavulin","floor":11.0,"turns":3.0},{"damage":0.0,"enemies":"3 Sentries","floor":14.0,"turns":3.0},{"damage":0.0,"enemies":"The Guardian","floor":16.0,"turns":4.0},{"damage":0.0,"enemies":"Chosen","floor":18.0,"turns":2.0},{"damage":2.0,"enemies":"Shell Parasite","floor":19.0,"turns":2.0},{"damage":2.0,"enemies":"Centurion and Healer","floor":21.0,"turns":3.0},{"damage":9.0,"enemies":"Slavers","floor":23.0,"turns":3.0},{"damage":10.0,"enemies":"Sentry and Sphere","floor":25.0,"turns":3.0},{"damage":0.0,"enemies":"Gremlin Leader","floor":29.0,"turns":3.0},{"damage":26.0,"enemies":"Collector","floor":33.0,"turns":5.0},{"damage":0.0,"enemies":"3 Darklings","floor":35.0,"turns":3.0},{"damage":0.0,"enemies":"Orb Walker","floor":36.0,"turns":1.0},{"damage":10.0,"enemies":"Reptomancer","floor":40.0,"turns":4.0},{"damage":0.0,"enemies":"Sphere and 2 Shapes","floor":41.0,"turns":2.0},{"damage":0.0,"enemies":"Nemesis","floor":42.0,"turns":3.0},{"damage":7.0,"enemies":"Reptomancer","floor":44.0,"turns":3.0},{"damage":0.0,"enemies":"Transient","floor":45.0,"turns":5.0},{"damage":11.0,"enemies":"4 Shapes","floor":46.0,"turns":3.0},{"damage":0.0,"enemies":"Nemesis","floor":47.0,"turns":3.0},{"damage":16.0,"enemies":"Awakened One","floor":50.0,"turns":4.0},{"damage":3.0,"enemies":"hubris:GrandSnecko","floor":51.0,"turns":4.0},{"damage":0.0,"enemies":"animator:UNNAMED_CULTIST_1","floor":55.0,"turns":4.0},{"damage":17.0,"enemies":"animator:TRIPLE_SHAPES_WEAK","floor":56.0,"turns":4.0},{"damage":0.0,"enemies":"animator:LARGE_WISP","floor":60.0,"turns":4.0},{"damage":19.0,"enemies":"animator:UNNAMED_CULTIST_2","floor":61.0,"turns":6.0},{"damage":0.0,"enemies":"animator:ULTIMATE_WISP","floor":64.0,"turns":5.0},{"damage":4.0,"enemies":"animator:ULTIMATE_CUBE","floor":68.0,"turns":5.0},{"damage":0.0,"enemies":"animator:ULTIMATE_CRYSTAL","floor":69.0,"turns":5.0}],"seed_played":"6421916275570634245","potions_obtained":[{"floor":5.0,"key":"Dexterity Potion"},{"floor":8.0,"key":"animator:FalseLifePotion"},{"floor":14.0,"key":"Ancient Potion"},{"floor":19.0,"key":"LiquidBronze"},{"floor":23.0,"key":"LiquidMemories"},{"floor":25.0,"key":"ColorlessPotion"},{"floor":35.0,"key":"PowerPotion"},{"floor":40.0,"key":"ColorlessPotion"},{"floor":45.0,"key":"AttackPotion"},{"floor":55.0,"key":"animator:FalseLifePotion"},{"floor":56.0,"key":"animator:FalseLifePotion"},{"floor":60.0,"key":"animator:FalseLifePotion"},{"floor":61.0,"key":"animator:FalseLifePotion"},{"floor":64.0,"key":"animator:FalseLifePotion"},{"floor":68.0,"key":"animator:FalseLifePotion"},{"floor":69.0,"key":"animator:FalseLifePotion"}],"is_trial":false,"path_per_floor":["M","M","$","$","M","R","E","M","T","M","E","R","?","E","R","B",null,"M","M","$","M","?","E","R","M","T","$","?","E","$","?","R","B",null,"M","M","$","?","?","E","M","E","T","E","M","M","E","?","R","B","B",null,"R","??","M","M","T","?","R","M","M","?","$","E","T","?","$","E","E","B",null],"character_chosen":"THE_ANIMATOR","items_purchased":["animator:Saber","animator:EmiyaShirou","hubris:TenFootPole","animator:Illya","hubris:MysteriousPyramids","DollysMirror","animator:Gilgamesh","TwistedFunnel","animator:Lancer","animator:Saber","animator:Darkness"],"campfire_rested":1,"item_purchase_floors":[3,3,3,4,4,4,20,20,27,30,67],"current_hp_per_floor":[500,500,500,500,493,493,482,483,483,483,480,480,480,480,480,480,504,504,504,504,504,504,498,498,490,490,490,490,492,492,492,492,468,506,508,508,508,491,491,481,481,483,483,476,478,467,471,471,471,457,454,483,492,91,91,74,74,74,74,91,72,72,72,91,91,91,91,87,91,62],"gold":321,"neow_bonus":"RANDOM_COMMON_RELIC","is_daily":false,"chose_seed":false,"campfire_upgraded":5,"win_rate":0.0,"timestamp":1612424854,"path_taken":["M","M","?","$","M","R","E","M","T","M","E","R","?","E","R","BOSS","M","?","$","M","?","E","R","M","T","$","?","E","$","?","R","BOSS","M","M","$","?","?","E","M","E","T","E","M","M","E","?","R","BOSS","BOSS","R","??","M","M","T","?","R","M","M","?","$","E","T","?","$","E","E","BOSS"],"items_purchased_type":["Card","Card","Relic","Card","Relic","Relic","Card","Relic","Card","Card","Card"],"build_version":"2020-12-22","purchased_purges":6,"victory":true,"max_hp_per_floor":[500,500,500,500,500,500,500,501,501,501,501,501,501,501,501,501,509,506,508,508,510,510,513,513,515,515,515,515,517,517,517,517,519,519,521,519,519,519,519,517,514,516,516,514,516,514,518,492,492,494,492,492,492,91,91,91,91,91,91,91,91,91,91,91,91,91,91,91,91,91],"card_choices":[{"not_picked":["animator:Konayuki","animator:WinryRockbell"],"picked":"animator:Rider","floor":1.0},{"not_picked":["animator:Ara","animator:Raven","animator:Konayuki"],"picked":"SKIP","floor":2.0},{"not_picked":["animator:ElricAlphonse","animator:YuiTsuruno","animator:Eris"],"picked":"SKIP","floor":5.0},{"not_picked":["animator:Lancer","animator:Alexander"],"picked":"animator:Assassin","floor":7.0},{"not_picked":["animator:HigakiRinne","animator:SuzuneAmano"],"picked":"animator:Berserker","floor":8.0},{"not_picked":["animator:Mitsurugi","animator:Azekura","animator:Togame"],"picked":"SKIP","floor":10.0},{"not_picked":["animator:SayakaMiki","animator:ElricAlphonse","animator:Vanir"],"picked":"SKIP","floor":11.0},{"not_picked":["animator:Caster","animator:Rider"],"picked":"animator:ShinjiMatou","floor":14.0},{"not_picked":["animator:Eris","animator:Father"],"picked":"animator:Hans","floor":16.0},{"not_picked":["animator:NagisaMomoe","animator:MaesHughes","animator:Mitsurugi"],"picked":"SKIP","floor":18.0},{"not_picked":["animator:Konayuki","animator:Vanir","animator:Aqua"],"picked":"SKIP","floor":19.0},{"not_picked":["animator:TsurugaMeisai+1","animator:Hitei","animator:Laby"],"picked":"SKIP","floor":21.0},{"not_picked":["animator:Rider","animator:Illya"],"picked":"animator:Caster","floor":23.0},{"not_picked":["animator:Azekura","animator:ElricEdward"],"picked":"animator:Berserker","floor":25.0},{"not_picked":["animator:Darkness","animator:UneriGinkaku"],"picked":"animator:SakuraMatou+1","floor":29.0},{"not_picked":["animator:Wiz","animator:Hans"],"picked":"animator:Eve","floor":33.0},{"not_picked":["animator:Aqua+1","animator:Lu","animator:OrikoMikuni"],"picked":"SKIP","floor":35.0},{"not_picked":["animator:Caster","animator:Illya"],"picked":"animator:ShinjiMatou","floor":36.0},{"not_picked":["animator:ShinjiMatou","animator:UneriGinkaku"],"picked":"animator:EmiyaShirou","floor":40.0},{"not_picked":["animator:WinryRockbell","animator:Rider+1","animator:OrikoMikuni","BowlingBash"],"picked":"SKIP","floor":41.0},{"not_picked":["animator:ElricAlphonse+1","animator:UneriGinkaku","Collect"],"picked":"animator:Saber","floor":42.0},{"not_picked":["animator:Berserker+1","animator:Chris+1","animator:Chung","Crescendo"],"picked":"SKIP","floor":45.0},{"not_picked":["animator:Assassin+1","animator:ShinjiMatou","animator:UneriGinkaku+1","CutThroughFate"],"picked":"SKIP","floor":46.0},{"not_picked":["animator:Shichika","animator:Scar","animator:UneriGinkaku","Evaluate"],"picked":"Singing Bowl","floor":47.0},{"not_picked":["animator:Aqua","animator:WinryRockbell","animator:Sloth"],"picked":"SKIP","floor":55.0},{"not_picked":["animator:Raven","animator:Hitei","animator:SuzuneAmano"],"picked":"SKIP","floor":56.0},{"not_picked":["animator:Caster+1","animator:Illya"],"picked":"animator:Biyorigo","floor":60.0},{"not_picked":["animator:KyokoSakura+1","animator:Konayuki","animator:YuiTsuruno+1"],"picked":"SKIP","floor":61.0},{"not_picked":["animator:Aqua","animator:Chung","animator:Verdia+1"],"picked":"SKIP","floor":64.0},{"not_picked":["animator:Add","animator:Illya+1","animator:IrohaTamaki+1"],"picked":"SKIP","floor":68.0},{"not_picked":["animator:MamiTomoe","animator:Ciel","animator:UneriGinkaku"],"picked":"SKIP","floor":69.0}],"player_experience":812543,"relics_obtained":[{"floor":7.0,"key":"Turnip"},{"floor":11.0,"key":"Mummified Hand"},{"floor":14.0,"key":"Sundial"},{"floor":23.0,"key":"animator:Buoy"},{"floor":26.0,"key":"hubris:CrystalStatue"},{"floor":29.0,"key":"Whetstone"},{"floor":40.0,"key":"hubris:DisguiseKit"},{"floor":42.0,"key":"Girya"},{"floor":43.0,"key":"Boot"},{"floor":44.0,"key":"Gambling Chip"},{"floor":47.0,"key":"Singing Bowl"},{"floor":54.0,"key":"animator:TheWolleyCore"},{"floor":54.0,"key":"animator:AncientMedallion"},{"floor":57.0,"key":"animator:AncientMedallion"},{"floor":58.0,"key":"animator:AncientMedallion"},{"floor":58.0,"key":"animator:AncientMedallion"},{"floor":58.0,"key":"animator:AncientMedallion"},{"floor":58.0,"key":"animator:AncientMedallion"},{"floor":64.0,"key":"animator:AncientMedallion"},{"floor":65.0,"key":"animator:AncientMedallion"},{"floor":68.0,"key":"animator:AncientMedallion"},{"floor":69.0,"key":"animator:AncientMedallion"}],"event_choices":[{"damage_healed":0.0,"max_hp_gain":0.0,"max_hp_loss":0.0,"gold_gain":0.0,"event_name":"Accursed Blacksmith","player_choice":"Forge","floor":13.0,"gold_loss":0.0,"damage_taken":0.0,"cards_upgraded":["animator:Rider"]},{"damage_healed":0.0,"max_hp_gain":0.0,"max_hp_loss":0.0,"gold_gain":0.0,"event_name":"The Mausoleum","player_choice":"Opened","floor":28.0,"gold_loss":0.0,"damage_taken":0.0,"relics_obtained":["Oddly Smooth Stone"],"cards_obtained":["Writhe"]},{"damage_healed":0.0,"max_hp_gain":0.0,"max_hp_loss":26.0,"gold_gain":0.0,"event_name":"Winding Halls","player_choice":"Max HP","floor":48.0,"gold_loss":0.0,"damage_taken":0.0}],"is_beta":false,"boss_relics":[{"not_picked":["Ectoplasm","hubris:CrackedHourglass"],"picked":"animator:HolyGrailRelic"},{"not_picked":["hubris:VirtuousBlindfold","Velvet Choker"],"picked":"Philosopher\u0027s Stone"}],"items_purged_floors":[3,4,30,37,63,67],"is_endless":false,"potions_floor_spawned":[5,8,11,14,19,23,25,35,40,45,46,56,60,61,64],"ascension_level":20}}