{"host":"aw4z6ztdqz1doup7","time":1612437092,"event":{"mods":["AchievementEnabler","BaseMod","Colored Powertips","Minty Spire (QoL Compilation)"],"gold_per_floor":[110,110,110,35,35,35,55,69,69,19,35,76,95,119,119,119,119],"floor_reached":16,"language":"ENG","playtime":777,"items_purged":["Strike_P"],"score":102,"play_id":"69aa4a87-ef12-4804-bbff-4530bc8aa01b","local_time":"20210204121132","is_ascension_mode":false,"campfire_choices":[{"data":"Eruption","floor":6,"key":"SMITH"},{"floor":15,"key":"REST"}],"circlet_count":0,"master_deck":["Strike_P","Strike_P","Defend_P","Defend_P","Defend_P","Eruption+1","Vigilance","Conclude","Halt"],"relics":["PureWater","Pen Nib","Golden Idol","PreservedInsect"],"acts_visited":["Exordium"],"potions_floor_usage":[8,12,16],"damage_taken":[{"damage":0,"enemies":"Cultist","floor":1,"turns":2},{"damage":0,"enemies":"2 Louse","floor":7,"turns":2},{"damage":0,"enemies":"Jaw Worm","floor":8,"turns":1},{"damage":18,"enemies":"Large Slime","floor":11,"turns":5},{"damage":33,"enemies":"Gremlin Nob","floor":12,"turns":5},{"damage":14,"enemies":"Exordium Wildlife","floor":13,"turns":11},{"damage":0,"enemies":"2 Fungi Beasts","floor":14,"turns":2},{"damage":41,"enemies":"Hexaghost","floor":16,"turns":7}],"seed_played":"7810408487574439547","potions_obtained":[{"floor":1,"key":"AttackPotion"},{"floor":8,"key":"BlessingOfTheForge"},{"floor":14,"key":"Regen Potion"}],"is_trial":false,"path_per_floor":["M","?","?","$","?","R","M","M","T","?","M","E","M","M","R","B"],"character_chosen":"WATCHER","items_purchased":[],"campfire_rested":1,"item_purchase_floors":[],"current_hp_per_floor":[72,65,65,65,70,70,70,70,70,70,52,19,5,5,26,0,0],"gold":119,"neow_bonus":"RANDOM_COMMON_RELIC","is_daily":false,"chose_seed":false,"campfire_upgraded":1,"win_rate":0.0,"timestamp":1612437092,"path_taken":["M","?","?","?","?","R","?","M","T","?","M","E","M","M","R","BOSS"],"items_purchased_type":[],"build_version":"2020-12-22","purchased_purges":1,"victory":false,"max_hp_per_floor":[72,72,67,67,72,72,72,72,72,72,72,72,72,72,72,72,72],"card_choices":[{"not_picked":["Adaptation","SandsOfTime","JustLucky"],"picked":"SKIP","floor":1},{"not_picked":["BowlingBash","Crescendo","Weave"],"picked":"SKIP","floor":7},{"not_picked":["FollowUp","Scrawl","JustLucky"],"picked":"SKIP","floor":8},{"not_picked":["Indignation","CrushJoints","MentalFortress"],"picked":"SKIP","floor":11},{"not_picked":["SashWhip","EmptyFist","ThirdEye"],"picked":"SKIP","floor":12},{"not_picked":["Indignation","SashWhip"],"picked":"Conclude","floor":13},{"not_picked":["FlyingSleeves","FollowUp"],"picked":"Halt","floor":14}],"player_experience":590159,"relics_obtained":[{"floor":12,"key":"PreservedInsect"}],"event_choices":[{"cards_removed":["Strike_P"],"damage_healed":0,"gold_gain":0,"player_choice":"Card Removal","damage_taken":7,"max_hp_gain":0,"max_hp_loss":0,"event_name":"Golden Wing","floor":2,"gold_loss":0},{"damage_healed":0,"gold_gain":0,"player_choice":"Lose Max HP","damage_taken":0,"relics_obtained":["Golden Idol"],"max_hp_gain":0,"max_hp_loss":5,"event_name":"Golden Idol","floor":3,"gold_loss":0},{"damage_healed":0,"gold_gain":0,"player_choice":"Donut","damage_taken":0,"max_hp_gain":5,"max_hp_loss":0,"event_name":"Big Fish","floor":5,"gold_loss":0},{"cards_removed":["Defend_P"],"damage_healed":0,"gold_gain":0,"player_choice":"Card Removal","damage_taken":0,"max_hp_gain":0,"max_hp_loss":0,"event_name":"The Cleric","floor":10,"gold_loss":50}],"is_beta":false,"boss_relics":[],"items_purged_floors":[4],"is_endless":false,"potions_floor_spawned":[1,8,14],"killed_by":"Hexaghost","ascension_level":0}}