{"host":"6pic12dj9p7186mz","time":1612480987,"event":{"mods":["BaseMod","Minty Spire (QoL Compilation)","Permanent Neow","Relic Stats","StSLib"],"gold_per_floor":[116,136,136,211,14,39,52,84,84,113,133,133,148,159,159,256,256,273,273,288,288,315,315,315],"floor_reached":23,"language":"ENG","playtime":934,"items_purged":[],"score":243,"play_id":"bc7ac822-1aea-45fe-b9f0-8f03609c37c8","local_time":"20210204172307","is_ascension_mode":true,"campfire_choices":[{"data":"Metallicize","floor":15,"key":"SMITH"}],"circlet_count":0,"master_deck":["Strike_R","Strike_R","Strike_R","Strike_R","Strike_R","Defend_R","Bash","Flex","Perfected Strike","Metallicize+1","Perfected Strike","Shrug It Off","Thunderclap","Impervious","Pommel Strike","Pommel Strike","Pommel Strike","Demon Form","Dual Wield+1","Twin Strike","Twin Strike+1"],"relics":["Burning Blood","PreservedInsect","Shuriken","Champion Belt","Eternal Feather","Meat on the Bone","Sozu","Nilry\u0027s Codex","Red Mask"],"acts_visited":["Exordium","TheCity"],"potions_floor_usage":[11,13,16,22],"damage_taken":[{"damage":7,"enemies":"Jaw Worm","floor":1,"turns":3},{"damage":9,"enemies":"Small Slimes","floor":2,"turns":4},{"damage":16,"enemies":"Gremlin Nob","floor":6,"turns":3},{"damage":0,"enemies":"2 Louse","floor":7,"turns":2},{"damage":29,"enemies":"Lagavulin","floor":8,"turns":6},{"damage":20,"enemies":"3 Sentries","floor":10,"turns":4},{"damage":6,"enemies":"Gremlin Gang","floor":11,"turns":5},{"damage":6,"enemies":"3 Louse","floor":13,"turns":2},{"damage":0,"enemies":"2 Fungi Beasts","floor":14,"turns":3},{"damage":36,"enemies":"Hexaghost","floor":16,"turns":8},{"damage":4,"enemies":"Chosen","floor":18,"turns":3},{"damage":19,"enemies":"Shell Parasite","floor":20,"turns":4},{"damage":37,"enemies":"Masked Bandits","floor":22,"turns":5},{"damage":2,"enemies":"Gremlin Leader","floor":23,"turns":2}],"seed_played":"-755136111020991180","potions_obtained":[{"floor":1,"key":"BloodPotion"},{"floor":7,"key":"ColorlessPotion"},{"floor":8,"key":"BloodPotion"},{"floor":11,"key":"DuplicationPotion"},{"floor":13,"key":"BlessingOfTheForge"},{"floor":16,"key":"Regen Potion"}],"is_trial":false,"path_per_floor":["M","M","?","?","$","E","M","E","T","E","M","?","M","M","R","B",null,"M","?","M","?","?","E"],"character_chosen":"IRONCLAD","items_purchased":["PreservedInsect","Perfected Strike"],"campfire_rested":0,"item_purchase_floors":[5,5],"current_hp_per_floor":[79,76,76,65,65,55,61,38,38,24,52,52,52,58,67,49,80,80,64,51,36,34,32,32],"gold":315,"neow_bonus":"TRANSFORM_CARD","is_daily":false,"chose_seed":false,"campfire_upgraded":1,"win_rate":0.0,"timestamp":1612480987,"path_taken":["M","M","?","?","$","E","M","E","T","E","M","?","M","?","R","BOSS","M","?","M","?","?","E"],"items_purchased_type":["Relic","Card"],"build_version":"2020-12-22","purchased_purges":0,"victory":false,"max_hp_per_floor":[80,80,80,80,80,80,80,80,80,80,80,80,80,80,80,80,80,80,80,80,85,85,85,85],"relic_stats":{"Sozu":1,"counters":[14,54],"Shuriken":[12],"Eternal Feather":9,"PreservedInsect":127,"Champion Belt":[17],"obtain_stats":[{"Sozu":17,"Shuriken":6,"Nilry\u0027s Codex":19,"Eternal Feather":9,"PreservedInsect":5,"Red Mask":22,"Champion Belt":8,"Burning Blood":0,"Meat on the Bone":10},{"Sozu":10,"Shuriken":3,"Nilry\u0027s Codex":11,"Eternal Feather":5,"PreservedInsect":2,"Red Mask":13,"Champion Belt":5,"Burning Blood":0,"Meat on the Bone":6},{"Sozu":40,"Shuriken":10,"Nilry\u0027s Codex":43,"Eternal Feather":18,"PreservedInsect":7,"Red Mask":52,"Champion Belt":18,"Burning Blood":0,"Meat on the Bone":22}],"Burning Blood":76,"Meat on the Bone":36},"card_choices":[{"not_picked":["Combust","Clash"],"picked":"Perfected Strike","floor":1},{"not_picked":["Sever Soul","Shrug It Off"],"picked":"Metallicize","floor":2},{"not_picked":["Evolve","Body Slam"],"picked":"Shrug It Off","floor":6},{"not_picked":["Rampage","Heavy Blade","Body Slam"],"picked":"SKIP","floor":7},{"not_picked":["Reckless Charge","Anger"],"picked":"Thunderclap","floor":8},{"not_picked":["Fiend Fire","Juggernaut"],"picked":"Impervious","floor":10},{"not_picked":["Sword Boomerang","Clothesline"],"picked":"Pommel Strike","floor":11},{"not_picked":["Shrug It Off","Wild Strike"],"picked":"Pommel Strike","floor":13},{"not_picked":["Carnage","Iron Wave"],"picked":"Pommel Strike","floor":14},{"not_picked":["Brutality","Fiend Fire"],"picked":"Demon Form","floor":16},{"not_picked":["Flame Barrier","Dark Embrace"],"picked":"Dual Wield+1","floor":18},{"not_picked":["Clash","Second Wind"],"picked":"Twin Strike","floor":20},{"not_picked":["Dropkick+1","Anger+1"],"picked":"Twin Strike+1","floor":22}],"player_experience":29933,"relics_obtained":[{"floor":6,"key":"Shuriken"},{"floor":8,"key":"Champion Belt"},{"floor":9,"key":"Eternal Feather"},{"floor":10,"key":"Meat on the Bone"},{"floor":19,"key":"Nilry\u0027s Codex"},{"floor":22,"key":"Red Mask"}],"event_choices":[{"cards_removed":["Defend_R"],"damage_healed":0,"gold_gain":0,"player_choice":"Forget","damage_taken":0,"max_hp_gain":0,"max_hp_loss":0,"event_name":"Living Wall","floor":3,"gold_loss":0},{"damage_healed":0,"gold_gain":75,"player_choice":"Gather Gold","damage_taken":11,"max_hp_gain":0,"max_hp_loss":0,"event_name":"World of Goop","floor":4,"gold_loss":0},{"cards_removed":["Defend_R"],"damage_healed":0,"gold_gain":0,"player_choice":"Offered Basic","damage_taken":0,"max_hp_gain":0,"max_hp_loss":0,"event_name":"Bonfire Elementals","floor":12,"gold_loss":0},{"damage_healed":0,"gold_gain":0,"player_choice":"Obtained Book","damage_taken":16,"max_hp_gain":0,"max_hp_loss":0,"event_name":"Cursed Tome","floor":19,"gold_loss":0},{"damage_healed":0,"gold_gain":0,"player_choice":"Shed Blood","damage_taken":20,"max_hp_gain":5,"max_hp_loss":0,"event_name":"Forgotten Altar","floor":21,"gold_loss":0},{"damage_healed":0,"gold_gain":0,"player_choice":"Fought Bandits","damage_taken":0,"max_hp_gain":0,"max_hp_loss":0,"event_name":"Masked Bandits","floor":22,"gold_loss":0}],"is_beta":false,"boss_relics":[{"not_picked":["SacredBark","Calling Bell"],"picked":"Sozu"}],"items_purged_floors":[],"is_endless":false,"potions_floor_spawned":[1,7,8,11,13,16,22],"killed_by":"Gremlin Leader","ascension_level":3}}