{"host":"5jdby9iqu3ct6557","time":1612416403,"event":{"mods":["BaseMod","DeckTracker","Highlight Path","Minty Spire (QoL Compilation)","Relic Stats","StSLib"],"gold_per_floor":[117,129,4,18,18,47,64,64,137,137,8,8,27,46,46,121,121,139,139,139,152,165,165,182,182,260,260,260],"floor_reached":27,"language":"ENG","playtime":3318,"items_purged":["Strike_G"],"score":430,"play_id":"6cebfd69-1ae5-428f-b384-2e98c6270006","local_time":"20210204002643","is_ascension_mode":true,"campfire_choices":[{"data":"Flechettes","floor":10,"key":"SMITH"},{"floor":12,"key":"REST"},{"data":"Deadly Poison","floor":15,"key":"SMITH"},{"data":"Wraith Form v2","floor":23,"key":"SMITH"},{"floor":25,"key":"REST"}],"circlet_count":0,"master_deck":["AscendersBane","Strike_G","Strike_G","Defend_G","Defend_G","Defend_G","Defend_G","Defend_G","Survivor","Neutralize","Flechettes+1","Flying Knee","Crippling Poison","Backstab","Deadly Poison+1","Escape Plan","Cloak And Dagger","Wraith Form v2+1","Dodge and Roll","Finisher","Backflip","Well Laid Plans+1","Footwork","Clumsy"],"relics":["Ring of the Snake","Unceasing Top","FaceOfCleric","Kunai","Cursed Key","Paper Crane"],"acts_visited":["Exordium","TheCity"],"potions_floor_usage":[6,16,16,22,22],"damage_taken":[{"damage":4,"enemies":"Small Slimes","floor":1,"turns":5},{"damage":0,"enemies":"2 Louse","floor":2,"turns":2},{"damage":0,"enemies":"Cultist","floor":4,"turns":2},{"damage":28,"enemies":"Lagavulin","floor":6,"turns":6},{"damage":14,"enemies":"Exordium Thugs","floor":7,"turns":5},{"damage":0,"enemies":"Looter","floor":13,"turns":3},{"damage":2,"enemies":"Blue Slaver","floor":14,"turns":4},{"damage":28,"enemies":"The Guardian","floor":16,"turns":10},{"damage":1,"enemies":"3 Byrds","floor":18,"turns":6},{"damage":2,"enemies":"2 Thieves","floor":21,"turns":4},{"damage":10,"enemies":"3 Cultists","floor":22,"turns":6},{"damage":3,"enemies":"Snecko","floor":24,"turns":6},{"damage":82,"enemies":"Slavers","floor":27,"turns":13}],"seed_played":"8562411117043937482","potions_obtained":[{"floor":2,"key":"Swift Potion"},{"floor":6,"key":"Swift Potion"},{"floor":16,"key":"Energy Potion"},{"floor":18,"key":"Fire Potion"}],"is_trial":false,"path_per_floor":["M","M","$","M","?","E","M","?","T","R","$","R","M","M","R","B",null,"M","?","T","M","M","R","M","R","T","E"],"character_chosen":"THE_SILENT","items_purchased":["Crippling Poison","Backstab","Energy Potion"],"campfire_rested":2,"item_purchase_floors":[3,3,11],"current_hp_per_floor":[61,61,61,61,61,33,19,19,19,19,19,40,41,40,40,13,60,60,60,60,59,50,50,48,71,71,0,0],"gold":260,"neow_bonus":"TEN_PERCENT_HP_BONUS","is_daily":false,"chose_seed":false,"campfire_upgraded":3,"win_rate":0.0,"timestamp":1612416403,"path_taken":["M","M","$","M","?","E","M","?","T","R","$","R","M","?","R","BOSS","M","?","?","?","M","R","M","R","T","E"],"items_purchased_type":["Card","Card","Potion"],"build_version":"2020-12-22","purchased_purges":1,"victory":false,"max_hp_per_floor":[72,72,72,72,72,72,72,72,72,72,72,72,73,74,74,75,75,76,76,76,77,78,78,79,79,79,79,79],"relic_stats":{"FaceOfCleric":7,"counters":[13,72],"Kunai":[12],"Cursed Key":1,"obtain_stats":[{"FaceOfCleric":8,"Kunai":9,"Paper Crane":26,"Cursed Key":17,"Unceasing Top":6,"Ring of the Snake":0},{"FaceOfCleric":5,"Kunai":5,"Paper Crane":12,"Cursed Key":8,"Unceasing Top":4,"Ring of the Snake":0},{"FaceOfCleric":20,"Kunai":20,"Paper Crane":59,"Cursed Key":37,"Unceasing Top":15,"Ring of the Snake":0}],"Unceasing Top":[8],"Ring of the Snake":[26]},"card_choices":[{"not_picked":["Deadly Poison","Slice"],"picked":"Flechettes","floor":1},{"not_picked":["Cloak And Dagger","Slice"],"picked":"Flying Knee","floor":2},{"not_picked":["Deflect","Choke"],"picked":"Deadly Poison","floor":4},{"not_picked":["Poisoned Stab","Phantasmal Killer"],"picked":"Escape Plan","floor":6},{"not_picked":["Prepared","Distraction"],"picked":"Cloak And Dagger","floor":13},{"not_picked":["Unload","Adrenaline"],"picked":"Wraith Form v2","floor":16},{"not_picked":["Calculated Gamble","Dodge and Roll"],"picked":"Backflip","floor":21},{"not_picked":["Bane","Cloak And Dagger"],"picked":"Well Laid Plans+1","floor":22},{"not_picked":["Backflip","Prepared"],"picked":"Footwork","floor":24}],"player_experience":2507545,"relics_obtained":[{"floor":6,"key":"Unceasing Top"},{"floor":9,"key":"Kunai"},{"floor":26,"key":"Paper Crane"}],"event_choices":[{"damage_healed":0,"gold_gain":0,"player_choice":"Ignored","damage_taken":0,"max_hp_gain":0,"max_hp_loss":0,"event_name":"Liars Game","floor":5,"gold_loss":0},{"damage_healed":0,"gold_gain":0,"player_choice":"Trade","damage_taken":0,"relics_obtained":["FaceOfCleric"],"max_hp_gain":0,"max_hp_loss":0,"event_name":"FaceTrader","floor":8,"gold_loss":0},{"damage_healed":0,"gold_gain":0,"cards_transformed":["Strike_G","Strike_G"],"player_choice":"Became Test Subject","damage_taken":0,"max_hp_gain":0,"max_hp_loss":0,"event_name":"Drug Dealer","floor":19,"gold_loss":0,"cards_obtained":["Dodge and Roll","Finisher"]}],"is_beta":false,"boss_relics":[{"not_picked":["Pandora\u0027s Box","Philosopher\u0027s Stone"],"picked":"Cursed Key"}],"items_purged_floors":[11],"is_endless":false,"potions_floor_spawned":[2,6,13,16,18],"killed_by":"Slavers","ascension_level":20}}