{"host":"hm2va3obgs5yv0m7","time":1612402907,"event":{"mods":["AchievementEnabler","Act Like it!","BaseMod","Conspire","Infinite Spire","Marisa（F雨　魔理沙）","Minty Spire (QoL Compilation)","Prisma Mod","Relic Stats","Replay The Spire","Spicy Shops","StSLib","The Animator","The Cursed","The Servant 0.9.4","WarShipGirlsR/战舰少女R mod"],"gold_per_floor":[117,137,137,137,62,62,80,80,80,80,106,106,121,151,151,256,256,268,288,307,326,343,378,397,397,397],"floor_reached":25,"language":"ZHS","playtime":3109,"items_purged":["Defend_P"],"score":359,"play_id":"c405578a-ea75-48cb-96b8-461990339ce1","local_time":"20210204094147","is_ascension_mode":false,"campfire_choices":[{"data":"Eruption","floor":6.0,"key":"SMITH"},{"data":"BattleHymn","floor":8.0,"key":"SMITH"},{"data":"CutThroughFate","floor":12.0,"key":"SMITH"},{"data":"CrushJoints","floor":15.0,"key":"SMITH"}],"circlet_count":0,"master_deck":["Strike_P","Strike_P","Strike_P","Defend_P","Defend_P","Eruption+1","Vigilance","CutThroughFate+1","TalkToTheHand","ForeignInfluence","Steam","BattleHymn+1","Weave","CrushJoints+1","TalkToTheHand","CurseOfTheBell","FlurryOfBlows","ClearTheMind","Weave","Weave","Crescendo"],"relics":["Cursed Key","Darkstone Periapt","Spirit Poop","Replay:Baseball","infinitespire:PuzzleCube","Calling Bell","Toy Ornithopter","conspire:Flyswatter","Thread and Needle","Chameleon Ring"],"acts_visited":["Exordium","TheCity"],"potions_floor_usage":[25],"damage_taken":[{"damage":0.0,"enemies":"Small Slimes","floor":1.0,"turns":2.0},{"damage":3.0,"enemies":"Jaw Worm","floor":2.0,"turns":3.0},{"damage":0.0,"enemies":"Cultist","floor":7.0,"turns":2.0},{"damage":5.0,"enemies":"Gremlin Nob","floor":11.0,"turns":4.0},{"damage":0.0,"enemies":"Looter","floor":13.0,"turns":2.0},{"damage":7.0,"enemies":"Lagavulin","floor":14.0,"turns":3.0},{"damage":46.0,"enemies":"Hexaghost","floor":16.0,"turns":3.0},{"damage":35.0,"enemies":"2 Thieves","floor":18.0,"turns":4.0},{"damage":1.0,"enemies":"Spheric Guardian","floor":19.0,"turns":3.0},{"damage":1,"enemies":"Snake Plant","floor":20,"turns":5},{"damage":6,"enemies":"Chosen and Byrds","floor":21,"turns":4},{"damage":1,"enemies":"Shelled Parasite and Fungi","floor":22,"turns":4},{"damage":0,"enemies":"conspire:Head Lice","floor":23,"turns":3},{"damage":5,"enemies":"3 Cultists","floor":24,"turns":4},{"damage":36,"enemies":"Nightmare","floor":25,"turns":7}],"seed_played":"980845491276653372","potions_obtained":[{"floor":7.0,"key":"Elixir"},{"floor":11.0,"key":"Languid Potion"},{"floor":13.0,"key":"Weak Potion"},{"floor":20,"key":"Energy Potion"}],"is_trial":false,"path_per_floor":["M","M","?","?","$","R","M","R","T","?","E","R","M","E","R","B",null,"M","M","M","M","M","E","M","NM"],"character_chosen":"WATCHER","items_purchased":[],"campfire_rested":0,"item_purchase_floors":[],"current_hp_per_floor":[72,69,69,72,72,72,72,72,72,72,67,67,67,60,60,14,78,43,42,41,35,34,34,29,0,0],"gold":397,"neow_bonus":"BOSS_RELIC","is_daily":false,"chose_seed":false,"campfire_upgraded":4,"win_rate":0.0,"timestamp":1612402907,"path_taken":["M","M","?","?","$","R","?","R","T","?","E","R","M","E","R","BOSS","M","?","M","M","?","E","?","NM"],"items_purchased_type":[],"build_version":"2020-12-22","purchased_purges":1,"victory":false,"max_hp_per_floor":[72,72,72,72,72,72,72,72,72,72,72,72,72,72,72,72,78,78,78,78,78,78,78,78,78,78],"relic_stats":{"Darkstone Periapt":6,"counters":[15,53],"Cursed Key":1,"obtain_stats":[{"Darkstone Periapt":9,"Calling Bell":17,"Replay:Baseball":11,"Chameleon Ring":23,"Spirit Poop":10,"Thread and Needle":17,"PureWater":0,"Cursed Key":0,"infinitespire:PuzzleCube":14,"Toy Ornithopter":17,"conspire:Flyswatter":17},{"Darkstone Periapt":3,"Calling Bell":7,"Replay:Baseball":4,"Chameleon Ring":13,"Spirit Poop":3,"Thread and Needle":7,"PureWater":0,"Cursed Key":0,"infinitespire:PuzzleCube":6,"Toy Ornithopter":7,"conspire:Flyswatter":7},{"Darkstone Periapt":7,"Calling Bell":19,"Replay:Baseball":11,"Chameleon Ring":42,"Spirit Poop":7,"Thread and Needle":19,"PureWater":0,"Cursed Key":0,"infinitespire:PuzzleCube":16,"Toy Ornithopter":19,"conspire:Flyswatter":19}],"Toy Ornithopter":5},"card_choices":[{"not_picked":["Evaluate","EmptyMind"],"picked":"CutThroughFate","floor":1.0},{"not_picked":["Fasting2","Worship"],"picked":"TalkToTheHand","floor":2.0},{"not_picked":["CarveReality","Replay:Vibes"],"picked":"BattleHymn","floor":7.0},{"not_picked":["Meditate","Protect"],"picked":"Weave","floor":11.0},{"not_picked":["Prostrate","Tantrum"],"picked":"CrushJoints","floor":13.0},{"not_picked":["Pray","Adaptation"],"picked":"TalkToTheHand","floor":14.0},{"not_picked":["Replay:AtTheReady","FollowUp+1"],"picked":"FlurryOfBlows","floor":18.0},{"not_picked":["Replay:BluntJabs+1","Replay:Anticipation","ThirdEye"],"picked":"SKIP","floor":19.0},{"not_picked":["ConjureBlade","PathToVictory"],"picked":"ClearTheMind","floor":20},{"not_picked":["Replay:Vibes+1","Worship"],"picked":"Weave","floor":21},{"not_picked":["Replay:AtTheReady+1","Replay:Vibes+1"],"picked":"Weave","floor":22},{"not_picked":["FlyingSleeves","BattleHymn","Fasting2+1"],"picked":"SKIP","floor":23},{"not_picked":["EmptyFist","Replay:BluntJabs+1"],"picked":"Crescendo","floor":24}],"player_experience":106270,"relics_obtained":[{"floor":9.0,"key":"Darkstone Periapt"},{"floor":11.0,"key":"Replay:Baseball"},{"floor":14.0,"key":"infinitespire:PuzzleCube"},{"floor":17.0,"key":"Toy Ornithopter"},{"floor":17.0,"key":"conspire:Flyswatter"},{"floor":17.0,"key":"Thread and Needle"},{"floor":23,"key":"Chameleon Ring"}],"event_choices":[{"damage_healed":3.0,"max_hp_gain":0.0,"max_hp_loss":0.0,"gold_gain":0.0,"event_name":"Wheel of Change","player_choice":"Full Heal","floor":4.0,"gold_loss":0.0,"damage_taken":0.0},{"cards_removed":["animator:Curse_GriefSeed"],"damage_healed":0.0,"max_hp_gain":0.0,"max_hp_loss":0.0,"gold_gain":0.0,"event_name":"Bonfire Elementals","player_choice":"Offered Curse","floor":10.0,"gold_loss":0.0,"damage_taken":0.0,"relics_obtained":["Spirit Poop"]}],"is_beta":false,"boss_relics":[{"not_picked":["Velvet Choker","Ectoplasm"],"picked":"Calling Bell"}],"items_purged_floors":[5],"is_endless":false,"potions_floor_spawned":[7,11,13,16,19,20,21,24],"killed_by":"Nightmare","ascension_level":0}}