{"host":"yq2wmfr0u0wuvxc0","time":1612400433,"event":{"mods":["Act Like it!","Aspiration","BaseMod","Colored Powertips","Curses Come First","Defuse TimeMaze Blight","Downfall","Friendly Minions","Gensokyo","Gremlin Mod","Hallownest","Hubris","Infinite Spire","Koishi","Marisa????????","Minty Spire (QoL Compilation)","Pale of the Ancients","Quick Restart","Rare Cards Sparkle","Remilia??????","Shop Mod","Smile Girya","Spicy Shops","StSLib","The Servant 0.9.4","Wide Potions","Youmu??????"],"gold_per_floor":[99,118,135,135,135,151,176,214,33,33,60,60,71,107,122,235,235,235,250,11,11,29,29,29,12,12,41,85,85,110,142,155,267,267,67,87,87,61,213,242,242,130,130,167,187,196,96,96,115,115,115,152,28,28,28,28],"floor_reached":57,"language":"ZHS","playtime":3593,"items_purged":["champ:Strike","champ:Strike","champ:Defend","champ:Defend","Pain","Regret"],"score":1779,"play_id":"4f6fa993-a6f2-44f8-88d3-250de3e75af3","local_time":"20210203170033","is_ascension_mode":true,"campfire_choices":[{"data":"champ:Taunt","floor":1.0,"key":"SMITH"},{"data":"champ:Lariat","floor":12.0,"key":"SMITH"},{"data":"champ:TripleStrike","floor":18.0,"key":"SMITH"},{"data":"champ:BerserkerStyle","floor":26.0,"key":"SMITH"},{"data":"champ:RapidStrikes","floor":29.0,"key":"SMITH"},{"data":"Barricade","floor":35.0,"key":"SMITH"},{"floor":43,"key":"RECALL"},{"data":"champ:UltimateStance","floor":47,"key":"SMITH"},{"data":"champ:DefensiveShout","floor":54,"key":"SMITH"}],"circlet_count":0,"master_deck":["champ:Defend","champ:Execute","champ:Taunt+1","champ:HeavySlash","champ:ArenaPreparation","champ:Lariat+1","champ:CrookedStrike","champ:RapidStrikes+1","Quick Slash","Backstab","Setup","champ:ShieldSigil","champ:TripleStrike+1","champ:BerserkerStyle+1","champ:FanOfKnives","champ:FocusedBerserking","champ:DefensiveShout+1","champ:GutPunch+1","Barricade+1","Seeing Red","champ:AdrenalArmor+1","Parasite","champ:FancyFootwork+1","champ:EndlessRage","champ:UltimateStance+1","Violence","champ:StanceDance+1","champ:HeartStrike+1","champ:AdrenalArmor"],"relics":["champ:ChampionCrown","CeramicFish","hubris:Icosahedron","White Beast Statue","hubris:TerracottaHorce","Membership Card","champ:BerserkersGuideToSlaughter","Ornamental Fan","infinitespire:WardingShard","StrikeDummy","hubris:DisguiseKit","Philosopher\u0027s Stone","downfall:HeartBlessingGreen","downfall:HeartBlessingBlue","Bag of Preparation","CatCart","aspiration:Lifesprig","OrangePellets","Potion Belt","Vajra","Bronze Scales","WarpedTongs","downfall:HeartBlessingRed","Unceasing Top","Mummified Hand","hubris:ToyBattleship"],"acts_visited":["Exordium","TheCity","TheBeyond","TheEnding"],"potions_floor_usage":[39,39,45,56,56,56,56,56],"damage_taken":[{"damage":10.0,"enemies":"Small Slimes","floor":2.0,"turns":3.0},{"damage":20.0,"enemies":"2 Louse","floor":3.0,"turns":3.0},{"damage":38.0,"enemies":"Cultist","floor":6.0,"turns":3.0},{"damage":63.0,"enemies":"3 Sentries","floor":8.0,"turns":6.0},{"damage":10.0,"enemies":"downfall:FleeingMerchant","floor":9.0,"turns":4.0},{"damage":30.0,"enemies":"Blue Slaver","floor":13.0,"turns":3.0},{"damage":10.0,"enemies":"Lagavulin","floor":14.0,"turns":6.0},{"damage":10.0,"enemies":"Exordium Thugs","floor":15.0,"turns":3.0},{"damage":60.0,"enemies":"IC_STATUS_ARCHETYPE","floor":16.0,"turns":5.0},{"damage":0.0,"enemies":"Shell Parasite","floor":19.0,"turns":3.0},{"damage":40.0,"enemies":"downfall:FleeingMerchant","floor":20.0,"turns":4.0},{"damage":128.0,"enemies":"3 Byrds","floor":22.0,"turns":5.0},{"damage":88.0,"enemies":"Centurion and Healer","floor":25.0,"turns":5.0},{"damage":30.0,"enemies":"Snake Plant","floor":27.0,"turns":3.0},{"damage":122.0,"enemies":"Slavers","floor":28.0,"turns":5.0},{"damage":15.0,"enemies":"Sentry and Sphere","floor":30.0,"turns":4.0},{"damage":126.0,"enemies":"Book of Stabbing","floor":31.0,"turns":4.0},{"damage":97.0,"enemies":"3 Cultists","floor":32.0,"turns":5.0},{"damage":49.0,"enemies":"WA_ARCHETYPE_CALM","floor":33.0,"turns":2.0},{"damage":65.0,"enemies":"3 Darklings","floor":36.0,"turns":3.0},{"damage":87,"enemies":"downfall:FleeingMerchant","floor":38,"turns":4},{"damage":171,"enemies":"Orin","floor":39,"turns":11},{"damage":61,"enemies":"Orb Walker","floor":40,"turns":3},{"damage":0,"enemies":"downfall:FleeingMerchant","floor":42,"turns":1},{"damage":81,"enemies":"Nemesis","floor":44,"turns":3},{"damage":81,"enemies":"Jaw Worm Horde","floor":45,"turns":2},{"damage":140,"enemies":"Transient","floor":49,"turns":5},{"damage":194,"enemies":"DF_ARCHETYPE_ORBS","floor":50,"turns":7},{"damage":227,"enemies":"downfall:CharBossMerchant","floor":52,"turns":6},{"damage":247,"enemies":"downfall:NeowBoss","floor":55,"turns":8},{"damage":158,"enemies":"downfall:NeowBossFinal","floor":56,"turns":5}],"seed_played":"-2196529085437677534","potions_obtained":[{"floor":2.0,"key":"Block Potion"},{"floor":16.0,"key":"BlessingOfTheForge"},{"floor":19.0,"key":"PowerPotion"},{"floor":27.0,"key":"SpeedPotion"},{"floor":28.0,"key":"FearPotion"},{"floor":30.0,"key":"Explosive Potion"},{"floor":31.0,"key":"DuplicationPotion"},{"floor":33.0,"key":"SpeedPotion"},{"floor":36.0,"key":"Weak Potion"},{"floor":38,"key":"SkillPotion"},{"floor":39,"key":"EntropicBrew"},{"floor":40,"key":"EssenceOfSteel"},{"floor":44,"key":"Block Potion"},{"floor":45,"key":"Ancient Potion"},{"floor":49,"key":"SmokeBomb"},{"floor":52,"key":"SpeedPotion"}],"is_trial":false,"path_per_floor":["R","M","M","?","?","M","T","E","$","?","?","R","M","E","M","B",null,"R","M","$","?","M","T","T","M","R","M","E","R","M","E","M","B",null,"R","M","?","$","?","M","T","?","R","E","M","?","R","AVR","M","B",null,"E","$","R","B","B",null],"character_chosen":"THE_CHAMP","items_purchased":["Membership Card","champ:FanOfKnives","Bag of Preparation","OrangePellets","Potion Belt","champ:EndlessRage","champ:UltimateStance","Vajra","Violence","hubris:ToyBattleship","champ:AdrenalArmor"],"campfire_rested":0,"item_purchase_floors":[20,20,38,42,42,42,42,42,42,53,53],"current_hp_per_floor":[63,63,63,63,68,65,65,47,47,47,47,47,42,42,37,90,94,94,94,89,89,79,79,79,79,79,89,59,59,68,48,50,60,86,96,104,104,105,97,100,100,100,100,105,105,105,105,105,102,37,88,91,91,91,101,105],"gold":28,"neow_bonus":"THREE_RARE_CARDS","is_daily":false,"chose_seed":false,"campfire_upgraded":8,"win_rate":0.0,"timestamp":1612400433,"path_taken":["R","M","M","?","?","M","T","E","$","?","?","R","?","E","M","BOSS","R","M","$","?","M","?","T","M","R","?","E","R","M","E","M","BOSS","R","M","?","$","?","?","T","?","R","E","M","?","R","AVR","M","BOSS","E","$","R","BOSS","BOSS"],"items_purchased_type":["Relic","Card","Relic","Relic","Relic","Card","Card","Relic","Card","Relic","Card"],"build_version":"2020-12-22","purchased_purges":6,"victory":true,"max_hp_per_floor":[90,90,90,90,95,95,95,95,95,95,95,95,95,95,95,95,95,95,95,95,95,95,95,95,95,95,95,95,95,95,95,95,95,95,105,105,105,105,105,105,105,105,105,105,105,105,105,105,105,105,105,105,105,105,105,105],"card_choices":[{"not_picked":["champ:HoldFirm","champ:LastStand"],"picked":"champ:HeavySlash","floor":0.0},{"not_picked":["champ:FancyFootwork","champ:FocusedDefense"],"picked":"champ:ArenaPreparation","floor":2.0},{"not_picked":["champ:FlashCut","champ:Haymaker"],"picked":"champ:Lariat","floor":3.0},{"not_picked":["champ:TornadoPunch","champ:Haymaker","champ:EnragedBash"],"picked":"SKIP","floor":6.0},{"not_picked":["champ:BringItOn","champ:DefensiveShout"],"picked":"champ:CrookedStrike","floor":8.0},{"not_picked":["champ:EnGarde","champ:Parry"],"picked":"champ:RapidStrikes","floor":9.0},{"not_picked":["champ:PerfectedStrike","champ:IronFortress","champ:HeartStrike"],"picked":"SKIP","floor":13.0},{"not_picked":["champ:CrownThrow","champ:EnGarde"],"picked":"champ:ShieldSigil","floor":14.0},{"not_picked":["champ:PreciseThrust","champ:FocusedDefense","champ:RapidStrikes"],"picked":"SKIP","floor":15.0},{"not_picked":["champ:HeavySlash","champ:DancingMaster"],"picked":"champ:TripleStrike","floor":16.0},{"not_picked":["champ:PreemptiveStrike+1","champ:DefensiveShout","champ:TornadoPunch"],"picked":"SKIP","floor":19.0},{"not_picked":["champ:ShieldSigil+1","champ:DefensiveShout+1"],"picked":"champ:BerserkerStyle","floor":20.0},{"not_picked":["champ:PerfectedStrike","champ:BladeFlurry","champ:Circumvent"],"picked":"SKIP","floor":22.0},{"not_picked":["champ:RapidStrikes","champ:Shatter","champ:Haymaker"],"picked":"SKIP","floor":25.0},{"not_picked":["champ:BerserkersShout","champ:Shatter+1"],"picked":"champ:FocusedBerserking","floor":27.0},{"not_picked":["champ:PreciseThrust","champ:BringItOn"],"picked":"champ:DefensiveShout","floor":28.0},{"not_picked":["champ:BladeFlurry","champ:PerfectedStrike"],"picked":"champ:GutPunch+1","floor":30.0},{"not_picked":["champ:GutPunch","champ:SteelEdge","champ:FanOfKnives"],"picked":"SKIP","floor":31.0},{"not_picked":["champ:RisingSlash+1","champ:BerserkerStyle","champ:EnGarde+1","hubris:CleavingFinish"],"picked":"SKIP","floor":32.0},{"not_picked":["champ:CheapShot","champ:UltimateStance","champ:Improvising"],"picked":"Barricade","floor":33.0},{"not_picked":["champ:PreemptiveStrike","champ:StanceDance+1","champ:SkillfulDodge+1"],"picked":"Seeing Red","floor":36.0},{"not_picked":["champ:BerserkersShout+1","champ:DefensiveStyle","Dual Wield"],"picked":"champ:AdrenalArmor+1","floor":38},{"not_picked":["champ:ShieldWall","champ:Lariat+1","Warcry"],"picked":"champ:FancyFootwork+1","floor":40},{"not_picked":["champ:RecklessLeap+1","champ:FocusedDefense+1","champ:Backstep+1","Armaments"],"picked":"SKIP","floor":42},{"not_picked":["champ:GutPunch","champ:ShieldThrow","Heavy Blade"],"picked":"champ:StanceDance+1","floor":44},{"not_picked":["champ:FaceSlap","champ:SkillfulDodge+1","champ:BringItOn+1","Iron Wave"],"picked":"SKIP","floor":45},{"not_picked":["champ:CrownThrow","champ:FocusedBerserking","champ:Haymaker","Pommel Strike"],"picked":"SKIP","floor":49},{"not_picked":["champ:MurderStrike","champ:AdrenalArmor","Twin Strike"],"picked":"champ:HeartStrike+1","floor":52}],"player_experience":326479,"relics_obtained":[{"floor":8.0,"key":"CeramicFish"},{"floor":14.0,"key":"White Beast Statue"},{"floor":23.0,"key":"Ornamental Fan"},{"floor":24.0,"key":"infinitespire:WardingShard"},{"floor":28.0,"key":"StrikeDummy"},{"floor":31.0,"key":"hubris:DisguiseKit"},{"floor":39,"key":"CatCart"},{"floor":41,"key":"aspiration:Lifesprig"},{"floor":44,"key":"Bronze Scales"},{"floor":52,"key":"Mummified Hand"}],"event_choices":[{"damage_healed":0.0,"max_hp_gain":5.0,"max_hp_loss":0.0,"gold_gain":0.0,"event_name":"Big Fish","player_choice":"Donut","floor":5.0,"gold_loss":0.0,"damage_taken":0.0},{"damage_healed":0,"gold_gain":0,"player_choice":"Fight","damage_taken":0,"max_hp_gain":0,"max_hp_loss":0,"event_name":"OrinTheCat","floor":39,"gold_loss":0},{"damage_healed":0,"gold_gain":0,"player_choice":"Rummage","damage_taken":0,"relics_obtained":["WarpedTongs"],"max_hp_gain":0,"max_hp_loss":0,"event_name":"Accursed Blacksmith","floor":46,"gold_loss":0,"cards_obtained":["Pain"]}],"is_beta":false,"boss_relics":[{"not_picked":["Busted Crown","Calling Bell"],"picked":"hubris:TerracottaHorce"},{"not_picked":["hubris:GrandSneckoEye","Empty Cage"],"picked":"Philosopher\u0027s Stone"}],"items_purged_floors":[9,9,20,42,48,53],"is_endless":false,"potions_floor_spawned":[2,13,15,16,19,20,22,25,27,28,30,31,32,33,36,38,39,40,42,44,45,49,52],"ascension_level":6}}