{"host":"m4gb89kpcfic7v2a","time":1612398133,"event":{"mods":["BaseMod","BetterRewards","Minty Spire (QoL Compilation)","Reliquary","StS++","StSLib","The Marked","The Servant 0.9.4"],"gold_per_floor":[118,129,139,153,167,198,213,213,213,69,84,94,109,123,123,227,227,239,255,270,270,270],"floor_reached":21,"language":"ENG","playtime":2392,"items_purged":["theMarked:Strike"],"score":191,"play_id":"276eb35c-47ab-4711-a5b1-215272f870ba","local_time":"20210203172213","is_ascension_mode":false,"campfire_choices":[{"floor":8,"key":"REST"},{"floor":15,"key":"REST"}],"circlet_count":0,"master_deck":["theMarked:Strike","theMarked:Strike","theMarked:Strike","theMarked:Strike","theMarked:Defend","theMarked:Defend","theMarked:Defend","theMarked:Defend","theMarked:SoldierOfQuellstein+1","theMarked:Parkour","theMarked:SwordAndMagic","theMarked:EmpowerWeapon","theMarked:ComboAttacks","theMarked:RogueSparks","theMarked:Opportunist","theMarked:EmpowerWeapon+1","theMarked:TwofoldDefense+1","theMarked:RepellingDischarge+1","theMarked:OneWithTheBlade+1"],"relics":["theMarked:ArtifactOfAir","reliquary:JackalopeAntler","Toxic Egg 2","theMarked:Eyepatch"],"acts_visited":["Exordium","TheCity"],"potions_floor_usage":[14,16,19],"damage_taken":[{"damage":6,"enemies":"Cultist","floor":1,"turns":3},{"damage":1,"enemies":"Jaw Worm","floor":2,"turns":3},{"damage":0,"enemies":"2 Louse","floor":3,"turns":2},{"damage":3,"enemies":"Red Slaver","floor":4,"turns":4},{"damage":19,"enemies":"Large Slime","floor":5,"turns":5},{"damage":8,"enemies":"3 Sentries","floor":6,"turns":6},{"damage":7,"enemies":"Blue Slaver","floor":7,"turns":3},{"damage":10,"enemies":"Looter","floor":11,"turns":2},{"damage":1,"enemies":"2 Fungi Beasts","floor":12,"turns":3},{"damage":1,"enemies":"3 Louse","floor":13,"turns":3},{"damage":11,"enemies":"Exordium Wildlife","floor":14,"turns":3},{"damage":30,"enemies":"Hexaghost","floor":16,"turns":7},{"damage":22,"enemies":"Chosen","floor":18,"turns":5},{"damage":13,"enemies":"3 Byrds","floor":19,"turns":6},{"damage":34,"enemies":"Snake Plant","floor":20,"turns":6},{"damage":10,"enemies":"Snecko","floor":21,"turns":2}],"seed_played":"4002554754367645676","potions_obtained":[{"floor":2,"key":"SteroidPotion"},{"floor":6,"key":"theMarked:ChargePotion"},{"floor":13,"key":"Ancient Potion"},{"floor":14,"key":"ColorlessPotion"},{"floor":16,"key":"StSpp:InhibitionPotion"},{"floor":18,"key":"Fire Potion"},{"floor":19,"key":"BlessingOfTheForge"}],"is_trial":false,"path_per_floor":["M","M","M","M","M","E","M","R","T","$","M","M","M","M","R","B",null,"M","M","M","M"],"character_chosen":"THE_DEFAULT","items_purchased":["theMarked:ComboAttacks"],"campfire_rested":2,"item_purchase_floors":[10],"current_hp_per_floor":[64,63,63,60,41,33,26,47,47,47,37,36,35,24,45,15,70,48,35,1,0,0],"gold":270,"neow_bonus":"UPGRADE_CARD","is_daily":false,"chose_seed":false,"campfire_upgraded":0,"win_rate":0.0,"timestamp":1612398133,"path_taken":["M","M","?","M","M","E","M","R","T","$","M","M","M","M","R","BOSS","M","M","M","M"],"items_purchased_type":["Card"],"build_version":"2020-12-22","purchased_purges":1,"victory":false,"max_hp_per_floor":[70,70,70,70,70,70,70,70,70,70,70,70,70,70,70,70,70,70,70,70,70,70],"card_choices":[{"not_picked":["theMarked:HeightenedSenses","theMarked:TwofoldDefense"],"picked":"theMarked:Parkour","floor":1},{"not_picked":["theMarked:TwofoldDefense","theMarked:HeightenedSenses"],"picked":"theMarked:SwordAndMagic","floor":2},{"not_picked":["theMarked:ResourceFulStrike","theMarked:TakeCover"],"picked":"theMarked:EmpowerWeapon","floor":3},{"not_picked":["theMarked:ShockingTouch","theMarked:GodGivenPower","theMarked:ChainLightning"],"picked":"SKIP","floor":4},{"not_picked":["theMarked:ChainLightning","theMarked:EnhanceMovement","theMarked:GodGivenPower"],"picked":"SKIP","floor":5},{"not_picked":["theMarked:ElectricStrings","theMarked:Defy","theMarked:Improvise"],"picked":"SKIP","floor":6},{"not_picked":["theMarked:Parkour","theMarked:Heritage","theMarked:TwofoldDefense"],"picked":"SKIP","floor":7},{"not_picked":["theMarked:TheMission","theMarked:DispelDoubt"],"picked":"theMarked:RogueSparks","floor":11},{"not_picked":["theMarked:Memento+1","theMarked:ChainLightning"],"picked":"theMarked:Opportunist","floor":12},{"not_picked":["theMarked:WastefulAttack","theMarked:Opportunist"],"picked":"theMarked:EmpowerWeapon+1","floor":13},{"not_picked":["theMarked:Electrocute","theMarked:WastefulAttack"],"picked":"theMarked:TwofoldDefense+1","floor":14},{"not_picked":["theMarked:Improvise+1","theMarked:Overcharge+1","theMarked:Parkour+1"],"picked":"SKIP","floor":18},{"not_picked":["theMarked:TwofoldDefense+1","theMarked:Frustration"],"picked":"theMarked:RepellingDischarge+1","floor":19},{"not_picked":["theMarked:Improvise+1","theMarked:Memento+1"],"picked":"theMarked:OneWithTheBlade+1","floor":20}],"player_experience":199861,"relics_obtained":[{"floor":6,"key":"reliquary:JackalopeAntler"},{"floor":9,"key":"Toxic Egg 2"}],"event_choices":[],"is_beta":false,"boss_relics":[{"not_picked":["reliquary:KinkedSpring","Runic Pyramid"],"picked":"theMarked:Eyepatch"}],"items_purged_floors":[10],"is_endless":false,"potions_floor_spawned":[2,6,13,14,16,18,19],"killed_by":"Snecko","ascension_level":0}}