{"host":"3xramekeme16g407","time":1612405801,"event":{"mods":["2.2 Compatiblity","AchievementEnabler","BaseMod","Bestiary","Minty Spire (QoL Compilation)","Relic Stats","StSLib"],"gold_per_floor":[110,120,120,130,55,97,97,124,124,139,174,174,174,193,193,299,358,387,413,387,407,427,427,342,342,393,434,434,454,554,554,554],"floor_reached":31,"language":"ENG","playtime":4482,"items_purged":["Strike_B"],"score":267,"play_id":"5ac4993e-848d-4990-b72d-817383231ad7","local_time":"20210203183001","is_ascension_mode":false,"campfire_choices":[{"floor":7.0,"key":"REST"},{"floor":15.0,"key":"REST"},{"data":"Loop","floor":23,"key":"SMITH"},{"floor":25,"key":"REST"},{"floor":28,"key":"REST"}],"circlet_count":0,"master_deck":["Strike_B+1","Strike_B","Strike_B","Defend_B","Defend_B","Defend_B","Defend_B","Zap","Dualcast","Rebound","Coolheaded","Cold Snap","Chaos","Loop+1","Loop+1","BootSequence","Seek","Auto Shields","Lockon+1","Glacier+1","Darkness","Cold Snap+1","Creative AI"],"relics":["Cracked Core","CeramicFish","Molten Egg 2","Gambling Chip","Tiny House","Mercury Hourglass","Question Card"],"acts_visited":[],"potions_floor_usage":[22],"damage_taken":[{"damage":0.0,"enemies":"Cultist","floor":1.0,"turns":4.0},{"damage":0.0,"enemies":"2 Louse","floor":2.0,"turns":3.0},{"damage":6.0,"enemies":"Jaw Worm","floor":4.0,"turns":4.0},{"damage":24.0,"enemies":"Lagavulin","floor":6.0,"turns":9.0},{"damage":1.0,"enemies":"Looter","floor":8.0,"turns":4.0},{"damage":0.0,"enemies":"Large Slime","floor":10.0,"turns":7.0},{"damage":12.0,"enemies":"Gremlin Nob","floor":11.0,"turns":4.0},{"damage":17.0,"enemies":"Lots of Slimes","floor":14.0,"turns":6.0},{"damage":9.0,"enemies":"Slime Boss","floor":16.0,"turns":11.0},{"damage":18.0,"enemies":"Spheric Guardian","floor":18.0,"turns":6.0},{"damage":1.0,"enemies":"Shell Parasite","floor":19.0,"turns":7.0},{"damage":5,"enemies":"Snake Plant","floor":21,"turns":6},{"damage":2,"enemies":"Snecko","floor":22,"turns":7},{"damage":74,"enemies":"Gremlin Leader","floor":27,"turns":9},{"damage":10,"enemies":"Cultist and Chosen","floor":29,"turns":8},{"damage":25,"enemies":"Book of Stabbing","floor":31,"turns":7}],"seed_played":"9173139814415103532","potions_obtained":[{"floor":0.0,"key":"EssenceOfSteel"},{"floor":0.0,"key":"FocusPotion"},{"floor":0.0,"key":"FearPotion"},{"floor":2.0,"key":"Energy Potion"},{"floor":11.0,"key":"GamblersBrew"},{"floor":16.0,"key":"CultistPotion"},{"floor":17.0,"key":"BlessingOfTheForge"},{"floor":22,"key":"Fruit Juice"}],"is_trial":false,"path_per_floor":["M","M","?","M","$","E","R","M","T","M","E","$","?","M","R","B",null,"M","M","$","M","M","R","?","R","T","E","R","M","?","E"],"character_chosen":"DEFECT","items_purchased":["Darkness"],"campfire_rested":4,"item_purchase_floors":[20],"current_hp_per_floor":[75,75,75,69,69,45,67,66,66,66,54,54,54,37,59,50,80,62,61,61,56,59,59,59,84,84,10,35,25,25,0,0],"gold":554,"neow_bonus":"THREE_SMALL_POTIONS","is_daily":false,"chose_seed":false,"campfire_upgraded":1,"win_rate":0.0,"timestamp":1612405801,"path_taken":["M","M","?","M","?","E","R","M","T","M","E","$","?","?","R","BOSS","M","M","$","M","M","R","?","R","T","E","R","M","?","E"],"items_purchased_type":["Card"],"build_version":"2020-12-22","purchased_purges":1,"victory":false,"max_hp_per_floor":[75,75,75,75,75,75,75,75,75,75,75,75,75,75,75,75,80,80,80,80,80,85,85,85,85,85,85,85,85,85,85,85],"relic_stats":{"counters":[5,36],"CeramicFish":27,"Gambling Chip":[11],"Question Card":1,"obtain_stats":[{"Tiny House":0,"CeramicFish":0,"Gambling Chip":0,"Molten Egg 2":0,"Cracked Core":0,"Question Card":27,"Mercury Hourglass":24},{"Tiny House":0,"CeramicFish":0,"Gambling Chip":0,"Molten Egg 2":0,"Cracked Core":0,"Question Card":3,"Mercury Hourglass":2},{"Tiny House":0,"CeramicFish":0,"Gambling Chip":0,"Molten Egg 2":0,"Cracked Core":0,"Question Card":22,"Mercury Hourglass":13}],"Mercury Hourglass":[87]},"card_choices":[{"not_picked":["Compile Driver","Turbo"],"picked":"Rebound","floor":1.0},{"not_picked":["Hologram","Storm"],"picked":"Coolheaded","floor":2.0},{"not_picked":["Sunder","Gash"],"picked":"Cold Snap","floor":4.0},{"not_picked":["Gash","Hyperbeam"],"picked":"Chaos","floor":6.0},{"not_picked":["Hologram","Tempest"],"picked":"Loop","floor":8.0},{"not_picked":["Steam","Rebound+1","Turbo"],"picked":"SKIP","floor":10.0},{"not_picked":["Turbo","Hologram"],"picked":"Loop","floor":11.0},{"not_picked":["Stack","Turbo"],"picked":"BootSequence","floor":14.0},{"not_picked":["Fission","Electrodynamics"],"picked":"Seek","floor":16.0},{"not_picked":["Heatsinks","Cold Snap+1"],"picked":"Auto Shields","floor":17.0},{"not_picked":["Recycle","Auto Shields"],"picked":"Lockon+1","floor":18.0},{"not_picked":["Sweeping Beam+1","Redo"],"picked":"Glacier+1","floor":19.0},{"not_picked":["Aggregate+1","Leap+1"],"picked":"Cold Snap+1","floor":21},{"not_picked":["Conserve Battery","Barrage+1","Aggregate"],"picked":"SKIP","floor":22},{"not_picked":["Reinforced Body","Hologram+1"],"picked":"Creative AI","floor":27},{"not_picked":["Ball Lightning+1","Heatsinks+1","Streamline+1","Sweeping Beam+1"],"picked":"SKIP","floor":29}],"player_experience":441754,"relics_obtained":[{"floor":6.0,"key":"CeramicFish"},{"floor":9.0,"key":"Molten Egg 2"},{"floor":11.0,"key":"Gambling Chip"},{"floor":27,"key":"Question Card"}],"event_choices":[{"damage_healed":0.0,"max_hp_gain":0.0,"max_hp_loss":0.0,"gold_gain":0.0,"event_name":"The Woman in Blue","player_choice":"Bought 0 Potions","floor":3.0,"gold_loss":0.0,"damage_taken":0.0},{"damage_healed":0.0,"max_hp_gain":0.0,"max_hp_loss":0.0,"gold_gain":0.0,"event_name":"Upgrade Shrine","player_choice":"Upgraded","floor":13.0,"gold_loss":0.0,"damage_taken":0.0,"cards_upgraded":["Loop"]},{"damage_healed":0,"gold_gain":0,"player_choice":"Obtained Relic","damage_taken":0,"relics_obtained":["Mercury Hourglass"],"max_hp_gain":0,"max_hp_loss":0,"event_name":"Addict","floor":24,"gold_loss":85},{"damage_healed":0,"gold_gain":100,"player_choice":"Pray","damage_taken":0,"max_hp_gain":0,"max_hp_loss":0,"event_name":"Golden Shrine","floor":30,"gold_loss":0}],"is_beta":false,"boss_relics":[{"not_picked":["Calling Bell","Snecko Eye"],"picked":"Tiny House"}],"items_purged_floors":[5],"is_endless":false,"potions_floor_spawned":[2,8,11,14,16,18,22],"killed_by":"Book of Stabbing","ascension_level":0}}