{"host":"3y2rtlgteqp2nuo3","time":1612415626,"event":{"mods":["2.2 Compatiblity","AchievementEnabler","BaseMod","Colored Map","DeckTracker","Highlight Path","Keyboard Shortcuts","Minty Spire (QoL Compilation)","Permanent Neow","Quick Restart","StSLib","SuperFastMode","everything is the same but u backflip on backflip"],"gold_per_floor":[113,132,146,159,175,206,278,278,278,278,307,326,326,390,390,489,489,499,516,516,528,539,539,558,298,323,335,146,146,1,11,11,11,11],"floor_reached":33,"language":"KOR","playtime":864,"items_purged":["Uppercut"],"score":392,"play_id":"f8e6c3ac-6d64-479e-94a8-b1f662a77445","local_time":"20210204141346","is_ascension_mode":true,"campfire_choices":[{"data":"Perfected Strike","floor":8.0,"key":"SMITH"},{"data":"Bash","floor":10.0,"key":"SMITH"},{"data":"Perfected Strike","floor":13.0,"key":"SMITH"},{"floor":15.0,"key":"REST"},{"data":"Perfected Strike","floor":23.0,"key":"SMITH"},{"floor":29.0,"key":"REST"},{"data":"Apotheosis","floor":32.0,"key":"SMITH"}],"circlet_count":0,"master_deck":["AscendersBane","Strike_R","Strike_R","Strike_R","Strike_R","Defend_R","Defend_R","Defend_R","Defend_R+1","Bash+1","Twin Strike","Shockwave","Power Through+1","Dropkick","Perfected Strike+1","Perfected Strike+1","Metallicize","Double Tap","Bludgeon+1","Searing Blow+1","Pommel Strike+1","Perfected Strike+1","Pommel Strike","Disarm","Uppercut+1","Shrug It Off","Shockwave","Blood for Blood","Apotheosis+1","Flame Barrier+1"],"relics":["Burning Blood","Mummified Hand","Letter Opener","Oddly Smooth Stone","Astrolabe","War Paint","Blood Vial","Medical Kit"],"acts_visited":["Exordium","TheCity"],"potions_floor_usage":[33,33],"damage_taken":[{"damage":3.0,"enemies":"2 Louse","floor":1.0,"turns":3.0},{"damage":15.0,"enemies":"Small Slimes","floor":2.0,"turns":4.0},{"damage":0.0,"enemies":"Cultist","floor":3.0,"turns":3.0},{"damage":13.0,"enemies":"Blue Slaver","floor":4.0,"turns":4.0},{"damage":11.0,"enemies":"2 Fungi Beasts","floor":5.0,"turns":3.0},{"damage":24.0,"enemies":"Gremlin Nob","floor":6.0,"turns":5.0},{"damage":30.0,"enemies":"3 Sentries","floor":11.0,"turns":6.0},{"damage":9.0,"enemies":"3 Louse","floor":12.0,"turns":3.0},{"damage":15.0,"enemies":"Lagavulin Event","floor":14.0,"turns":5.0},{"damage":36.0,"enemies":"The Guardian","floor":16.0,"turns":11.0},{"damage":11.0,"enemies":"Spheric Guardian","floor":18.0,"turns":4.0},{"damage":12.0,"enemies":"Chosen","floor":19.0,"turns":4.0},{"damage":0.0,"enemies":"Snake Plant","floor":21.0,"turns":2.0},{"damage":12.0,"enemies":"Chosen and Byrds","floor":22.0,"turns":4.0},{"damage":13.0,"enemies":"Centurion and Healer","floor":24.0,"turns":4.0},{"damage":23.0,"enemies":"Sentry and Sphere","floor":27.0,"turns":6.0},{"damage":0.0,"enemies":"Snecko","floor":31.0,"turns":3.0},{"damage":79,"enemies":"Automaton","floor":33,"turns":8}],"seed_played":"2200732532230996661","potions_obtained":[{"floor":1.0,"key":"SpeedPotion"},{"floor":4.0,"key":"BloodPotion"},{"floor":6.0,"key":"SpeedPotion"},{"floor":16.0,"key":"Strength Potion"},{"floor":19.0,"key":"LiquidBronze"},{"floor":20.0,"key":"Fruit Juice"},{"floor":20.0,"key":"DuplicationPotion"}],"is_trial":false,"path_per_floor":["M","M","M","M","M","E","?","R","T","R","E","M","R","?","R","B",null,"M","M","?","M","M","R","M","$","T","M","$","R","$","M","R","B"],"character_chosen":"IRONCLAD","items_purchased":["War Paint","Shockwave","Apotheosis","Medical Kit"],"campfire_rested":2,"item_purchase_floors":[25,25,28,30],"current_hp_per_floor":[75,66,72,65,60,42,42,42,42,42,18,31,31,22,46,16,64,59,53,58,64,58,58,51,51,51,36,36,61,61,69,69,0,0],"gold":11,"neow_bonus":"THREE_CARDS","is_daily":false,"chose_seed":false,"campfire_upgraded":5,"win_rate":0.0,"timestamp":1612415626,"path_taken":["M","M","M","M","M","E","?","R","T","R","E","M","R","?","R","BOSS","M","M","?","M","?","R","M","$","T","M","$","R","$","M","R","BOSS"],"items_purchased_type":["Relic","Card","Card","Relic"],"build_version":"2020-12-22","purchased_purges":1,"victory":false,"max_hp_per_floor":[80,80,80,80,80,80,80,80,80,80,80,80,80,80,80,80,80,80,80,85,85,85,85,85,85,85,85,85,85,85,85,85,85,85],"card_choices":[{"not_picked":["Havoc","Thunderclap"],"picked":"Twin Strike","floor":0.0},{"not_picked":["Battle Trance","Body Slam"],"picked":"Clothesline","floor":1.0},{"not_picked":["Dark Embrace","Flex"],"picked":"Shockwave","floor":2.0},{"not_picked":["Warcry","Rampage"],"picked":"Heavy Blade","floor":3.0},{"not_picked":["Spot Weakness","Body Slam"],"picked":"Power Through","floor":4.0},{"not_picked":["Reckless Charge","Body Slam"],"picked":"Dropkick","floor":5.0},{"not_picked":["Clothesline","Wild Strike"],"picked":"Perfected Strike","floor":6.0},{"not_picked":["Havoc","Combust"],"picked":"Perfected Strike","floor":11.0},{"not_picked":["Iron Wave","Juggernaut"],"picked":"Uppercut","floor":12.0},{"not_picked":["Warcry","Cleave"],"picked":"Metallicize","floor":14.0},{"not_picked":["Demon Form","Bludgeon"],"picked":"Double Tap","floor":16.0},{"not_picked":["Headbutt","Whirlwind"],"picked":"Perfected Strike","floor":18.0},{"not_picked":["Pummel","Battle Trance"],"picked":"Pommel Strike","floor":19.0},{"not_picked":["Cleave","Warcry"],"picked":"Disarm","floor":21.0},{"not_picked":["True Grit","Carnage"],"picked":"Uppercut+1","floor":22.0},{"not_picked":["Body Slam","Heavy Blade"],"picked":"Shrug It Off","floor":24.0},{"not_picked":["Heavy Blade","Intimidate"],"picked":"Blood for Blood","floor":27.0},{"not_picked":["Intimidate","Searing Blow"],"picked":"Flame Barrier+1","floor":31.0}],"player_experience":749185,"relics_obtained":[{"floor":6.0,"key":"Mummified Hand"},{"floor":11.0,"key":"Letter Opener"},{"floor":26.0,"key":"Blood Vial"}],"event_choices":[{"damage_healed":0.0,"max_hp_gain":0.0,"max_hp_loss":0.0,"gold_gain":72.0,"event_name":"Golden Wing","player_choice":"Gained Gold","floor":7.0,"gold_loss":0.0,"damage_taken":0.0},{"damage_healed":0.0,"max_hp_gain":0.0,"max_hp_loss":0.0,"gold_gain":0.0,"event_name":"Dead Adventurer","player_choice":"Searched \u00272\u0027 times","floor":14.0,"gold_loss":0.0,"damage_taken":0.0,"relics_obtained":["Oddly Smooth Stone"]},{"damage_healed":0.0,"max_hp_gain":0.0,"max_hp_loss":0.0,"gold_gain":0.0,"event_name":"Lab","player_choice":"Got Potions","floor":20.0,"gold_loss":0.0,"damage_taken":0.0}],"is_beta":false,"boss_relics":[{"not_picked":["Pandora\u0027s Box","Coffee Dripper"],"picked":"Astrolabe"}],"items_purged_floors":[25],"is_endless":false,"potions_floor_spawned":[1,4,6,16,19,21],"killed_by":"Automaton","ascension_level":10}}