{"host":"1sqx9dmsrxu9kvq7","time":1612453197,"event":{"mods":["2.2 Compatiblity","Act Like it!","BaseMod","CapriCore","Chen","Colored Powertips","Custom Start","Friendly Minions","Highlight Path","HololiveMod","KinomotoSakuraMod(木之本?)","Kiyohime（清?）","Koishi","Marisa（霧雨　魔理沙）","Minty Spire (QoL Compilation)","Prisma Mod","Quick Restart","Rare Cards Sparkle","Reimu（博??梦）","Relic Stats","Remilia（蕾米莉?）","Shop Mod","Spicy Shops","StSLib","Td1madao Mod","The Administrix","The Blue Laboratory","The Immortal","The Servant 0.9.4","Waifu the Spire","WarShipGirlsR/??少女R mod","Yakumo Yukari mod","Yuyuko"],"gold_per_floor":[111,111,78,88,88,120,80,80,106,106,125,125,125,145,145,241,241,256,275,295,295,295,295,308,320,344,344,152,152,152,165,165,262,262,272,272,322,322,322,322,340,340,387,387,403,403,403],"floor_reached":46,"language":"ENG","playtime":2600,"items_purged":["Lust_TH"],"score":441,"play_id":"6460b8dd-5ec8-48c6-9655-77dcd83cf05a","local_time":"20210204093957","is_ascension_mode":false,"campfire_choices":[{"floor":8.0,"key":"RECALL"},{"data":"Chen:GlitterPoke","floor":10.0,"key":"SMITH"},{"data":"Chen:BlueOniRedOni","floor":12.0,"key":"SMITH"},{"floor":15.0,"key":"REST"},{"floor":23,"key":"REST"},{"floor":27,"key":"REST"},{"floor":29,"key":"REST"},{"data":"Chen:ResistTemptation","floor":32,"key":"SMITH"},{"data":"Chen:ShikigamiForm","floor":40,"key":"SMITH"},{"data":"Chen:Afterimages","floor":42,"key":"SMITH"},{"data":"Chen:PhoenixEgg","floor":44,"key":"SMITH"}],"circlet_count":0,"master_deck":["Chen:Strike","Chen:Strike","Chen:Strike","Chen:Strike","Chen:Strike","Chen:Defend","Chen:Defend","Chen:Defend","Chen:Defend","Chen:PounceTurnTail","Chen:GlitterPoke+1","Chen:Rush","Chen:Spray","Chen:Sneak","Chen:BlueOniRedOni+1","Chen:Instinct","Chen:UnstableBoundary","Chen:PhoenixEgg+1","Chen:EvasiveFireShift+1","Chen:CatPunch","Chen:TauntHiss+1","Chen:Deceitful+1","Chen:Tear","Chen:ResistTemptation+1","Chen:ShikigamiForm+1","Chen:PhoenixEgg+1","Chen:Barrier+1","Chen:Afterimages+1","Normality","Chen:Salvo+1"],"relics":["Chen:Catnip","NeowsBlessing","Bag of Marbles","Lizard Tail","PaintedHorse:ReiMu","Philosopher\u0027s Stone","Boot","Cursed Key","Ice Cream","Regal Pillow"],"acts_visited":["Exordium","TheCity","TheBeyond"],"potions_floor_usage":[33,33],"damage_taken":[{"damage":0.0,"enemies":"Small Slimes","floor":1.0,"turns":1.0},{"damage":0.0,"enemies":"Jaw Worm","floor":4.0,"turns":1.0},{"damage":0.0,"enemies":"Gremlin Nob","floor":6.0,"turns":1.0},{"damage":0.0,"enemies":"Cultist","floor":11.0,"turns":3.0},{"damage":16.0,"enemies":"Exordium Wildlife","floor":14.0,"turns":3.0},{"damage":32.0,"enemies":"Slime Boss","floor":16.0,"turns":9.0},{"damage":0,"enemies":"Chosen","floor":18,"turns":3},{"damage":11,"enemies":"2 Thieves","floor":19,"turns":3},{"damage":11,"enemies":"Chosen and Byrds","floor":20,"turns":5},{"damage":30,"enemies":"Sentry and Sphere","floor":24,"turns":5},{"damage":25,"enemies":"Snecko","floor":25,"turns":6},{"damage":10,"enemies":"3 Cultists","floor":31,"turns":4},{"damage":75,"enemies":"Collector","floor":33,"turns":10},{"damage":41,"enemies":"3 Shapes","floor":35,"turns":4},{"damage":5,"enemies":"Mind Bloom Boss Battle","floor":37,"turns":6},{"damage":7,"enemies":"Orb Walker","floor":41,"turns":3},{"damage":27,"enemies":"Jaw Worm Horde","floor":45,"turns":5},{"damage":48,"enemies":"Writhing Mass","floor":46,"turns":5}],"seed_played":"5446618912928494282","potions_obtained":[{"floor":1.0,"key":"blueLaboratory:PhilterOfMotion"},{"floor":11.0,"key":"blueLaboratory:HummingbirdPotion"},{"floor":13.0,"key":"blueLaboratory:FruitPunch"},{"floor":13.0,"key":"Block Potion"},{"floor":13.0,"key":"Ancient Potion"},{"floor":35,"key":"ZuzhouPotion:ReiMu"}],"is_trial":false,"path_per_floor":["M","?","$","M","?","E","?","R","T","R","M","R","?","M","R","B",null,"M","M","M","?","?","R","M","M","T","R","$","R","?","M","R","B",null,"M","?","?","?","?","R","M","R","T","R","M","M"],"character_chosen":"CHEN","items_purchased":["Chen:Spray","Chen:Tear","Chen:Exploit"],"campfire_rested":4,"item_purchase_floors":[3,28,28],"current_hp_per_floor":[70,63,63,63,63,63,63,63,63,63,63,63,63,47,68,36,70,70,59,48,39,39,60,30,5,5,26,26,47,70,60,60,32,72,31,31,26,63,63,63,56,56,56,56,29,0,0],"gold":403,"neow_bonus":"THREE_ENEMY_KILL","is_daily":false,"chose_seed":false,"campfire_upgraded":6,"win_rate":0.0,"timestamp":1612453197,"path_taken":["M","?","?","?","?","E","?","R","T","R","M","R","?","?","R","BOSS","M","M","M","?","?","R","M","M","T","R","$","R","?","M","R","BOSS","M","?","?","?","?","R","M","R","T","R","M","M"],"items_purchased_type":["Card","Card","Card"],"build_version":"2020-12-22","purchased_purges":1,"victory":false,"max_hp_per_floor":[70,70,70,70,70,70,70,70,70,70,70,70,70,70,70,70,70,70,70,70,70,70,70,70,70,70,70,70,70,70,70,70,72,72,72,72,72,63,63,63,63,63,63,63,63,63,63],"relic_stats":{"Lizard Tail":36,"Regal Pillow":0,"counters":[18,77],"Boot":[92],"Cursed Key":1,"obtain_stats":[{"Ice Cream":37,"Lizard Tail":6,"Regal Pillow":43,"NeowsBlessing":0,"PaintedHorse:ReiMu":7,"Chen:Catnip":0,"Philosopher\u0027s Stone":17,"Bag of Marbles":2,"Boot":26,"Cursed Key":34},{"Ice Cream":15,"Lizard Tail":3,"Regal Pillow":16,"NeowsBlessing":0,"PaintedHorse:ReiMu":3,"Chen:Catnip":0,"Philosopher\u0027s Stone":6,"Bag of Marbles":1,"Boot":11,"Cursed Key":13},{"Ice Cream":64,"Lizard Tail":3,"Regal Pillow":67,"NeowsBlessing":0,"PaintedHorse:ReiMu":3,"Chen:Catnip":0,"Philosopher\u0027s Stone":18,"Bag of Marbles":1,"Boot":40,"Cursed Key":54}]},"card_choices":[{"not_picked":["Chen:Catseye","Chen:EmergencyEscape"],"picked":"Chen:Rush","floor":1.0},{"not_picked":["Chen:SelfConfidence","Chen:Instinct"],"picked":"Chen:Sneak","floor":4.0},{"not_picked":["Chen:Lacerate","Chen:Flit"],"picked":"Chen:BlueOniRedOni","floor":6.0},{"not_picked":["Chen:BlueOniRedOni","Chen:PentagramFlight"],"picked":"Chen:Instinct","floor":11.0},{"not_picked":["Chen:Instinct","Chen:Scratch"],"picked":"Chen:UnstableBoundary","floor":14.0},{"not_picked":["Chen:Possession","Chen:Kimontonkou"],"picked":"Chen:PhoenixEgg","floor":16.0},{"not_picked":["Chen:UpperHand","Chen:RecklessLeap"],"picked":"Chen:EvasiveFireShift","floor":18},{"not_picked":["Chen:GuardCounter","Chen:Spray"],"picked":"Chen:CatPunch","floor":19},{"not_picked":["Chen:Sweep","Chen:Scratch"],"picked":"Chen:TauntHiss+1","floor":20},{"not_picked":["Chen:TauntHiss","Chen:Sidestep+1"],"picked":"Chen:Sweep","floor":24},{"not_picked":["Chen:EvasiveFireShift","Chen:Catseye"],"picked":"Chen:Deceitful+1","floor":25},{"not_picked":["Chen:Kimontonkou","Chen:Tear+1"],"picked":"Chen:ResistTemptation","floor":31},{"not_picked":["Chen:Clarity","Chen:DazzleFlash"],"picked":"Chen:ShikigamiForm","floor":33},{"not_picked":["Chen:Sneak","Chen:Sweep+1","Chen:Shot+1"],"picked":"SKIP","floor":35},{"not_picked":[],"picked":"Chen:PhoenixEgg","floor":36},{"not_picked":["Chen:PentagramFlight","Chen:TauntHiss"],"picked":"Chen:Barrier+1","floor":37},{"not_picked":["Chen:Sweep","Chen:Catseye"],"picked":"Chen:Afterimages","floor":41},{"not_picked":["Chen:Panic","Chen:EmergencyEscape"],"picked":"Chen:Salvo+1","floor":45}],"player_experience":291783,"relics_obtained":[{"floor":6.0,"key":"Lizard Tail"},{"floor":26,"key":"Boot"},{"floor":37,"key":"Ice Cream"},{"floor":43,"key":"Regal Pillow"}],"event_choices":[{"damage_healed":0.0,"max_hp_gain":0.0,"max_hp_loss":0.0,"gold_gain":0.0,"event_name":"Scrap Ooze","player_choice":"Success","floor":2.0,"gold_loss":0.0,"damage_taken":7.0,"relics_obtained":["Bag of Marbles"]},{"damage_healed":0.0,"max_hp_gain":0.0,"max_hp_loss":0.0,"gold_gain":0.0,"event_name":"Liars Game","player_choice":"Ignored","floor":5.0,"gold_loss":0.0,"damage_taken":0.0},{"damage_healed":0.0,"max_hp_gain":0.0,"max_hp_loss":0.0,"gold_gain":0.0,"event_name":"yidonshenshe","player_choice":"Donate","floor":7.0,"gold_loss":40.0,"damage_taken":0.0,"relics_obtained":["PaintedHorse:ReiMu"]},{"damage_healed":0.0,"max_hp_gain":0.0,"max_hp_loss":0.0,"gold_gain":0.0,"event_name":"Lab","player_choice":"Got Potions","floor":13.0,"gold_loss":0.0,"damage_taken":0.0},{"damage_healed":0,"gold_gain":0,"player_choice":"Stopped","damage_taken":9,"max_hp_gain":0,"max_hp_loss":0,"event_name":"Cursed Tome","floor":21,"gold_loss":0},{"cards_removed":["Chen:Exploit"],"damage_healed":23,"gold_gain":0,"player_choice":"Offered Uncommon","damage_taken":0,"max_hp_gain":0,"max_hp_loss":0,"event_name":"Bonfire Elementals","floor":30,"gold_loss":0},{"damage_healed":0,"gold_gain":0,"player_choice":"Fight","damage_taken":0,"max_hp_gain":0,"max_hp_loss":0,"event_name":"MindBloom","floor":37,"gold_loss":0},{"damage_healed":63,"gold_gain":0,"player_choice":"Heal","damage_taken":0,"max_hp_gain":0,"max_hp_loss":9,"event_name":"The Moai Head","floor":38,"gold_loss":0},{"cards_removed":["Chen:Sweep"],"damage_healed":0,"gold_gain":0,"player_choice":"Removed Attack","damage_taken":0,"max_hp_gain":0,"max_hp_loss":0,"event_name":"Falling","floor":39,"gold_loss":0}],"is_beta":false,"boss_relics":[{"not_picked":["Runic Dome","Calling Bell"],"picked":"Philosopher\u0027s Stone"},{"not_picked":["Hololive_TopUpMoneyS","Hololive_ChaosS"],"picked":"Cursed Key"}],"items_purged_floors":[28],"is_endless":false,"potions_floor_spawned":[1,11,14,16,18,20,35],"killed_by":"Writhing Mass","ascension_level":0}}