{"host":"jegehu1t82aiec5j","time":1612441479,"event":{"mods":["BaseMod","Colored Map","Minty Spire (QoL Compilation)","Relic Stats","StSLib"],"gold_per_floor":[361,54,65,78,8,8,39,39,65,65,65,103,133,158,158,254,254,274,274,291,304,304,304,316,316,343,189,189,216,234,45,45,120,120,139,139,150,168,168,168,92,119,143,143,160,160,188,201,201,201,201],"floor_reached":50,"language":"ENG","playtime":1677,"items_purged":["Bite"],"score":889,"play_id":"248d8455-be17-479f-96c0-633ea919d346","local_time":"20210204072439","is_ascension_mode":true,"campfire_choices":[{"data":"Carnage","floor":6,"key":"SMITH"},{"data":"Rupture","floor":15,"key":"SMITH"},{"floor":23,"key":"REST"},{"floor":32,"key":"REST"},{"data":"Limit Break","floor":40,"key":"SMITH"},{"floor":44,"key":"REST"},{"data":"Heavy Blade","floor":46,"key":"SMITH"},{"floor":49,"key":"REST"}],"circlet_count":0,"master_deck":["AscendersBane","Defend_R","Defend_R","Defend_R","Defend_R","Bash","Pommel Strike","Headbutt","Rupture+1","Carnage+1","Dual Wield","Hemokinesis","Limit Break+1","Combust+1","Fiend Fire","Bite","Bite","Bite","Rage","Armaments+1","Heavy Blade+1","Brutality","Feel No Pain","Shrug It Off","Corruption","Shrug It Off","Bludgeon"],"relics":["Burning Blood","WarpedTongs","Thread and Needle","Red Skull","Bloody Idol","Strawberry","PreservedInsect","Happy Flower","SlaversCollar","Mercury Hourglass","Bag of Marbles","Mango","Red Mask","Oddly Smooth Stone","Snecko Eye","Ginger","Anchor","Smiling Mask"],"acts_visited":["Exordium","TheCity","TheBeyond"],"potions_floor_usage":[12,16,33,38,42,50],"damage_taken":[{"damage":4,"enemies":"Jaw Worm","floor":1,"turns":4},{"damage":3,"enemies":"Small Slimes","floor":3,"turns":3},{"damage":1,"enemies":"2 Louse","floor":4,"turns":3},{"damage":12,"enemies":"Gremlin Nob","floor":7,"turns":3},{"damage":6,"enemies":"3 Sentries","floor":12,"turns":6},{"damage":6,"enemies":"Blue Slaver","floor":14,"turns":3},{"damage":36,"enemies":"Slime Boss","floor":16,"turns":6},{"damage":31,"enemies":"Chosen","floor":18,"turns":5},{"damage":22,"enemies":"3 Byrds","floor":20,"turns":5},{"damage":21,"enemies":"3 Cultists","floor":21,"turns":5},{"damage":22,"enemies":"Chosen and Byrds","floor":24,"turns":4},{"damage":9,"enemies":"Masked Bandits","floor":29,"turns":3},{"damage":20,"enemies":"Snake Plant","floor":30,"turns":4},{"damage":62,"enemies":"Collector","floor":33,"turns":8},{"damage":9,"enemies":"3 Shapes","floor":35,"turns":13},{"damage":2,"enemies":"Orb Walker","floor":37,"turns":2},{"damage":22,"enemies":"Sphere and 2 Shapes","floor":38,"turns":9},{"damage":55,"enemies":"Nemesis","floor":42,"turns":7},{"damage":8,"enemies":"3 Darklings","floor":45,"turns":4},{"damage":47,"enemies":"Reptomancer","floor":47,"turns":5},{"damage":4,"enemies":"Transient","floor":48,"turns":5},{"damage":72,"enemies":"Awakened One","floor":50,"turns":4}],"seed_played":"834811736383575341","potions_obtained":[{"floor":4,"key":"LiquidBronze"},{"floor":7,"key":"Ancient Potion"},{"floor":12,"key":"Dexterity Potion"},{"floor":14,"key":"Block Potion"},{"floor":20,"key":"FearPotion"},{"floor":33,"key":"EssenceOfSteel"},{"floor":38,"key":"Fire Potion"},{"floor":48,"key":"LiquidMemories"}],"is_trial":false,"path_per_floor":["M","$","M","M","$","R","E","?","T","?","?","E","?","M","R","B",null,"M","?","M","M","T","R","M","?","T","$","T","?","M","$","R","B",null,"M","?","M","M","?","R","$","E","T","R","M","R","E","M","R","B"],"character_chosen":"IRONCLAD","items_purchased":["Thread and Needle","Carnage","Rage","Heavy Blade","Oddly Smooth Stone","Corruption"],"campfire_rested":4,"item_purchase_floors":[2,5,27,31,31,41],"current_hp_per_floor":[68,68,68,68,68,68,62,39,46,51,44,44,44,44,44,14,64,39,39,28,18,18,42,31,31,36,36,50,56,54,54,70,33,61,63,63,70,66,66,66,66,31,36,57,64,64,38,49,70,0,0],"gold":201,"neow_bonus":"TWO_FIFTY_GOLD","is_daily":false,"chose_seed":false,"campfire_upgraded":4,"win_rate":0.0,"timestamp":1612441479,"path_taken":["M","$","M","M","$","R","E","?","T","?","?","E","?","M","R","BOSS","M","?","M","M","?","R","M","?","T","$","?","?","M","$","R","BOSS","M","?","?","M","?","R","?","E","T","R","M","R","E","M","R","BOSS"],"items_purchased_type":["Relic","Card","Card","Card","Relic","Card"],"build_version":"2020-12-22","purchased_purges":1,"victory":false,"max_hp_per_floor":[68,68,68,68,68,68,68,68,75,80,80,80,80,80,80,80,80,80,80,80,80,80,80,80,56,56,56,70,70,70,70,70,70,70,70,70,70,70,70,70,70,70,70,70,70,70,70,70,70,70,70],"relic_stats":{"Happy Flower":[30],"counters":[22,109],"Bloody Idol":70,"Snecko Eye":[71,101,71,94],"PreservedInsect":113,"Ginger":[1],"Smiling Mask":0,"obtain_stats":[{"Happy Flower":13,"Golden Idol":8,"Oddly Smooth Stone":31,"Thread and Needle":2,"Mango":28,"PreservedInsect":12,"Ginger":42,"Smiling Mask":47,"Burning Blood":0,"WarpedTongs":1,"Mercury Hourglass":22,"SlaversCollar":17,"Anchor":43,"Strawberry":9,"Bloody Idol":19,"Snecko Eye":34,"Bag of Marbles":26,"Red Mask":29,"Red Skull":7},{"Happy Flower":5,"Golden Idol":4,"Oddly Smooth Stone":13,"Thread and Needle":1,"Mango":11,"PreservedInsect":5,"Ginger":18,"Smiling Mask":20,"Burning Blood":0,"WarpedTongs":1,"Mercury Hourglass":10,"SlaversCollar":7,"Anchor":18,"Strawberry":4,"Bloody Idol":8,"Snecko Eye":14,"Bag of Marbles":11,"Red Mask":12,"Red Skull":4},{"Happy Flower":19,"Golden Idol":13,"Oddly Smooth Stone":54,"Thread and Needle":4,"Mango":47,"PreservedInsect":19,"Ginger":91,"Smiling Mask":100,"Burning Blood":0,"WarpedTongs":1,"Mercury Hourglass":43,"SlaversCollar":28,"Anchor":91,"Strawberry":13,"Bloody Idol":33,"Snecko Eye":62,"Bag of Marbles":47,"Red Mask":50,"Red Skull":13}],"Burning Blood":115,"WarpedTongs":[107],"Mercury Hourglass":[295]},"card_choices":[{"not_picked":["Sword Boomerang","Armaments"],"picked":"Pommel Strike","floor":1},{"not_picked":["Heavy Blade","Burning Pact"],"picked":"Headbutt","floor":3},{"not_picked":["Cleave","Twin Strike"],"picked":"Rupture","floor":4},{"not_picked":["Heavy Blade","Body Slam","Wild Strike"],"picked":"SKIP","floor":7},{"not_picked":["Iron Wave","Clash"],"picked":"Dual Wield","floor":12},{"not_picked":["Double Tap","Infernal Blade"],"picked":"Hemokinesis","floor":14},{"not_picked":["Juggernaut","Offering"],"picked":"Limit Break","floor":16},{"not_picked":["Headbutt","Warcry+1"],"picked":"Combust","floor":18},{"not_picked":["Cleave","Havoc","Carnage"],"picked":"SKIP","floor":20},{"not_picked":["Inflame","Body Slam"],"picked":"Fiend Fire","floor":21},{"not_picked":["Iron Wave","Evolve","Cleave"],"picked":"SKIP","floor":24},{"not_picked":["Exhume","Sever Soul"],"picked":"Armaments+1","floor":30},{"not_picked":["Fiend Fire","Offering"],"picked":"Brutality","floor":33},{"not_picked":["Heavy Blade","Headbutt"],"picked":"Feel No Pain","floor":35},{"not_picked":["Dark Embrace","Rage"],"picked":"Shrug It Off","floor":37},{"not_picked":["Body Slam","Intimidate","Cleave+1"],"picked":"SKIP","floor":38},{"not_picked":["Body Slam+1","Rage"],"picked":"Shrug It Off","floor":42},{"not_picked":["Pummel","Havoc"],"picked":"Bludgeon","floor":45},{"not_picked":["Wild Strike","Rage","Body Slam"],"picked":"SKIP","floor":47},{"not_picked":["Body Slam","Armaments","Infernal Blade"],"picked":"SKIP","floor":48}],"player_experience":2575961,"relics_obtained":[{"floor":7,"key":"Red Skull"},{"floor":9,"key":"Strawberry"},{"floor":12,"key":"PreservedInsect"},{"floor":22,"key":"Mercury Hourglass"},{"floor":26,"key":"Bag of Marbles"},{"floor":28,"key":"Mango"},{"floor":29,"key":"Red Mask"},{"floor":42,"key":"Ginger"},{"floor":43,"key":"Anchor"},{"floor":47,"key":"Smiling Mask"}],"event_choices":[{"damage_healed":0,"gold_gain":0,"player_choice":"Take Damage","damage_taken":23,"relics_obtained":["Golden Idol"],"max_hp_gain":0,"max_hp_loss":0,"event_name":"Golden Idol","floor":8,"gold_loss":0},{"damage_healed":0,"gold_gain":0,"player_choice":"Donut","damage_taken":0,"max_hp_gain":5,"max_hp_loss":0,"event_name":"Big Fish","floor":10,"gold_loss":0},{"cards_removed":["Strike_R"],"damage_healed":0,"gold_gain":0,"player_choice":"Card Removal","damage_taken":7,"max_hp_gain":0,"max_hp_loss":0,"event_name":"Golden Wing","floor":11,"gold_loss":0},{"damage_healed":0,"gold_gain":30,"player_choice":"Searched \u00272\u0027 times","damage_taken":0,"relics_obtained":["Happy Flower"],"max_hp_gain":0,"max_hp_loss":0,"event_name":"Dead Adventurer","floor":13,"gold_loss":0},{"damage_healed":0,"gold_gain":0,"player_choice":"Gave Idol","damage_taken":0,"relics_obtained":["Bloody Idol"],"max_hp_gain":0,"max_hp_loss":0,"event_name":"Forgotten Altar","floor":19,"relics_lost":["Golden Idol"],"gold_loss":0},{"damage_healed":0,"gold_gain":0,"player_choice":"Became a vampire","damage_taken":0,"max_hp_gain":0,"max_hp_loss":24,"event_name":"Vampires","floor":25,"gold_loss":0,"cards_obtained":["Bite","Bite","Bite","Bite","Bite"]},{"damage_healed":0,"gold_gain":0,"player_choice":"Fought Bandits","damage_taken":0,"max_hp_gain":0,"max_hp_loss":0,"event_name":"Masked Bandits","floor":29,"gold_loss":0},{"damage_healed":0,"gold_gain":0,"player_choice":"Upgraded","damage_taken":0,"max_hp_gain":0,"max_hp_loss":0,"event_name":"Upgrade Shrine","floor":36,"gold_loss":0,"cards_upgraded":["Combust"]},{"cards_removed":["Bite"],"damage_healed":0,"gold_gain":0,"player_choice":"Removed Attack","damage_taken":0,"max_hp_gain":0,"max_hp_loss":0,"event_name":"Falling","floor":39,"gold_loss":0}],"is_beta":false,"boss_relics":[{"not_picked":["Runic Dome","Calling Bell"],"picked":"SlaversCollar"},{"not_picked":["Black Star","Runic Pyramid"],"picked":"Snecko Eye"}],"items_purged_floors":[27],"is_endless":false,"potions_floor_spawned":[4,7,12,14,20,21,33,35,38,48],"killed_by":"Awakened One","ascension_level":15}}