{"host":"5dk97cf2ubw2v967","time":1612416423,"event":{"mods":["AlwaysNeverKeys","BaseMod","Better Altar","Better Vampires","Block Reminder","Card Filter","Colored Powertips","Downfall","Googly Eyes","Highlight Path","Minty Spire (QoL Compilation)","Permanent Neow","Potion Indicator Mod","Quick Restart","Relic Filter","Relic Stats","Say the Spire","Spicy Shops","StSLib","Waifu the Spire","everything is the same but u backflip on backflip"],"gold_per_floor":[99,117,147,147,57,73,73,73,87,87,72,97,97,125,136,210,210,110,122,134,134,151,151,151,169,54,72,101,1,1,1,1],"floor_reached":30,"language":"ENG","playtime":2615,"items_purged":["Guardian:Defend_Guardian","Shame"],"score":476,"play_id":"826d9631-e552-411c-8997-344c9aae2349","local_time":"20210204052703","is_ascension_mode":true,"campfire_choices":[{"data":"Guardian:TwinSlam","floor":1.0,"key":"SMITH"},{"data":"Guardian:Defend_Guardian","floor":8.0,"key":"SMITH"},{"floor":10.0,"key":"RECALL"},{"floor":13.0,"key":"REST"},{"data":"Guardian:StasisEngine","floor":18.0,"key":"SMITH"},{"data":"Guardian:DecasProtection","floor":23.0,"key":"SMITH"},{"data":"Guardian:Defend_Guardian","floor":29,"key":"SMITH"}],"circlet_count":0,"master_deck":["AscendersBane","Guardian:Strike_Guardian","Guardian:Strike_Guardian","Guardian:Strike_Guardian","Guardian:Strike_Guardian","Guardian:Defend_Guardian+1","Guardian:Defend_Guardian","Guardian:Defend_Guardian+1","Guardian:CurlUp","Guardian:TwinSlam+1","Guardian:BronzeOrb","Guardian:WalkerClaw","Guardian:AncientConstruct","Guardian:StasisEngine","Guardian:Reroute","Guardian:StasisEngine+1","Guardian:DecasProtection+1","Guardian:StasisEngine+1","Guardian:StasisEngine","Guardian:Gem_Orange","Guardian:ShieldCharger","Guardian:Gem_Cyan","Guardian:Gem_Red"],"relics":["Guardian:ModeShifter","Pocketwatch","Bird Faced Urn","Spirit Poop","Eternal Feather","Singing Bowl","Ice Cream","Coffee Dripper","downfall:HeartBlessingRed","Matryoshka","downfall:HeartBlessingBlue"],"acts_visited":["Exordium","TheCity"],"potions_floor_usage":[28],"damage_taken":[{"damage":7.0,"enemies":"Jaw Worm","floor":2.0,"turns":4.0},{"damage":0.0,"enemies":"downfall:FleeingMerchant","floor":5.0,"turns":4.0},{"damage":0.0,"enemies":"Small Slimes","floor":6.0,"turns":3.0},{"damage":0.0,"enemies":"Cultist","floor":9.0,"turns":4.0},{"damage":7.0,"enemies":"downfall:FleeingMerchant","floor":11.0,"turns":4.0},{"damage":16.0,"enemies":"3 Sentries","floor":12.0,"turns":8.0},{"damage":4.0,"enemies":"Lagavulin","floor":14.0,"turns":6.0},{"damage":0.0,"enemies":"3 Louse","floor":15.0,"turns":4.0},{"damage":2.0,"enemies":"SI_SHIV_ARCHETYPE","floor":16.0,"turns":11.0},{"damage":12.0,"enemies":"Shell Parasite","floor":19.0,"turns":5.0},{"damage":0.0,"enemies":"Chosen","floor":20.0,"turns":4.0},{"damage":23.0,"enemies":"Centurion and Healer","floor":22.0,"turns":8.0},{"damage":33.0,"enemies":"3 Cultists","floor":25.0,"turns":7.0},{"damage":14.0,"enemies":"downfall:FleeingMerchant","floor":26.0,"turns":4.0},{"damage":11.0,"enemies":"Snake Plant","floor":27.0,"turns":6.0},{"damage":38,"enemies":"Gremlin Leader","floor":28,"turns":9},{"damage":47,"enemies":"Slavers","floor":30,"turns":8}],"seed_played":"-6389959332848787200","potions_obtained":[{"floor":2.0,"key":"FearPotion"},{"floor":12.0,"key":"GamblersBrew"},{"floor":15.0,"key":"SpeedPotion"},{"floor":19.0,"key":"Explosive Potion"},{"floor":20.0,"key":"PowerPotion"}],"is_trial":false,"path_per_floor":["R","M","?","?","$","M","T","R","M","R","$","E","R","E","M","B",null,"R","M","M","?","M","R","T","M","$","M","E","R","E"],"character_chosen":"GUARDIAN","items_purchased":[],"campfire_rested":1,"item_purchase_floors":[],"current_hp_per_floor":[65,58,58,58,58,58,58,64,64,70,63,49,72,68,68,70,72,72,64,70,70,57,69,69,47,39,40,16,38,3,3,3],"gold":1,"neow_bonus":"ONE_RARE_RELIC","is_daily":false,"chose_seed":false,"campfire_upgraded":5,"win_rate":0.0,"timestamp":1612416423,"path_taken":["R","M","?","?","$","?","T","R","M","R","$","E","R","E","M","BOSS","R","M","M","?","M","R","T","M","$","?","E","R","E"],"items_purchased_type":[],"build_version":"2020-12-22","purchased_purges":2,"victory":false,"max_hp_per_floor":[72,72,72,72,72,72,72,72,72,72,72,72,72,72,72,72,72,72,72,72,72,74,74,74,74,74,74,74,84,84,84,84],"relic_stats":{"Singing Bowl":2,"counters":[17,99],"Bird Faced Urn":[79],"Eternal Feather":42,"obtain_stats":[{"Ice Cream":14,"Matryoshka":28,"Singing Bowl":12,"downfall:HeartBlessingRed":18,"downfall:HeartBlessingBlue":29,"Bird Faced Urn":3,"Guardian:ModeShifter":0,"Spirit Poop":4,"Eternal Feather":7,"Coffee Dripper":17,"Pocketwatch":0},{"Ice Cream":7,"Matryoshka":16,"Singing Bowl":6,"downfall:HeartBlessingRed":9,"downfall:HeartBlessingBlue":16,"Bird Faced Urn":1,"Guardian:ModeShifter":0,"Spirit Poop":1,"Eternal Feather":3,"Coffee Dripper":9,"Pocketwatch":0},{"Ice Cream":33,"Matryoshka":91,"Singing Bowl":27,"downfall:HeartBlessingRed":48,"downfall:HeartBlessingBlue":91,"Bird Faced Urn":4,"Guardian:ModeShifter":0,"Spirit Poop":4,"Eternal Feather":11,"Coffee Dripper":48,"Pocketwatch":0}],"Pocketwatch":[90]},"card_choices":[{"not_picked":["Guardian:Gem_Red","Guardian:ChargeCore"],"picked":"Guardian:BronzeOrb","floor":2.0},{"not_picked":["Guardian:RollAttack","Guardian:Gem_Lightblue"],"picked":"Guardian:Gem_Cyan","floor":5.0},{"not_picked":["Guardian:Gem_Lightblue","Guardian:Gem_Green"],"picked":"Guardian:Gem_Cyan","floor":6.0},{"not_picked":["Guardian:Gem_Red","Guardian:Gem_Green"],"picked":"Guardian:WalkerClaw","floor":9.0},{"not_picked":["Guardian:Gem_Crimson","Guardian:MultiBeam"],"picked":"Guardian:AncientConstruct","floor":11.0},{"not_picked":["Guardian:RollAttack","Guardian:Emergency"],"picked":"Guardian:Gem_Cyan","floor":12.0},{"not_picked":["Guardian:ChargeCore","Guardian:PrimingBeam"],"picked":"Guardian:StasisEngine","floor":14.0},{"not_picked":["Guardian:CrystalBeam","Guardian:DecasProtection"],"picked":"Guardian:Reroute","floor":15.0},{"not_picked":["Guardian:StasisStrike","Guardian:ConstructionForm"],"picked":"Guardian:StasisEngine","floor":16.0},{"not_picked":["Guardian:ChargeCore","Guardian:ShieldSpikes"],"picked":"Guardian:Gem_Cyan","floor":19.0},{"not_picked":["Guardian:ChargeCore","Guardian:Gem_Purple"],"picked":"Guardian:DecasProtection","floor":20.0},{"not_picked":["Guardian:PiercingHide","Guardian:Incinerate","Guardian:RollAttack"],"picked":"Singing Bowl","floor":22.0},{"not_picked":["Guardian:Recover","Guardian:VentSteam"],"picked":"Guardian:Gem_Orange","floor":25.0},{"not_picked":["Guardian:WalkerClaw","Guardian:Suspension"],"picked":"Guardian:ShieldCharger","floor":26.0},{"not_picked":["Guardian:CrystalBeam","Guardian:ChargeCore"],"picked":"Guardian:Gem_Cyan","floor":27.0},{"not_picked":["Guardian:Clone","Guardian:ChargeCore"],"picked":"Guardian:Gem_Red","floor":28}],"player_experience":1283336,"relics_obtained":[{"floor":7.0,"key":"Eternal Feather"},{"floor":12.0,"key":"Singing Bowl"},{"floor":14.0,"key":"Ice Cream"},{"floor":28,"key":"Matryoshka"}],"event_choices":[{"cards_removed":["downfall:Bewildered"],"damage_healed":0.0,"max_hp_gain":0.0,"max_hp_loss":0.0,"gold_gain":0.0,"event_name":"Bonfire Elementals","player_choice":"Offered Curse","floor":4.0,"gold_loss":0.0,"damage_taken":0.0,"relics_obtained":["Spirit Poop"]}],"is_beta":false,"boss_relics":[{"not_picked":["Calling Bell","Snecko Eye"],"picked":"Coffee Dripper"}],"items_purged_floors":[5,26],"is_endless":false,"potions_floor_spawned":[2,12,15,19,20,22],"killed_by":"Slavers","ascension_level":15}}