{"host":"fj5i6t4nkss7815d","time":1612400418,"event":{"mods":["AchievementEnabler","BaseMod","Minty Spire (QoL Compilation)","Quick Restart","Relic Stats"],"gold_per_floor":[110,120,195,209,227,227,377,377,377],"floor_reached":8,"language":"ENG","playtime":294,"items_purged":[],"score":91,"play_id":"7ac8e41d-9043-4e88-96e3-b6e65faed4dd","local_time":"20210203170018","is_ascension_mode":true,"campfire_choices":[{"floor":6,"key":"REST"}],"circlet_count":0,"master_deck":["AscendersBane","Strike_G","Strike_G","Strike_G","Strike_G","Strike_G","Defend_G","Defend_G","Defend_G","Defend_G","Defend_G","Survivor","Neutralize","Blade Dance","Dagger Throw","Caltrops","Prepared","Doubt"],"relics":["SacredBark"],"acts_visited":["Exordium"],"potions_floor_usage":[5],"damage_taken":[{"damage":6,"enemies":"Cultist","floor":1,"turns":5},{"damage":14,"enemies":"Small Slimes","floor":2,"turns":4},{"damage":3,"enemies":"2 Louse","floor":4,"turns":3},{"damage":4,"enemies":"Large Slime","floor":5,"turns":5},{"damage":30,"enemies":"Gremlin Nob","floor":8,"turns":4}],"seed_played":"999413912484053004","potions_obtained":[{"floor":4,"key":"AttackPotion"}],"is_trial":false,"path_per_floor":["M","M","?","M","M","R","?","E"],"character_chosen":"THE_SILENT","items_purchased":[],"campfire_rested":1,"item_purchase_floors":[],"current_hp_per_floor":[53,39,28,25,21,40,40,10,10],"gold":377,"neow_bonus":"BOSS_RELIC","is_daily":false,"chose_seed":false,"campfire_upgraded":0,"win_rate":0.0,"timestamp":1612400418,"path_taken":["M","M","?","M","M","R","?","E"],"items_purchased_type":[],"build_version":"2020-12-22","purchased_purges":0,"victory":false,"max_hp_per_floor":[66,66,66,66,66,66,66,66,66],"relic_stats":{"counters":[5,21],"obtain_stats":[{"SacredBark":0,"Ring of the Snake":0},{"SacredBark":0,"Ring of the Snake":0},{"SacredBark":0,"Ring of the Snake":0}]},"card_choices":[{"not_picked":["Prepared","Footwork"],"picked":"Blade Dance","floor":1},{"not_picked":["Quick Slash","Dash"],"picked":"Dagger Throw","floor":2},{"not_picked":["Tactician","Deflect"],"picked":"Caltrops","floor":4},{"not_picked":["Flying Knee","Flechettes"],"picked":"Prepared","floor":5}],"player_experience":1013739,"relics_obtained":[],"event_choices":[{"damage_healed":0,"gold_gain":75,"player_choice":"Gather Gold","damage_taken":11,"max_hp_gain":0,"max_hp_loss":0,"event_name":"World of Goop","floor":3,"gold_loss":0},{"damage_healed":0,"gold_gain":150,"player_choice":"AGREE","damage_taken":0,"max_hp_gain":0,"max_hp_loss":0,"event_name":"Liars Game","floor":7,"gold_loss":0,"cards_obtained":["Doubt"]}],"is_beta":false,"boss_relics":[],"items_purged_floors":[],"is_endless":false,"potions_floor_spawned":[4],"killed_by":"Gremlin Nob","ascension_level":18}}