{"host":"n9ppbm26tsy3ls9n","time":1612463860,"event":{"mods":["AchievementEnabler","BaseMod","Colored Map","Colored Powertips","Curses Come First","Highlight Path","Minty Spire (QoL Compilation)","Quick Restart","Rare Cards Sparkle","Relic Stats","StSLib"],"gold_per_floor":[116,66,166,180,193,193,228,228,228,228,257,268,303,303,303,303,303],"floor_reached":16,"language":"ENG","playtime":827,"items_purged":[],"score":124,"play_id":"f3affda7-7eb0-4c89-a232-8018ae45d9ca","local_time":"20210204193740","is_ascension_mode":true,"campfire_choices":[{"floor":6,"key":"RECALL"},{"floor":8,"key":"REST"},{"floor":15,"key":"REST"}],"circlet_count":0,"master_deck":["Strike_P","Strike_P","Strike_P","Defend_P","Defend_P","Defend_P","Defend_P+1","Eruption","Vigilance","FollowUp","FlurryOfBlows+1","InnerPeace","CrushJoints","Evaluate","JustLucky","EmptyFist","Parasite"],"relics":["PureWater","Tiny Chest","Eternal Feather","Mummified Hand"],"acts_visited":["Exordium"],"potions_floor_usage":[11],"damage_taken":[{"damage":1,"enemies":"Jaw Worm","floor":1,"turns":5},{"damage":5,"enemies":"Cultist","floor":4,"turns":5},{"damage":2,"enemies":"Small Slimes","floor":5,"turns":3},{"damage":30,"enemies":"3 Sentries","floor":7,"turns":11},{"damage":9,"enemies":"Gremlin Nob","floor":11,"turns":3},{"damage":0,"enemies":"Looter","floor":12,"turns":2},{"damage":29,"enemies":"3 Sentries","floor":13,"turns":15},{"damage":61,"enemies":"Hexaghost","floor":16,"turns":11}],"seed_played":"6585139644921309954","potions_obtained":[{"floor":4,"key":"Weak Potion"},{"floor":7,"key":"SpeedPotion"}],"is_trial":false,"path_per_floor":["M","?","?","M","M","R","E","R","T","?","E","M","E","?","R","B"],"character_chosen":"WATCHER","items_purchased":[],"campfire_rested":2,"item_purchase_floors":[],"current_hp_per_floor":[78,78,78,73,71,71,41,64,64,48,39,39,10,29,61,0,0],"gold":303,"neow_bonus":"TEN_PERCENT_HP_BONUS","is_daily":false,"chose_seed":false,"campfire_upgraded":0,"win_rate":0.0,"timestamp":1612463860,"path_taken":["M","?","?","?","?","R","E","R","T","?","E","M","E","?","R","BOSS"],"items_purchased_type":[],"build_version":"2020-12-22","purchased_purges":0,"victory":false,"max_hp_per_floor":[79,79,79,79,79,79,79,79,79,79,79,79,79,79,79,79,79],"relic_stats":{"counters":[8,55],"Mummified Hand":[0],"Tiny Chest":0,"Eternal Feather":9,"obtain_stats":[{"Mummified Hand":13,"Tiny Chest":7,"Eternal Feather":11,"PureWater":0},{"Mummified Hand":7,"Tiny Chest":4,"Eternal Feather":5,"PureWater":0},{"Mummified Hand":44,"Tiny Chest":24,"Eternal Feather":27,"PureWater":0}]},"card_choices":[{"not_picked":["CrushJoints","SashWhip"],"picked":"FollowUp","floor":1},{"not_picked":["Prostrate","ClearTheMind"],"picked":"FlurryOfBlows","floor":4},{"not_picked":["Swivel","Halt"],"picked":"InnerPeace","floor":5},{"not_picked":["ClearTheMind","SignatureMove"],"picked":"CrushJoints","floor":7},{"not_picked":["ClearTheMind","Halt"],"picked":"Evaluate","floor":11},{"not_picked":["FlyingSleeves","Conclude"],"picked":"JustLucky","floor":12},{"not_picked":["Vengeance","TalkToTheHand"],"picked":"EmptyFist","floor":13}],"player_experience":753310,"relics_obtained":[{"floor":7,"key":"Tiny Chest"},{"floor":11,"key":"Eternal Feather"},{"floor":13,"key":"Mummified Hand"}],"event_choices":[{"cards_removed":["Strike_P"],"damage_healed":0,"gold_gain":0,"player_choice":"Card Removal","damage_taken":0,"max_hp_gain":0,"max_hp_loss":0,"event_name":"The Cleric","floor":2,"gold_loss":50},{"damage_healed":0,"gold_gain":100,"player_choice":"Pray","damage_taken":0,"max_hp_gain":0,"max_hp_loss":0,"event_name":"Golden Shrine","floor":3,"gold_loss":0},{"damage_healed":0,"gold_gain":0,"player_choice":"Entered Light","damage_taken":16,"max_hp_gain":0,"max_hp_loss":0,"event_name":"Shining Light","floor":10,"gold_loss":0,"cards_upgraded":["FlurryOfBlows","Defend_P"]},{"damage_healed":19,"gold_gain":0,"player_choice":"Healed and dodged fight","damage_taken":0,"max_hp_gain":0,"max_hp_loss":0,"event_name":"Mushrooms","floor":14,"gold_loss":0,"cards_obtained":["Parasite"]}],"is_beta":false,"boss_relics":[],"items_purged_floors":[],"is_endless":false,"potions_floor_spawned":[4,7],"killed_by":"Hexaghost","ascension_level":1}}