{"host":"ceheqh86fk4eo7wc","time":1612474104,"event":{"mods":["Aspiration","BaseMod","BetterRewards","Conspire","Downfall","Hermit","Hubris","Infinite Spire","Marisa????????","Minty Spire (QoL Compilation)","READ ME - Snecko Mod","Replay The Spire","StSLib","The Administrix","The Animator","The Cursed","The Poker Player","The Servant 0.9.4","slay the spire mod where everything is the same but ironclad has a cowboy hat"],"gold_per_floor":[112,112,125,125,137,137,151,170,196,103,103,103,121,140,140,244,244,244,244],"floor_reached":18,"language":"ENG","playtime":627,"items_purged":[],"score":154,"play_id":"d536bcbf-1cc5-4732-991e-a7a3cfc802a4","local_time":"20210204132824","is_ascension_mode":false,"campfire_choices":[{"data":"Clothesline","floor":6,"key":"SMITH"},{"floor":12,"key":"REST"},{"data":"Perfected Strike","floor":15,"key":"SMITH"}],"circlet_count":0,"master_deck":["Strike_R","Strike_R","Strike_R","Strike_R","Strike_R","Defend_R","Defend_R","Defend_R","Bash","hubris:ReadiedAction","conspire:ExplosiveBarrier","Clothesline+1","Perfected Strike+1","Enlightenment","Demonic Infusion","Intimidate","Clothesline","Brutality"],"relics":["Burning Blood","NeowsBlessing","Nunchaku","hubris:BlackHole"],"acts_visited":["Exordium","TheCity"],"potions_floor_usage":[7,7,13],"damage_taken":[{"damage":0,"enemies":"2 Louse","floor":1,"turns":1},{"damage":0,"enemies":"Small Slimes","floor":3,"turns":1},{"damage":0,"enemies":"Cultist","floor":5,"turns":1},{"damage":22,"enemies":"Gremlin Gang","floor":7,"turns":6},{"damage":16,"enemies":"Lots of Slimes","floor":8,"turns":5},{"damage":0,"enemies":"Large Slime","floor":13,"turns":6},{"damage":4,"enemies":"Looter","floor":14,"turns":3},{"damage":59,"enemies":"The Guardian","floor":16,"turns":12},{"damage":33,"enemies":"Chosen","floor":18,"turns":7}],"seed_played":"4248426556673809973","potions_obtained":[{"floor":1,"key":"Block Potion"},{"floor":3,"key":"Block Potion"},{"floor":5,"key":"Milkshake"},{"floor":8,"key":"SkillPotion"},{"floor":13,"key":"Elixir"}],"is_trial":false,"path_per_floor":["M","?","M","$","M","R","M","M","T","$","?","R","M","M","R","B",null,"M"],"character_chosen":"IRONCLAD","items_purchased":["Enlightenment"],"campfire_rested":1,"item_purchase_floors":[10],"current_hp_per_floor":[80,73,79,79,80,80,64,54,54,54,54,78,80,80,80,27,80,47,47],"gold":244,"neow_bonus":"THREE_ENEMY_KILL","is_daily":false,"chose_seed":false,"campfire_upgraded":2,"win_rate":0.0,"timestamp":1612474104,"path_taken":["M","?","M","$","M","R","M","M","T","$","?","R","?","M","R","BOSS","M"],"items_purchased_type":["Card"],"build_version":"2020-12-22","purchased_purges":0,"victory":false,"max_hp_per_floor":[80,80,80,80,80,80,80,80,80,80,80,80,80,80,80,80,80,80,80],"card_choices":[{"not_picked":["True Grit","infinitespire:OneForAll"],"picked":"hubris:ReadiedAction","floor":1},{"not_picked":["ReplayTheSpireMod:Muscle Training","Sever Soul"],"picked":"conspire:ExplosiveBarrier","floor":3},{"not_picked":["Shrug It Off","Body Slam"],"picked":"Clothesline","floor":5},{"not_picked":["Thunderclap","Pommel Strike"],"picked":"Perfected Strike","floor":7},{"not_picked":["Body Slam","Combust"],"picked":"Inflame","floor":8},{"not_picked":["Infernal Blade","Sword Boomerang"],"picked":"Intimidate","floor":13},{"not_picked":["Burning Pact","Juggernaut"],"picked":"Clothesline","floor":14},{"not_picked":["conspire:Purge","Juggernaut"],"picked":"Brutality","floor":16}],"player_experience":67880,"relics_obtained":[{"floor":9,"key":"Nunchaku"}],"event_choices":[{"cards_removed":["Defend_R"],"damage_healed":0,"gold_gain":0,"player_choice":"Card Removal","damage_taken":7,"max_hp_gain":0,"max_hp_loss":0,"event_name":"Golden Wing","floor":2,"gold_loss":0},{"damage_healed":0,"gold_gain":0,"cards_transformed":["Inflame"],"player_choice":"Transformed","damage_taken":0,"max_hp_gain":0,"max_hp_loss":0,"event_name":"Transmorgrifier","floor":11,"gold_loss":0,"cards_obtained":["Demonic Infusion"]}],"is_beta":false,"boss_relics":[{"not_picked":["infinitespire:Cupcake","infinitespire:Burning Sword"],"picked":"hubris:BlackHole"}],"items_purged_floors":[],"is_endless":false,"potions_floor_spawned":[1,3,5,8,13],"killed_by":"Chosen","ascension_level":0}}