{"host":"v86vpwf004p2esb7","time":1612481081,"event":{"mods":["AchievementEnabler","BaseMod","BetterRewards","Colored Powertips","Minty Spire (QoL Compilation)","Quick Restart","StSLib","Transform Curses"],"gold_per_floor":[117,128,128,128,142,180,180,180,180,199,214,237,53,68,68,191,191,216,131,131,131,151,184,184,219,243,263,20,53,69,82,82,82,82],"floor_reached":33,"language":"ENG","playtime":1645,"items_purged":[],"score":434,"play_id":"11f7fd21-a510-45e1-8c66-a18daf0c9f1f","local_time":"20210204152441","is_ascension_mode":false,"campfire_choices":[{"floor":7,"key":"REST"},{"floor":15,"key":"RECALL"},{"data":"Night Terror","floor":24,"key":"SMITH"},{"floor":32,"key":"REST"}],"circlet_count":0,"master_deck":["Strike_G+1","Strike_G+1","Defend_G+1","Defend_G+1","Defend_G+1","Defend_G+1","Defend_G+1","Survivor","Neutralize","Footwork","Blade Dance+1","Bane","Poisoned Stab+1","Bouncing Flask","Prepared","Deflect","Envenom","Panache","Bane+1","Night Terror+1","Expertise+1","A Thousand Cuts+1","Acrobatics+1","Accuracy","Deflect","Deadly Poison","Bullet Time","Well Laid Plans","Concentrate+1","Dodge and Roll","Cloak And Dagger"],"relics":["Ring of the Snake","Ninja Scroll","Golden Idol","Blue Candle","Kunai","Astrolabe","Orichalcum","Enchiridion","Oddly Smooth Stone","Whetstone","Potion Belt","Ornamental Fan","Toy Ornithopter"],"acts_visited":["Exordium","TheCity"],"potions_floor_usage":[16,23,25,25,25,31,33],"damage_taken":[{"damage":7,"enemies":"Jaw Worm","floor":1,"turns":4},{"damage":0,"enemies":"2 Louse","floor":2,"turns":3},{"damage":0,"enemies":"Cultist","floor":5,"turns":3},{"damage":6,"enemies":"Gremlin Nob","floor":6,"turns":4},{"damage":0,"enemies":"Large Slime","floor":10,"turns":4},{"damage":0,"enemies":"Looter","floor":11,"turns":1},{"damage":0,"enemies":"Exordium Wildlife","floor":12,"turns":2},{"damage":3,"enemies":"Red Slaver","floor":14,"turns":3},{"damage":33,"enemies":"The Guardian","floor":16,"turns":8},{"damage":12,"enemies":"Shell Parasite","floor":18,"turns":3},{"damage":0,"enemies":"Chosen","floor":22,"turns":3},{"damage":15,"enemies":"Gremlin Leader","floor":23,"turns":7},{"damage":0,"enemies":"Slavers","floor":25,"turns":2},{"damage":14,"enemies":"Centurion and Healer","floor":27,"turns":5},{"damage":6,"enemies":"Book of Stabbing","floor":29,"turns":4},{"damage":2,"enemies":"Chosen and Byrds","floor":30,"turns":3},{"damage":3,"enemies":"Snecko","floor":31,"turns":4},{"damage":34,"enemies":"Automaton","floor":33,"turns":6}],"seed_played":"-8698360525325340973","potions_obtained":[{"floor":1,"key":"DistilledChaos"},{"floor":5,"key":"PowerPotion"},{"floor":6,"key":"Poison Potion"},{"floor":16,"key":"GamblersBrew"},{"floor":18,"key":"Block Potion"},{"floor":23,"key":"Block Potion"},{"floor":27,"key":"ColorlessPotion"},{"floor":30,"key":"Dexterity Potion"}],"is_trial":false,"path_per_floor":["M","M","?","?","M","E","R","?","T","M","M","M","$","M","R","B",null,"M","?","?","?","M","E","R","E","T","M","$","E","M","M","R","B"],"character_chosen":"THE_SILENT","items_purchased":["Ninja Scroll","Footwork","Panache","Ornamental Fan"],"campfire_rested":2,"item_purchase_floors":[0,0,13,28],"current_hp_per_floor":[54,54,54,37,37,31,52,70,70,70,70,70,70,67,67,34,70,58,58,42,42,42,27,27,27,27,13,13,7,5,7,28,0,0],"gold":82,"neow_bonus":"","is_daily":false,"chose_seed":false,"campfire_upgraded":1,"win_rate":0.0,"timestamp":1612481081,"path_taken":["M","M","?","?","M","E","R","?","T","M","M","M","$","?","R","BOSS","M","?","?","?","M","E","R","E","T","?","?","E","M","?","R","BOSS"],"items_purchased_type":["Relic","Card","Card","Relic"],"build_version":"2020-12-22","purchased_purges":0,"victory":false,"max_hp_per_floor":[70,70,70,70,70,70,70,70,70,70,70,70,70,70,70,70,70,70,70,70,70,70,70,70,70,70,70,70,70,70,70,70,70,70],"card_choices":[{"not_picked":["Distraction","Accuracy"],"picked":"Blade Dance","floor":1},{"not_picked":["Underhanded Strike","Backflip"],"picked":"Bane","floor":2},{"not_picked":["Backflip","Acrobatics"],"picked":"Poisoned Stab","floor":5},{"not_picked":["Sucker Punch","Quick Slash"],"picked":"Bouncing Flask","floor":6},{"not_picked":["Choke","Acrobatics"],"picked":"Prepared","floor":10},{"not_picked":["Heel Hook","Reflex"],"picked":"Deflect","floor":11},{"not_picked":["Masterful Stab","Slice"],"picked":"Envenom","floor":12},{"not_picked":["Slice","Prepared"],"picked":"Bane","floor":14},{"not_picked":["Storm of Steel","Adrenaline"],"picked":"Night Terror","floor":16},{"not_picked":["Dash","Catalyst"],"picked":"Accuracy","floor":18},{"not_picked":["Acrobatics","Outmaneuver"],"picked":"Deflect","floor":22},{"not_picked":["Terror","Crippling Poison"],"picked":"Deadly Poison","floor":23},{"not_picked":["Backstab","Predator+1"],"picked":"Bullet Time","floor":25},{"not_picked":["All Out Attack+1","Prepared"],"picked":"Well Laid Plans","floor":27},{"not_picked":["Choke","Dagger Spray+1"],"picked":"Concentrate+1","floor":29},{"not_picked":["All Out Attack","Bane"],"picked":"Dodge and Roll","floor":30},{"not_picked":["PiercingWail","Bouncing Flask"],"picked":"Cloak And Dagger","floor":31}],"player_experience":253822,"relics_obtained":[{"floor":6,"key":"Blue Candle"},{"floor":9,"key":"Kunai"},{"floor":20,"key":"Enchiridion"},{"floor":23,"key":"Oddly Smooth Stone"},{"floor":25,"key":"Whetstone"},{"floor":26,"key":"Potion Belt"},{"floor":29,"key":"Toy Ornithopter"}],"event_choices":[{"damage_healed":0,"gold_gain":0,"player_choice":"Grow","damage_taken":0,"max_hp_gain":0,"max_hp_loss":0,"event_name":"Living Wall","floor":3,"gold_loss":0,"cards_upgraded":["Blade Dance"]},{"damage_healed":0,"gold_gain":0,"player_choice":"Take Damage","damage_taken":17,"relics_obtained":["Golden Idol"],"max_hp_gain":0,"max_hp_loss":0,"event_name":"Golden Idol","floor":4,"gold_loss":0},{"damage_healed":18,"gold_gain":0,"player_choice":"Full Heal","damage_taken":0,"max_hp_gain":0,"max_hp_loss":0,"event_name":"Wheel of Change","floor":8,"gold_loss":0},{"damage_healed":0,"gold_gain":0,"player_choice":"Obtained Relic","damage_taken":0,"relics_obtained":["Orichalcum"],"max_hp_gain":0,"max_hp_loss":0,"event_name":"Addict","floor":19,"gold_loss":85},{"damage_healed":0,"gold_gain":0,"player_choice":"Obtained Book","damage_taken":16,"max_hp_gain":0,"max_hp_loss":0,"event_name":"Cursed Tome","floor":20,"gold_loss":0},{"damage_healed":0,"gold_gain":0,"player_choice":"Simplicity","damage_taken":0,"max_hp_gain":0,"max_hp_loss":0,"event_name":"Back to Basics","floor":21,"gold_loss":0,"cards_upgraded":["Strike_G","Strike_G","Defend_G","Defend_G","Defend_G","Defend_G","Defend_G"]}],"is_beta":false,"boss_relics":[{"not_picked":["Pandora\u0027s Box","Runic Dome"],"picked":"Astrolabe"}],"items_purged_floors":[],"is_endless":false,"potions_floor_spawned":[1,5,6,16,18,23,27,30],"killed_by":"Automaton","ascension_level":0}}