{"host":"6q6idgl71g9ab7at","time":1612423309,"event":{"mods":["BaseMod","Minty Spire (QoL Compilation)","StSLib","SuperFastMode"],"gold_per_floor":[215,165,185,101,101,101,114,146,169,169,169,180,180,56,68,68,167,167,184,204,220,231,55,55,90,108,108,108,108,122,149,49,49,153,153,168,43,43,4,4,33,33,60,60,60,110,19,19,52,52,52],"floor_reached":52,"language":"KOR","playtime":1283,"items_purged":["Strike_R","Battle Trance","Battle Trance"],"score":998,"play_id":"db369418-2340-416e-ad3a-4c1fc26cf358","local_time":"20210204162149","is_ascension_mode":true,"campfire_choices":[{"data":"Pommel Strike","floor":6.0,"key":"SMITH"},{"data":"Rampage","floor":10.0,"key":"SMITH"},{"data":"Double Tap","floor":16.0,"key":"SMITH"},{"data":"Apotheosis","floor":24.0,"key":"SMITH"},{"data":"Double Tap","floor":28.0,"key":"SMITH"},{"data":"Warcry","floor":33.0,"key":"SMITH"},{"data":"Dual Wield","floor":45.0,"key":"SMITH"},{"data":"Deep Breath","floor":48.0,"key":"SMITH"},{"data":"Headbutt","floor":50,"key":"SMITH"}],"circlet_count":0,"master_deck":["Strike_R","Strike_R","Strike_R","Defend_R","Defend_R","Bash","Pommel Strike+1","Flash of Steel","Double Tap+1","Rampage+1","Shrug It Off","Double Tap+1","Pommel Strike","Bloodletting+1","Shrug It Off","Dropkick","Apotheosis+1","Warcry+1","Intimidate+1","CurseOfTheBell","Dual Wield+1","Deep Breath+1","Second Wind+1","Finesse","Headbutt+1"],"relics":["Burning Blood","Bag of Marbles","Ancient Tea Set","Coffee Dripper","FossilizedHelix","HornCleat","Pantograph","Regal Pillow","Calling Bell","Juzu Bracelet","Sundial","Girya","Nunchaku","Paper Frog","Darkstone Periapt","Prayer Wheel","Bottled Lightning"],"acts_visited":["TheCity","TheBeyond"],"potions_floor_usage":[],"damage_taken":[{"damage":10.0,"enemies":"Small Slimes","floor":1.0,"turns":4.0},{"damage":6.0,"enemies":"Cultist","floor":3.0,"turns":3.0},{"damage":7.0,"enemies":"Jaw Worm","floor":7.0,"turns":2.0},{"damage":18.0,"enemies":"Gremlin Nob","floor":8.0,"turns":3.0},{"damage":6.0,"enemies":"Exordium Thugs","floor":12.0,"turns":2.0},{"damage":8.0,"enemies":"Blue Slaver","floor":15.0,"turns":3.0},{"damage":47.0,"enemies":"Slime Boss","floor":17.0,"turns":11.0},{"damage":11.0,"enemies":"Spheric Guardian","floor":19.0,"turns":3.0},{"damage":9.0,"enemies":"2 Thieves","floor":20.0,"turns":3.0},{"damage":28.0,"enemies":"Centurion and Healer","floor":21.0,"turns":3.0},{"damage":3.0,"enemies":"Chosen and Byrds","floor":22.0,"turns":3.0},{"damage":18.0,"enemies":"Slavers","floor":25.0,"turns":4.0},{"damage":37.0,"enemies":"Snake Plant","floor":26.0,"turns":3.0},{"damage":0.0,"enemies":"Centurion and Healer","floor":30.0,"turns":4.0},{"damage":13.0,"enemies":"Book of Stabbing","floor":31.0,"turns":4.0},{"damage":35.0,"enemies":"Collector","floor":34.0,"turns":8.0},{"damage":0.0,"enemies":"Orb Walker","floor":36.0,"turns":3.0},{"damage":3.0,"enemies":"Giant Head","floor":41.0,"turns":4.0},{"damage":30.0,"enemies":"Nemesis","floor":43.0,"turns":5.0},{"damage":0.0,"enemies":"Mind Bloom Boss Battle","floor":46.0,"turns":2.0},{"damage":3.0,"enemies":"Giant Head","floor":49.0,"turns":2.0},{"damage":27,"enemies":"Donu and Deca","floor":51,"turns":4}],"seed_played":"-4919293009765775913","potions_obtained":[{"floor":7.0,"key":"DuplicationPotion"},{"floor":8.0,"key":"SteroidPotion"},{"floor":12.0,"key":"EssenceOfSteel"},{"floor":15.0,"key":"LiquidBronze"},{"floor":19.0,"key":"Regen Potion"},{"floor":31.0,"key":"Block Potion"},{"floor":34.0,"key":"BloodPotion"},{"floor":41.0,"key":"ColorlessPotion"}],"is_trial":false,"path_per_floor":["M","?","M","$","?","R","M","E","T","R","?","M","M","$","M","R","B",null,"M","M","M","M","$","R","E","M","T","R","T","M","E","$","R","B",null,"M","$","?","$","?","E","?","E","T","R","?","$","R","E","R","B",null],"character_chosen":"IRONCLAD","items_purchased":["Flash of Steel","Shrug It Off","Apotheosis","Dual Wield","Finesse"],"campfire_rested":0,"item_purchase_floors":[4,14,23,39,47],"current_hp_per_floor":[76,76,76,76,76,76,75,63,63,63,63,63,63,63,61,61,20,80,75,72,50,53,53,53,41,10,10,10,10,16,21,21,21,17,80,80,80,80,80,80,80,76,52,52,52,76,76,76,76,76,55],"gold":52,"neow_bonus":"HUNDRED_GOLD","is_daily":false,"chose_seed":false,"campfire_upgraded":9,"win_rate":0.0,"timestamp":1612423309,"path_taken":["M","?","M","$","?","R","M","E","T","R","?","M","M","$","?","R","BOSS","M","M","M","M","$","R","E","?","T","R","?","M","E","$","R","BOSS","M","?","?","$","?","E","?","E","T","R","?","$","R","E","R","BOSS"],"items_purchased_type":["Card","Card","Card","Card","Card"],"build_version":"2020-12-22","purchased_purges":3,"victory":true,"max_hp_per_floor":[80,80,80,80,80,80,80,80,80,80,80,80,80,80,80,80,80,80,80,80,80,80,80,80,80,80,80,80,80,80,80,80,80,80,80,80,80,80,80,80,80,76,76,76,76,76,76,76,76,76,76],"card_choices":[{"not_picked":["Clash","Flex"],"picked":"Pommel Strike","floor":1.0},{"not_picked":["Headbutt","Dropkick"],"picked":"Battle Trance","floor":3.0},{"not_picked":["Cleave","Carnage"],"picked":"Rampage","floor":7.0},{"not_picked":["Second Wind","Pummel"],"picked":"Heavy Blade","floor":8.0},{"not_picked":["Perfected Strike","Wild Strike","Body Slam"],"picked":"SKIP","floor":12.0},{"not_picked":["Blood for Blood","Body Slam","Wild Strike"],"picked":"SKIP","floor":15.0},{"not_picked":["Corruption","Fiend Fire"],"picked":"Double Tap","floor":17.0},{"not_picked":["Sever Soul","Sword Boomerang"],"picked":"Pommel Strike","floor":19.0},{"not_picked":["Perfected Strike","Entrench+1"],"picked":"Bloodletting+1","floor":20.0},{"not_picked":["Perfected Strike","Clothesline"],"picked":"Shrug It Off","floor":21.0},{"not_picked":["Blood for Blood","Infernal Blade"],"picked":"Dropkick","floor":22.0},{"not_picked":["Fire Breathing+1","Whirlwind"],"picked":"Warcry","floor":25.0},{"not_picked":["Dark Embrace+1","Thunderclap"],"picked":"Battle Trance","floor":26.0},{"not_picked":["Thunderclap","Sword Boomerang"],"picked":"Intimidate+1","floor":30.0},{"not_picked":["Shrug It Off","Rampage","Armaments"],"picked":"SKIP","floor":31.0},{"not_picked":["Disarm","Anger+1","Ghostly Armor"],"picked":"SKIP","floor":36.0},{"not_picked":["PanicButton","Mayhem"],"picked":"Deep Breath","floor":40.0},{"not_picked":["Power Through","Corruption","Sword Boomerang"],"picked":"SKIP","floor":41.0},{"not_picked":["Heavy Blade+1","Evolve+1","Power Through+1"],"picked":"SKIP","floor":43.0},{"not_picked":["Anger+1","Impervious"],"picked":"Second Wind+1","floor":46.0},{"not_picked":["Reaper","Whirlwind"],"picked":"Headbutt","floor":49}],"player_experience":4799,"relics_obtained":[{"floor":8.0,"key":"Bag of Marbles"},{"floor":9.0,"key":"Ancient Tea Set"},{"floor":25.0,"key":"FossilizedHelix"},{"floor":27.0,"key":"HornCleat"},{"floor":29.0,"key":"Pantograph"},{"floor":31.0,"key":"Regal Pillow"},{"floor":35.0,"key":"Juzu Bracelet"},{"floor":35.0,"key":"Sundial"},{"floor":35.0,"key":"Girya"},{"floor":41.0,"key":"Nunchaku"},{"floor":43.0,"key":"Paper Frog"},{"floor":44.0,"key":"Darkstone Periapt"},{"floor":46.0,"key":"Prayer Wheel"},{"floor":49,"key":"Bottled Lightning"}],"event_choices":[{"cards_removed":["Strike_R"],"damage_healed":0.0,"max_hp_gain":0.0,"max_hp_loss":0.0,"gold_gain":0.0,"event_name":"The Cleric","player_choice":"Card Removal","floor":2.0,"gold_loss":50.0,"damage_taken":0.0},{"damage_healed":0.0,"max_hp_gain":0.0,"max_hp_loss":0.0,"gold_gain":0.0,"cards_transformed":["Defend_R"],"event_name":"Living Wall","player_choice":"Change","floor":5.0,"gold_loss":0.0,"damage_taken":0.0,"cards_obtained":["Double Tap"]},{"cards_removed":["Defend_R"],"damage_healed":0.0,"max_hp_gain":0.0,"max_hp_loss":0.0,"gold_gain":0.0,"event_name":"Purifier","player_choice":"Purged","floor":11.0,"gold_loss":0.0,"damage_taken":0.0},{"cards_removed":["Heavy Blade"],"damage_healed":5.0,"max_hp_gain":0.0,"max_hp_loss":0.0,"gold_gain":0.0,"event_name":"Bonfire Elementals","player_choice":"Offered Common","floor":38.0,"gold_loss":0.0,"damage_taken":0.0},{"cards_removed":["Heavy Blade"],"damage_healed":5.0,"max_hp_gain":0.0,"max_hp_loss":0.0,"gold_gain":0.0,"event_name":"Bonfire Elementals","player_choice":"Offered Special","floor":38.0,"gold_loss":0.0,"damage_taken":0.0},{"damage_healed":0.0,"max_hp_gain":0.0,"max_hp_loss":0.0,"gold_gain":0.0,"event_name":"SensoryStone","player_choice":"Memory 1","floor":40.0,"gold_loss":0.0,"damage_taken":0.0},{"damage_healed":0.0,"max_hp_gain":0.0,"max_hp_loss":4.0,"gold_gain":0.0,"event_name":"Winding Halls","player_choice":"Max HP","floor":42.0,"gold_loss":0.0,"damage_taken":0.0},{"damage_healed":0.0,"max_hp_gain":0.0,"max_hp_loss":0.0,"gold_gain":0.0,"event_name":"MindBloom","player_choice":"Fight","floor":46.0,"gold_loss":0.0,"damage_taken":0.0}],"is_beta":false,"boss_relics":[{"not_picked":["Cursed Key","Runic Pyramid"],"picked":"Coffee Dripper"},{"not_picked":["Black Star","Runic Cube"],"picked":"Calling Bell"}],"items_purged_floors":[14,32,37],"is_endless":false,"potions_floor_spawned":[7,8,12,15,19,26,31,34,41,46,49],"ascension_level":3}}