{"host":"i4vlfbz13gs2xtdj","time":1612416408,"event":{"mods":["2.2 Compatiblity","AchievementEnabler","Act Like it!","Aspiration","BaseMod","Better Altar","Better Match","Better Note","Better Sensory Stone","Better Skull","Better Third Choice","BetterRewards","CatGirl Mod","Colored Map","Elementarium","Energized Spire","Fox Events","Friendly Minions","GifTheSpireLib","Halation","Hubris","Infinite Spire","Jedi Mod","Minty Spire (QoL Compilation)","Pale of the Ancients","Potionbrewer","Replay The Spire","Shop Mod","Somnambulant","Spikes Relics","StSLib","Stuff the Spire","The Jungle","The Marked","The Sage","Trackpad"],"gold_per_floor":[110,126,126,238,238,248,1,85,161,161,194,144,144,177,177,277,327,340,265,265,280,296,326,326,356,356,104,124,134,36,36,251,354,354,371,391,391,410,521,521,521,521,521,521,182,182,4,4,4,4,4,4],"floor_reached":51,"language":"ENG","playtime":38839,"items_purged":["theCatGirl:Defend"],"score":1243,"play_id":"e5dd443b-496f-4dcc-8fd9-4b12afb6aad7","local_time":"20210204002648","is_ascension_mode":true,"campfire_choices":[{"data":"theCatGirl:Evasion","floor":10.0,"key":"SMITH"},{"data":"theCatGirl:LearnThePattern","floor":24.0,"key":"SMITH"},{"floor":49.0,"key":"RECALL"}],"circlet_count":0,"master_deck":["theCatGirl:Defend","theCatGirl:Defend","theCatGirl:ClawStrike","theCatGirl:Evasion+1","theCatGirl:FumblingBlow","theCatGirl:Slip","theCatGirl:TwoStep","theCatGirl:QuickStrike","theCatGirl:BloodScent","theCatGirl:LearnThePattern+1","theCatGirl:ComboAttack+1","theCatGirl:Prepared","Finesse","theCatGirl:SpinningStrike+1","theCatGirl:PoisedStrike+1","theCatGirl:PlayAround+1","theCatGirl:Parry+1","theCatGirl:Misfire+1","hubris:Insight","StuffTheSpire:Brawn","theCatGirl:Howl","theCatGirl:Misfire+1","theCatGirl:Enrage","Chrysalis","StuffTheSpire:BrainWave","theCatGirl:SevenLives","theCatGirl:QuickStrike+1"],"relics":["theCatGirl:TrainedRelic","aspiration:HummingbirdHeart","hubris:EmptyBottle","Incense Burner","Pen Nib","infinitespire:ShieldingShard","hubris:Icosahedron","hubris:MobiusCoin","Centennial Puzzle","infinitespire:Broken Mirror","hubris:Towel","Spirit Poop","Toy Ornithopter","aspiration:ChemicalBlood","StuffTheSpire:OldFever","ExplosiveVial","Bronze Scales","halation:PinkSoulGem","MerchantsRug","jedi:ominousloannote","Replay:Rubber Ducky","Nunchaku","Replay:Accelerometer","aspiration:KaomsHeart"],"acts_visited":["Exordium","Exordium","TheBeyond","paleoftheancients:PaleOfTheAncients"],"potions_floor_usage":[50,51],"damage_taken":[{"damage":0.0,"enemies":"2 Louse","floor":1.0,"turns":4.0},{"damage":0.0,"enemies":"Jaw Worm","floor":2.0,"turns":4.0},{"damage":5.0,"enemies":"infinitespire:Voidling","floor":4.0,"turns":4.0},{"damage":0.0,"enemies":"2 Fungi Beasts","floor":6.0,"turns":6.0},{"damage":0.0,"enemies":"3 Sentries","floor":8.0,"turns":16.0},{"damage":0.0,"enemies":"Lagavulin","floor":11.0,"turns":7.0},{"damage":0.0,"enemies":"Replay:BlueRogue","floor":14.0,"turns":9.0},{"damage":28.0,"enemies":"Fading Forest","floor":16.0,"turns":11.0},{"damage":0.0,"enemies":"theJungle:MUSHROOMGANG","floor":18.0,"turns":4.0},{"damage":0.0,"enemies":"theJungle:GiantWrat","floor":21.0,"turns":3.0},{"damage":0.0,"enemies":"Snake Plant","floor":22.0,"turns":3.0},{"damage":0.0,"enemies":"theJungle:MamaSnecko","floor":23.0,"turns":5.0},{"damage":0.0,"enemies":"theJungle:Cassacara","floor":25.0,"turns":5.0},{"damage":0.0,"enemies":"theJungle:JungleHuntersEncounter","floor":28.0,"turns":4.0},{"damage":1.0,"enemies":"theJungle:SlimyTreeVines","floor":29.0,"turns":3.0},{"damage":6.0,"enemies":"theJungle:FunGuy","floor":33.0,"turns":4.0},{"damage":0.0,"enemies":"Orb Walker","floor":35.0,"turns":2.0},{"damage":0.0,"enemies":"3 Darklings","floor":36.0,"turns":3.0},{"damage":0.0,"enemies":"Sphere and 2 Shapes","floor":38.0,"turns":3.0},{"damage":38.0,"enemies":"Nemesis","floor":40.0,"turns":5.0},{"damage":1.0,"enemies":"Writhing Mass","floor":42.0,"turns":3.0},{"damage":0.0,"enemies":"Reptomancer","floor":44.0,"turns":6.0},{"damage":0.0,"enemies":"Transient","floor":46.0,"turns":5.0},{"damage":41,"enemies":"Awakened One","floor":50,"turns":9},{"damage":145,"enemies":"Awakened One","floor":51,"turns":8}],"seed_played":"7820131834694758768","potions_obtained":[{"floor":4.0,"key":"Strength Potion"},{"floor":6.0,"key":"potionbrewer:EndurancePotion"},{"floor":8.0,"key":"Swift Potion"},{"floor":16.0,"key":"potionbrewer:BoundlessPotion"},{"floor":22.0,"key":"Fruit Juice"},{"floor":23.0,"key":"Elixir"},{"floor":25.0,"key":"Fire Potion"},{"floor":28.0,"key":"EssenceOfSteel"},{"floor":29.0,"key":"FearPotion"},{"floor":33.0,"key":"Elixir"},{"floor":40.0,"key":"potionbrewer:NoxiousPotion"},{"floor":42.0,"key":"potionbrewer:NoxiousPotion"}],"is_trial":false,"path_per_floor":["M","M","?","M","?","M","$","E","T","R","E","?","?","E","R_BF","B",null,"M","?","?","M","M","E","R","E","T","$","M","M","$","?","R_BF","B",null,"M","M","?","M","$","E","?","M","T","E","$","M","$","?","R","B","M"],"character_chosen":"THE_CATGIRL","items_purchased":["aspiration:HummingbirdHeart","hubris:EmptyBottle","Pen Nib","infinitespire:ShieldingShard","hubris:MobiusCoin","ExplosiveVial","Bronze Scales","hubris:Insight","MerchantsRug","Chrysalis","jedi:ominousloannote","Replay:Accelerometer","Fire Potion","Explosive Potion","aspiration:KaomsHeart"],"campfire_rested":0,"item_purchase_floors":[0,0,0,0,7,27,27,30,39,39,39,45,45,45,47],"current_hp_per_floor":[28,28,28,30,30,30,30,30,30,30,30,30,30,30,30,12,79,79,79,82,82,82,82,82,82,82,82,82,91,91,91,71,86,92,92,92,92,92,95,57,57,71,71,81,81,86,186,186,186,195,55,55],"gold":4,"neow_bonus":"","is_daily":false,"chose_seed":false,"campfire_upgraded":2,"win_rate":0.0,"timestamp":1612416408,"path_taken":["M","M","?","M","?","?","$","E","T","R","E","?","?","E","R_BF","BOSS","M","?","?","M","M","E","R","E","T","$","?","M","$","?","R_BF","BOSS","M","M","?","M","$","E","?","M","T","E","$","M","?","?","R","BOSS","M"],"items_purchased_type":["Relic","Relic","Relic","Relic","Relic","Relic","Relic","Card","Relic","Card","Relic","Relic","Potion","Potion","Relic"],"build_version":"2020-12-22","purchased_purges":1,"victory":false,"max_hp_per_floor":[70,70,70,70,70,70,70,70,70,70,70,70,70,70,70,70,79,79,79,82,82,82,82,82,82,82,82,82,92,92,92,92,92,92,92,92,92,92,95,95,86,86,86,86,86,86,186,186,186,195,195,195],"card_choices":[{"not_picked":["theCatGirl:DefensiveStance","theCatGirl:Claws","theCatGirl:LuckyBlow"],"picked":"SKIP","floor":1.0},{"not_picked":["theCatGirl:PilingErrors","theCatGirl:Slip"],"picked":"theCatGirl:FumblingBlow","floor":2.0},{"not_picked":["theCatGirl:ElegantStrike","theCatGirl:ClawScratch"],"picked":"theCatGirl:Slip","floor":4.0},{"not_picked":["theCatGirl:HungerClaw","theCatGirl:Meow"],"picked":"theCatGirl:TwoStep","floor":6.0},{"not_picked":["theCatGirl:Misfire","theCatGirl:DefensiveStance"],"picked":"theCatGirl:QuickStrike","floor":8.0},{"not_picked":["theCatGirl:PilingErrors","theCatGirl:HungerClaw","theCatGirl:Parry"],"picked":"SKIP","floor":11.0},{"not_picked":["theCatGirl:SmellFear","theCatGirl:Slip"],"picked":"theCatGirl:BloodScent","floor":14.0},{"not_picked":["theCatGirl:PoiseStance","theCatGirl:Insane"],"picked":"theCatGirl:LearnThePattern","floor":16.0},{"not_picked":["theCatGirl:Claws+1","theCatGirl:PlayAround+1"],"picked":"theCatGirl:ComboAttack+1","floor":18.0},{"not_picked":["theCatGirl:BloodBath","theCatGirl:BodyBlow"],"picked":"theCatGirl:Prepared","floor":19.0},{"not_picked":["PlatinumSkin","ReplayTheSpireMod:Trickstab"],"picked":"Finesse","floor":19.0},{"not_picked":["theCatGirl:KeepAlert","theCatGirl:BodyBlow+1"],"picked":"theCatGirl:SpinningStrike+1","floor":21.0},{"not_picked":["theCatGirl:EmergencyParry","theCatGirl:QuickStrike+1"],"picked":"theCatGirl:PoisedStrike+1","floor":22.0},{"not_picked":["theCatGirl:BloodBath+1","theCatGirl:BodyBlow+1"],"picked":"theCatGirl:PlayAround+1","floor":23.0},{"not_picked":["theCatGirl:PlayAround+1","theCatGirl:TryingMyBest+1"],"picked":"theCatGirl:Parry+1","floor":25.0},{"not_picked":["theCatGirl:RecoveryBlow+1","theCatGirl:GoddessOfMisfortune+1","theCatGirl:ClenchYourTeeth"],"picked":"SKIP","floor":28.0},{"not_picked":["theCatGirl:AccidentalSlap+1","theCatGirl:Claws+1"],"picked":"theCatGirl:Misfire+1","floor":29.0},{"not_picked":["theCatGirl:Enrage","theCatGirl:HungerClaw+1"],"picked":"theCatGirl:Howl","floor":33.0},{"not_picked":["theCatGirl:SearchBackpack","theCatGirl:AllIn+1"],"picked":"theCatGirl:Misfire+1","floor":35.0},{"not_picked":["theCatGirl:Claws+1","theCatGirl:Slip+1"],"picked":"theCatGirl:Enrage","floor":36.0},{"not_picked":["theCatGirl:AccidentalSlap+1","theCatGirl:Stalk+1","theCatGirl:SearchBackpack"],"picked":"SKIP","floor":38.0},{"not_picked":["theCatGirl:ScratchFlurry+1","theCatGirl:AccidentalSlap+1","theCatGirl:ShockedWitness"],"picked":"SKIP","floor":40.0},{"not_picked":["theCatGirl:ScratchFlurry+1","theCatGirl:PlayAround+1"],"picked":"theCatGirl:SevenLives","floor":42.0},{"not_picked":["theCatGirl:KeepAlert","theCatGirl:Slip","theCatGirl:BloodBath+1"],"picked":"SKIP","floor":44.0},{"not_picked":["theCatGirl:BloodScent","theCatGirl:Meow+1"],"picked":"theCatGirl:QuickStrike+1","floor":46.0}],"player_experience":299588,"relics_obtained":[{"floor":8.0,"key":"Centennial Puzzle"},{"floor":9.0,"key":"infinitespire:Broken Mirror"},{"floor":11.0,"key":"Potion Belt"},{"floor":14.0,"key":"halation:Toothbrush"},{"floor":23.0,"key":"Toy Ornithopter"},{"floor":25.0,"key":"aspiration:ChemicalBlood"},{"floor":26.0,"key":"StuffTheSpire:OldFever"},{"floor":40.0,"key":"Replay:Rubber Ducky"},{"floor":44.0,"key":"Nunchaku"}],"event_choices":[{"cards_removed":["theCatGirl:Strike"],"damage_healed":0.0,"max_hp_gain":0.0,"max_hp_loss":0.0,"gold_gain":0.0,"event_name":"Purifier","player_choice":"Purged","floor":5.0,"gold_loss":0.0,"damage_taken":0.0},{"cards_removed":["theCatGirl:Defend"],"damage_healed":0.0,"max_hp_gain":0.0,"max_hp_loss":0.0,"gold_gain":0.0,"event_name":"The Cleric","player_choice":"Card Removal","floor":12.0,"gold_loss":50.0,"damage_taken":0.0},{"damage_healed":0.0,"max_hp_gain":0.0,"max_hp_loss":0.0,"gold_gain":0.0,"event_name":"betterMatch:BetterMatch","player_choice":"1","floor":19.0,"gold_loss":0.0,"damage_taken":0.0,"cards_obtained":["betterMatch:UncommonCard","betterMatch:ColorlessUncommonCard"]},{"cards_removed":["Injury"],"damage_healed":0.0,"max_hp_gain":0.0,"max_hp_loss":0.0,"gold_gain":0.0,"event_name":"Bonfire Elementals","player_choice":"Offered Curse","floor":20.0,"gold_loss":0.0,"damage_taken":0.0,"relics_obtained":["Spirit Poop"]},{"cards_removed":["theCatGirl:BloodScent"],"damage_healed":0.0,"max_hp_gain":0.0,"max_hp_loss":0.0,"gold_gain":0.0,"event_name":"betterNote:BetterNote","player_choice":"Take \u0026 Give","floor":31.0,"gold_loss":0.0,"damage_taken":0.0,"cards_obtained":["StuffTheSpire:Brawn"]},{"damage_healed":0.0,"max_hp_gain":0.0,"max_hp_loss":0.0,"gold_gain":215.0,"event_name":"betterSkull:BetterSkull","player_choice":"GO GO ","floor":32.0,"gold_loss":0.0,"damage_taken":22.0,"cards_upgraded":[],"relics_obtained":[]}],"is_beta":false,"boss_relics":[{"not_picked":["hubris:RunicObelisk","Velvet Choker"],"picked":"trackpad:StolenKidneys"},{"not_picked":["halation:PlatinumPhoenix","halation:SmartPhone"],"picked":"aspiration:RunicSpoon"}],"items_purged_floors":[39],"is_endless":false,"potions_floor_spawned":[4,6,8,16,22,23,25,28,29,40,42],"killed_by":"Awakened One","ascension_level":2}}