{"host":"1ekl8hlbnopmdapi","time":1612468985,"event":{"mods":["AchievementEnabler","BaseMod","Colored Map","Colored Powertips","DeckTracker","Downfall","Googly Eyes","Highlight Path","Minty Spire (QoL Compilation)","Relic Sorter","StSLib","Synergy Search"],"gold_per_floor":[99,113,113,113,132,161,185,201,233,233,253,64,75,87,106,203,203,3,13,24,42,27,27,27,27,27,62,62,62,351,370,382,382,382,382],"floor_reached":33,"language":"ENG","playtime":1154,"items_purged":[],"score":279,"play_id":"1a1bcaa7-792f-49bd-a767-fad1e9063d73","local_time":"20210204150305","is_ascension_mode":false,"campfire_choices":[{"data":"bronze:Replicate","floor":1,"key":"SMITH"},{"floor":10,"key":"RECALL"},{"data":"bronze:CloningBeam","floor":18,"key":"SMITH"},{"data":"bronze:FineTuning","floor":26,"key":"SMITH"},{"data":"bronze:GetLatest","floor":28,"key":"SMITH"}],"circlet_count":0,"master_deck":["bronze:Strike","bronze:Strike","bronze:Strike","bronze:Strike","bronze:Defend","bronze:Defend","bronze:Defend","bronze:Defend","bronze:Replicate+1","bronze:Goto","bronze:Overheat","bronze:ChosenStrike","bronze:Branch","bronze:FineTuning+1","bronze:GetLatest+1","bronze:Safeguard","bronze:WhirlingStrike","bronze:WildBeam","bronze:CloningBeam+1","bronze:Frontload","bronze:HardenedForm","bronze:OilSpill+1","bronze:Separator+1","bronze:Philosophize","bronze:OilSpill","bronze:WhirlingStrike+1","expansioncontent:AwakenDeath","bronze:Repair"],"relics":["bronze:BronzeCore","Orichalcum","Eternal Feather","Blood Vial","Dream Catcher","Membership Card","SlaversCollar","downfall:HeartBlessingGreen","downfall:HeartBlessingRed","Matryoshka","downfall:RedIOU","Regal Pillow"],"acts_visited":["Exordium","TheCity"],"potions_floor_usage":[6,12,16,17,20,21,27,31],"damage_taken":[{"damage":0,"enemies":"Cultist","floor":2,"turns":4},{"damage":2,"enemies":"2 Louse","floor":5,"turns":3},{"damage":16,"enemies":"Gremlin Nob","floor":6,"turns":4},{"damage":0,"enemies":"Small Slimes","floor":8,"turns":3},{"damage":20,"enemies":"Lagavulin","floor":9,"turns":6},{"damage":2,"enemies":"2 Fungi Beasts","floor":11,"turns":3},{"damage":2,"enemies":"downfall:FleeingMerchant","floor":12,"turns":4},{"damage":7,"enemies":"Blue Slaver","floor":13,"turns":2},{"damage":0,"enemies":"Exordium Wildlife","floor":14,"turns":3},{"damage":4,"enemies":"Exordium Thugs","floor":15,"turns":2},{"damage":43,"enemies":"DF_ARCHETYPE_STREAMLINE","floor":16,"turns":10},{"damage":0,"enemies":"Spheric Guardian","floor":19,"turns":2},{"damage":10,"enemies":"3 Cultists","floor":20,"turns":4},{"damage":29,"enemies":"Cultist and Chosen","floor":21,"turns":6},{"damage":6,"enemies":"downfall:FleeingMerchant","floor":22,"turns":4},{"damage":30,"enemies":"Book of Stabbing","floor":27,"turns":5},{"damage":19,"enemies":"downfall:FleeingMerchant","floor":30,"turns":4},{"damage":13,"enemies":"Centurion and Healer","floor":31,"turns":5},{"damage":44,"enemies":"Chosen and Byrds","floor":32,"turns":7},{"damage":17,"enemies":"IC_MUSHROOM_ARCHETYPE","floor":33,"turns":1}],"seed_played":"114413612738431267","potions_obtained":[{"floor":4,"key":"Fruit Juice"},{"floor":4,"key":"Weak Potion"},{"floor":4,"key":"ColorlessPotion"},{"floor":6,"key":"PowerPotion"},{"floor":11,"key":"AttackPotion"},{"floor":15,"key":"SneckoOil"},{"floor":16,"key":"Dexterity Potion"},{"floor":20,"key":"Block Potion"},{"floor":27,"key":"SkillPotion"}],"is_trial":false,"path_per_floor":["R","M","T","?","M","E","T","M","E","R","M","$","M","M","M","B",null,"R","M","M","M","$","?","T","?","R","E","R","?","$","M","M","B"],"character_chosen":"THE_AUTOMATON","items_purchased":["Membership Card","bronze:WhirlingStrike","expansioncontent:AwakenDeath"],"campfire_rested":0,"item_purchase_floors":[12,12,30],"current_hp_per_floor":[70,70,70,70,68,52,52,54,36,42,42,57,52,54,52,11,75,75,75,65,38,49,49,49,49,64,36,51,51,34,23,5,0,0,0],"gold":382,"neow_bonus":"RANDOM_COMMON_RELIC","is_daily":false,"chose_seed":false,"campfire_upgraded":4,"win_rate":0.0,"timestamp":1612468985,"path_taken":["R","M","?","?","M","E","T","?","E","R","M","$","M","M","M","BOSS","R","M","M","M","$","?","T","?","R","E","R","?","$","M","M","BOSS"],"items_purchased_type":["Relic","Card","Card"],"build_version":"2020-12-22","purchased_purges":0,"victory":false,"max_hp_per_floor":[70,70,70,70,70,70,70,70,70,70,70,70,70,70,70,70,75,75,75,75,75,75,75,75,75,75,75,75,75,75,75,75,75,75,75],"card_choices":[{"not_picked":["bronze:Shield","bronze:WildBeam"],"picked":"bronze:Overheat","floor":2},{"not_picked":["bronze:Turbo","bronze:Repair","bronze:BuggyMess"],"picked":"SKIP","floor":5},{"not_picked":["bronze:Backtrace","bronze:FindAndReplace"],"picked":"bronze:ChosenStrike","floor":6},{"not_picked":["bronze:Safeguard","bronze:Backtrace"],"picked":"bronze:Branch","floor":8},{"not_picked":["bronze:Philosophize","bronze:ThunderWave"],"picked":"bronze:FineTuning","floor":9},{"not_picked":["bronze:DelayedGuard","bronze:Philosophize"],"picked":"bronze:GetLatest","floor":11},{"not_picked":["bronze:OilSpill","bronze:HardenedForm"],"picked":"bronze:Safeguard","floor":12},{"not_picked":["bronze:BronzeArmor","bronze:ItsAFeature"],"picked":"bronze:WildBeam","floor":13},{"not_picked":["bronze:DelayedSlice","bronze:Constructor"],"picked":"bronze:CloningBeam","floor":14},{"not_picked":["bronze:Invalidate","bronze:Constructor"],"picked":"bronze:Frontload","floor":15},{"not_picked":["bronze:Assembly","bronze:FindAndReplace"],"picked":"bronze:HardenedForm","floor":16},{"not_picked":["bronze:Return","bronze:FineTuning"],"picked":"bronze:OilSpill+1","floor":19},{"not_picked":["bronze:Overheat","bronze:BitShift+1"],"picked":"bronze:Separator+1","floor":20},{"not_picked":["bronze:WhirlingStrike","bronze:CutThrough+1"],"picked":"bronze:Philosophize","floor":21},{"not_picked":["bronze:Format","bronze:Shell"],"picked":"bronze:OilSpill","floor":22},{"not_picked":["bronze:Branch","bronze:HyperBeam"],"picked":"bronze:WhirlingStrike+1","floor":27},{"not_picked":["bronze:ClassDefault+1","bronze:BitShift+1","bronze:BugBarrage+1"],"picked":"SKIP","floor":30},{"not_picked":["bronze:Shield","bronze:CutThrough+1","bronze:Turbo"],"picked":"SKIP","floor":31},{"not_picked":["bronze:MaxOutput","bronze:BuggyMess+1"],"picked":"bronze:Repair","floor":32}],"player_experience":530137,"relics_obtained":[{"floor":3,"key":"Eternal Feather"},{"floor":6,"key":"Blood Vial"},{"floor":7,"key":"MealTicket"},{"floor":9,"key":"Dream Catcher"},{"floor":24,"key":"Matryoshka"},{"floor":27,"key":"Regal Pillow"}],"event_choices":[{"damage_healed":0,"gold_gain":0,"player_choice":"Got Potions","damage_taken":0,"max_hp_gain":0,"max_hp_loss":0,"event_name":"Lab","floor":4,"gold_loss":0},{"damage_healed":0,"gold_gain":0,"player_choice":"Ignored","damage_taken":0,"max_hp_gain":0,"max_hp_loss":0,"event_name":"Ghosts","floor":23,"gold_loss":0}],"is_beta":false,"boss_relics":[{"not_picked":["Calling Bell","SacredBark"],"picked":"SlaversCollar"}],"items_purged_floors":[],"is_endless":false,"potions_floor_spawned":[6,11,15,16,20,27],"killed_by":"IC_MUSHROOM_ARCHETYPE","ascension_level":0}}