{"host":"rf8f5793azs0jd9i","time":1612433274,"event":{"mods":["AchievementEnabler","Aspiration","BaseMod","Colored Powertips","Hubris","Infinite Spire","Minty Spire (QoL Compilation)","Replay The Spire","StSLib"],"gold_per_floor":[19,19,114,114,131,131,156,156,156,156,175,191,4552,4582,4582,4681,4681,4697,3799,3814,3833,3846,3846,3864,3864,3915,3915,3928,3961,3961,3961,3975,3353,3353,3454,3504,3572,3823,3823,3823,3089,3089,3308,2574,2647,2839,3052,3102,3322,3656,3656,3656],"floor_reached":53,"language":"ENG","playtime":3072,"items_purged":["Strike_B","Gash","Dualcast","Defend_B+1","Defend_B+1"],"score":669,"play_id":"aa2a6b85-51b9-41cb-8288-b07d6e9c903a","local_time":"20210204040754","is_ascension_mode":false,"campfire_choices":[{"data":"Gash","floor":6,"key":"SMITH"},{"data":"Conserve Battery","floor":6,"key":"SMITH"},{"data":"FIFO Queue","floor":8,"key":"SMITH"},{"data":"Zap","floor":8,"key":"SMITH"},{"data":"Fusion","floor":10,"key":"SMITH"},{"data":"Coolheaded","floor":10,"key":"SMITH"},{"floor":15,"key":"REST"},{"data":"Loop","floor":23,"key":"SMITH"},{"data":"Barrage","floor":23,"key":"SMITH"},{"data":"Genetic Algorithm","floor":25,"key":"SMITH"},{"data":"Ball Lightning","floor":25,"key":"SMITH"},{"data":"Redo","floor":34,"key":"SMITH"},{"data":"Loop","floor":34,"key":"SMITH"},{"data":"Rainbow","floor":42,"key":"SMITH"},{"data":"Mirror Shield","floor":42,"key":"SMITH"},{"data":"BasicCrystalCard","floor":48,"key":"SMITH"},{"data":"Loop","floor":48,"key":"SMITH"},{"data":"Machine Learning","floor":51,"key":"SMITH"},{"data":"Glacier","floor":51,"key":"SMITH"}],"circlet_count":0,"master_deck":["Defend_B+1","Defend_B+1","Zap+1","Gash+1","FIFO Queue+1","Coolheaded+1","Fusion+1","Conserve Battery+1","Glacier+1","Conserve Battery","Genetic Algorithm+1","Machine Learning+1","Loop+1","BootSequence","Loop+1","Barrage+1","Ball Lightning+1","Ball Lightning+1","Mirror Shield+1","BasicCrystalCard+1","Loop+1","Redo+1","White Noise+1","Rainbow+1","Chill+1","Gash+1","Bandage Up","Ball Lightning+1","Loop+1","BasicCrystalCard+1","Capacitor+1","Self Repair+1"],"relics":["Cracked Core","Replay:Arrowhead","Dream Catcher","hubris:DisguiseKit","Bottled Flame","Replay:Bottled Eggs","Replay:Wax Seal","hubris:HerbalPaste","aspiration:HatOfInfinitePower","Replay:Grab Bag","aspiration:FutureDiary","Sozu","hubris:64BitClover","Bottled Tornado","Toolbox","Pet Ghost","Nloth\u0027s Gift","hubris:MobiusCoin","PreservedInsect","hubris:SlimyHat","aspiration:SeaSaltIceCream","Tiny House","NeowsBlessing","infinitespire:EvilPickle","Replay:Antivirus Software","hubris:EmptyBottle","hubris:BottledRain","ClockworkSouvenir","Replay:Ringing Soul","Gremlin Food","hubris:TinFlute","Sundial"],"acts_visited":["Exordium","TheCity","TheBeyond","TheBeyond"],"potions_floor_usage":[7],"damage_taken":[{"damage":2,"enemies":"2 Louse","floor":1,"turns":3},{"damage":4,"enemies":"Jaw Worm","floor":5,"turns":4},{"damage":24,"enemies":"Lagavulin","floor":7,"turns":6},{"damage":4,"enemies":"Cultist","floor":11,"turns":4},{"damage":5,"enemies":"Gremlin Gang","floor":12,"turns":8},{"damage":15,"enemies":"3 Sentries","floor":14,"turns":8},{"damage":25,"enemies":"The Guardian","floor":16,"turns":13},{"damage":4,"enemies":"3 Byrds","floor":18,"turns":7},{"damage":0,"enemies":"Spheric Guardian","floor":20,"turns":5},{"damage":11,"enemies":"Centurion and Healer","floor":21,"turns":9},{"damage":2,"enemies":"Snecko","floor":22,"turns":6},{"damage":4,"enemies":"Snake Plant","floor":24,"turns":5},{"damage":0,"enemies":"Sentry and Sphere","floor":28,"turns":5},{"damage":13,"enemies":"Book of Stabbing","floor":29,"turns":5},{"damage":0,"enemies":"Cultist and Chosen","floor":32,"turns":5},{"damage":9,"enemies":"Pondfish","floor":35,"turns":8},{"damage":0,"enemies":"Orb Walker","floor":37,"turns":1},{"damage":0,"enemies":"3 Darklings","floor":38,"turns":1},{"damage":0,"enemies":"Maw","floor":43,"turns":1},{"damage":0,"enemies":"Spire Growth","floor":46,"turns":5},{"damage":31,"enemies":"Nemesis","floor":47,"turns":7},{"damage":12,"enemies":"Transient","floor":49,"turns":5},{"damage":7,"enemies":"Sphere and 2 Shapes","floor":50,"turns":5},{"damage":97,"enemies":"Replay:Hell Engine","floor":52,"turns":12}],"seed_played":"-6504569543355459221","potions_obtained":[{"floor":1,"key":"FocusPotion"},{"floor":14,"key":"FairyPotion"}],"is_trial":false,"path_per_floor":["M","$","?","?","M","R","E","R","T","R","M","M","$","E","R","B",null,"M","$","M","M","M","R","M","R","T","?","M","E","PTL","PTL","M","$","R","B",null,"M","M","?","?","$","R","M","$","T","M","E","R","M","M","R","B",null],"character_chosen":"DEFECT","items_purchased":["Replay:Bottled Eggs","Replay:Wax Seal","hubris:HerbalPaste","hubris:64BitClover","Bottled Tornado","Toolbox","BootSequence","Loop","PreservedInsect","hubris:SlimyHat","Loop","Redo","White Noise","Replay:Antivirus Software","hubris:EmptyBottle","hubris:BottledRain","Ball Lightning+1","ClockworkSouvenir","Replay:Ringing Soul","Gremlin Food"],"campfire_rested":1,"item_purchase_floors":[13,13,13,19,19,19,19,19,33,33,33,33,33,41,41,41,41,44,44,44],"current_hp_per_floor":[73,73,55,55,51,51,27,27,27,27,23,18,18,9,31,12,75,72,72,75,64,68,68,70,70,70,70,75,65,65,65,71,71,71,68,80,80,80,80,80,80,80,80,80,80,83,59,59,60,73,73,35],"gold":3656,"neow_bonus":"ONE_RARE_RELIC","is_daily":false,"chose_seed":false,"campfire_upgraded":18,"win_rate":0.0,"timestamp":1612433274,"path_taken":["M","$","?","?","?","R","E","R","T","R","M","M","$","E","R","BOSS","M","$","?","M","M","R","M","R","T","?","?","E","PTL","PTL","M","$","R","BOSS","M","M","?","?","?","R","?","$","T","M","E","R","M","M","R","BOSS"],"items_purchased_type":["Relic","Relic","Relic","Relic","Relic","Relic","Card","Card","Relic","Relic","Card","Card","Card","Relic","Relic","Relic","Card","Relic","Relic","Relic"],"build_version":"2020-12-22","purchased_purges":5,"victory":true,"max_hp_per_floor":[75,75,75,75,75,75,75,75,75,75,75,75,75,75,75,75,75,75,75,75,75,75,75,75,75,75,75,75,75,75,75,75,75,75,75,80,80,80,80,80,80,80,80,80,80,83,86,86,89,89,89,89],"card_choices":[{"not_picked":["Darkness","Conserve Battery"],"picked":"Gash","floor":1},{"not_picked":["Capacitor","Panic Button"],"picked":"FIFO Queue","floor":3},{"not_picked":["ReplayTheSpireMod:Calculation Training","Ball Lightning"],"picked":"Coolheaded","floor":3},{"not_picked":["Static Discharge","Steam"],"picked":"Conserve Battery","floor":5},{"not_picked":["Go for the Eyes","Electrodynamics"],"picked":"Glacier","floor":7},{"not_picked":["Streamline","Redo","Intimidate"],"picked":"Conserve Battery","floor":11},{"not_picked":["Compile Driver","Leap","Hologram","Iron Wave"],"picked":"SKIP","floor":12},{"not_picked":["Glacier","Steam Power","Power Through"],"picked":"Gash","floor":14},{"not_picked":["Compile Driver","Panic Button","Iron Wave"],"picked":"Genetic Algorithm","floor":15},{"not_picked":["Thunder Strike","hubris:DoWhile","Immolate"],"picked":"Machine Learning","floor":16},{"not_picked":["ReplaySort","Compile Driver+1","Shrug It Off"],"picked":"Loop+1","floor":18},{"not_picked":["Self Repair","ReplayGash","Carnage"],"picked":"Barrage","floor":20},{"not_picked":["Reprogram","BasicCrystalCard","Static Discharge","Run Through"],"picked":"SKIP","floor":21},{"not_picked":["Doom and Gloom","Leap","Coolheaded","Seeing Red"],"picked":"SKIP","floor":22},{"not_picked":["Sweeping Beam+1","Streamline","Shockwave"],"picked":"Ball Lightning","floor":24},{"not_picked":["Streamline+1","Leap+1","Cleave"],"picked":"Ball Lightning+1","floor":28},{"not_picked":["Barrage","ReplayTheSpireMod:Omega Cannon","Second Wind"],"picked":"Mirror Shield","floor":29},{"not_picked":["Double Energy+1","Cold Snap","hubris:ReadiedAction"],"picked":"BasicCrystalCard","floor":32},{"not_picked":["ReplayTheSpireMod:Omega Cannon","Biased Cognition","Corruption"],"picked":"Rainbow","floor":35},{"not_picked":["Barrage","Redo","Barricade"],"picked":"Chill+1","floor":36},{"not_picked":["Steam+1","Buffer","Go for the Eyes+1","Cleave"],"picked":"SKIP","floor":37},{"not_picked":["Steam+1","Buffer","Go for the Eyes+1","Cleave"],"picked":"SKIP","floor":37},{"not_picked":["Coolheaded","Hologram","Armaments"],"picked":"Gash+1","floor":38},{"not_picked":["Mind Blast","Midas Touch"],"picked":"Bandage Up","floor":40},{"not_picked":["ReplayTheSpireMod:Reroute Power","Chaos","Uppercut"],"picked":"Loop","floor":43},{"not_picked":["Aggregate","Go for the Eyes","Uppercut"],"picked":"BasicCrystalCard+1","floor":46},{"not_picked":["ReplaySolidLightProjector","Reboot","Berserk"],"picked":"Capacitor+1","floor":47},{"not_picked":["Redo","Hologram+1","Headbutt"],"picked":"Self Repair+1","floor":49},{"not_picked":["Leap","Compile Driver","Chaos","Exhume"],"picked":"SKIP","floor":50}],"player_experience":35902,"relics_obtained":[{"floor":3,"key":"Dream Catcher"},{"floor":7,"key":"hubris:DisguiseKit"},{"floor":9,"key":"Bottled Flame"},{"floor":14,"key":"aspiration:HatOfInfinitePower"},{"floor":26,"key":"Pet Ghost"},{"floor":29,"key":"hubris:MobiusCoin"},{"floor":35,"key":"aspiration:SeaSaltIceCream"},{"floor":45,"key":"hubris:TinFlute"},{"floor":47,"key":"Sundial"}],"event_choices":[{"damage_healed":0,"gold_gain":0,"cards_transformed":["Strike_B"],"player_choice":"Transformed","damage_taken":0,"max_hp_gain":0,"max_hp_loss":0,"event_name":"Transmorgrifier","floor":4,"gold_loss":0,"cards_obtained":["Fusion"]},{"damage_healed":0,"gold_gain":0,"player_choice":"Traded Relic","damage_taken":0,"relics_obtained":["Nloth\u0027s Gift"],"max_hp_gain":0,"max_hp_loss":0,"event_name":"N\u0027loth","floor":27,"relics_lost":["Empty Cage"],"gold_loss":0},{"damage_healed":0,"gold_gain":0,"player_choice":"Memory 1","damage_taken":0,"max_hp_gain":0,"max_hp_loss":0,"event_name":"SensoryStone","floor":40,"gold_loss":0}],"is_beta":false,"boss_relics":[{"not_picked":["aspiration:SilentSkillbook","Calling Bell"],"picked":"Replay:Grab Bag"},{"not_picked":["Abe\u0027s Treasure","hubris:CrackedHourglass"],"picked":"aspiration:FutureDiary"},{"not_picked":["ReplayTheSpireMod:DimensionalGlitch","hubris:RunicObelisk"],"picked":"Sozu"},{"not_picked":["Astrolabe","FrozenCore"],"picked":"Empty Cage"},{"not_picked":["SacredBark","hubris:GrandSneckoEye"],"picked":"Tiny House"}],"items_purged_floors":[13,19,33,41,44],"is_endless":false,"potions_floor_spawned":[1,5,14,16,18,24,29,38,47],"ascension_level":0}}