{"host":"h2977v3ax51ohsow","time":1612425846,"event":{"mods":["Act Like it!","BaseMod","Colored Powertips","Koishi","Lobotomy","LobotomyExtend","Marisa（F雨　魔理沙）","Minty Spire (QoL Compilation)","Reimu（博丽灵梦）","Remilia（蕾米莉亚）","StSLib","The Administrix","The Servant 0.9.4"],"gold_per_floor":[114,134,151,161,161,192,192,227,227,253,267,267,302,302,302,378,378,391,389,405,405,505,536,536],"floor_reached":23,"language":"ZHS","playtime":1624,"items_purged":[],"score":408,"play_id":"f0fe82a6-5084-4f7b-b5bb-ffb834424e91","local_time":"20210204160406","is_ascension_mode":true,"campfire_choices":[{"data":"AdministrixMod:ImmortalGrace","floor":7,"key":"SMITH"},{"floor":15,"key":"DIG"}],"circlet_count":0,"master_deck":["AdministrixMod:Strike_Administrix","AdministrixMod:Strike_Administrix","AdministrixMod:Strike_Administrix","AdministrixMod:RedCloak","AdministrixMod:Defend_Administrix","AdministrixMod:Defend_Administrix","AdministrixMod:Defend_Administrix","AdministrixMod:BlueCloak","AdministrixMod:BishamonBlessing","AdministrixMod:PassageOfAges","AdministrixMod:ArmillarySphere","AdministrixMod:ImmortalGrace+1","AdministrixMod:NoblePath","AdministrixMod:WickedPunishment","AdministrixMod:AmassedMasks","AdministrixMod:CrackingPangu","AdministrixMod:ImmortalClarity","AdministrixMod:RisingSunPrince","AdministrixMod:DreamsMausoleum","AdministrixMod:ExtolVirtue","Writhe","AdministrixMod:HiddenPower"],"relics":["Philosopher\u0027s Stone","LetterFromLob","Strawberry","Pear","Mango","Shovel","Potion Belt","YidongShenshe:ReiMu","InkBottle","Snecko Eye","Letter Opener"],"acts_visited":["Exordium","TheCity"],"potions_floor_usage":[8,13,16,16,19,20],"damage_taken":[{"damage":3,"enemies":"2 Louse","floor":1,"turns":3},{"damage":0,"enemies":"Small Slimes","floor":2,"turns":3},{"damage":0,"enemies":"Cultist","floor":3,"turns":2},{"damage":3,"enemies":"Looter","floor":4,"turns":4},{"damage":23,"enemies":"3 Sentries","floor":6,"turns":7},{"damage":0,"enemies":"Gremlin Nob","floor":8,"turns":3},{"damage":1,"enemies":"Lagavulin","floor":10,"turns":4},{"damage":0,"enemies":"3 Louse","floor":11,"turns":1},{"damage":5,"enemies":"3 Sentries","floor":13,"turns":4},{"damage":0,"enemies":"Slime Boss","floor":16,"turns":3},{"damage":0,"enemies":"Spheric Guardian","floor":18,"turns":2},{"damage":0,"enemies":"2 Thieves","floor":19,"turns":3},{"damage":8,"enemies":"Snake Plant","floor":20,"turns":3},{"damage":0,"enemies":"Gremlin Leader","floor":23,"turns":6}],"seed_played":"994114292621607601","potions_obtained":[{"floor":3,"key":"AdministrixMod:AttunementTonic"},{"floor":6,"key":"Dexterity Potion"},{"floor":11,"key":"LiquidBronze"},{"floor":13,"key":"EntropicBrew"},{"floor":20,"key":"LiquidBronze"}],"is_trial":false,"path_per_floor":["M","M","M","M","?","E","R","E","T","E","M","?","E","?","R","B",null,"M","M","M","?","?","E"],"character_chosen":"TheAdministrix","items_purchased":[],"campfire_rested":0,"item_purchase_floors":[],"current_hp_per_floor":[62,62,62,59,59,43,43,53,67,66,66,71,66,66,66,66,101,101,101,93,93,93,93,93],"gold":536,"neow_bonus":"BOSS_RELIC","is_daily":false,"chose_seed":false,"campfire_upgraded":1,"win_rate":0.0,"timestamp":1612425846,"path_taken":["M","M","M","M","?","E","R","E","T","E","M","?","E","?","R","BOSS","M","M","M","?","?","E"],"items_purchased_type":[],"build_version":"2020-12-22","purchased_purges":0,"victory":false,"max_hp_per_floor":[65,65,65,65,65,72,72,82,96,96,96,101,101,101,101,101,101,101,101,101,101,101,101,101],"card_choices":[{"not_picked":["AdministrixMod:PassageOfAges","AdministrixMod:UnstableVigor"],"picked":"AdministrixMod:BishamonBlessing","floor":1},{"not_picked":["AdministrixMod:Transition","AdministrixMod:Overdrive"],"picked":"AdministrixMod:PassageOfAges","floor":2},{"not_picked":["AdministrixMod:PlateOfAntiquity","AdministrixMod:TrickOfTheLight"],"picked":"AdministrixMod:ArmillarySphere","floor":3},{"not_picked":["AdministrixMod:Transition","AdministrixMod:BloodlessSapphire"],"picked":"AdministrixMod:ImmortalGrace","floor":4},{"not_picked":["AdministrixMod:TrickOfTheLight","AdministrixMod:ChooseYourEnd","AdministrixMod:PlateOfAntiquity"],"picked":"SKIP","floor":6},{"not_picked":["AdministrixMod:Overdrive","AdministrixMod:MixOfMercury"],"picked":"AdministrixMod:WickedPunishment","floor":8},{"not_picked":["AdministrixMod:PlateOfAntiquity","AdministrixMod:FeastOfDew","AdministrixMod:SealAway"],"picked":"SKIP","floor":10},{"not_picked":["AdministrixMod:LightOfYourLife","AdministrixMod:BloodlessSapphire"],"picked":"AdministrixMod:AmassedMasks","floor":11},{"not_picked":["AdministrixMod:TouchOfCinnabar","AdministrixMod:NoblePath"],"picked":"AdministrixMod:CrackingPangu","floor":13},{"not_picked":["AdministrixMod:TenDesires","AdministrixMod:Mastermind"],"picked":"AdministrixMod:ImmortalClarity","floor":16},{"not_picked":["AdministrixMod:BloodlessSapphire","AdministrixMod:SyncreticPlunge"],"picked":"AdministrixMod:RisingSunPrince","floor":18},{"not_picked":["AdministrixMod:SealAway","AdministrixMod:ShadowPlay"],"picked":"AdministrixMod:DreamsMausoleum","floor":19},{"not_picked":["AdministrixMod:CrackingPangu","AdministrixMod:SyncreticPlunge+1"],"picked":"AdministrixMod:ExtolVirtue","floor":20}],"player_experience":134594,"relics_obtained":[{"floor":1,"key":"LetterFromLob"},{"floor":6,"key":"Strawberry"},{"floor":8,"key":"Pear"},{"floor":9,"key":"Mango"},{"floor":10,"key":"Shovel"},{"floor":13,"key":"Potion Belt"},{"floor":15,"key":"InkBottle"},{"floor":23,"key":"Letter Opener"}],"event_choices":[{"damage_healed":0,"gold_gain":0,"cards_transformed":["AdministrixMod:Defend_Administrix"],"player_choice":"Change","damage_taken":0,"max_hp_gain":0,"max_hp_loss":0,"event_name":"Living Wall","floor":5,"gold_loss":0,"cards_obtained":["AdministrixMod:NoblePath"]},{"damage_healed":0,"gold_gain":0,"player_choice":"Donut","damage_taken":0,"max_hp_gain":5,"max_hp_loss":0,"event_name":"Big Fish","floor":12,"gold_loss":0},{"damage_healed":0,"gold_gain":0,"player_choice":"带走神社","damage_taken":0,"relics_obtained":["YidongShenshe:ReiMu"],"max_hp_gain":0,"max_hp_loss":0,"event_name":"yidonshenshe","floor":14,"gold_loss":0,"cards_obtained":["Poor:ReiMu"]},{"damage_healed":0,"gold_gain":0,"cards_transformed":["Poor:ReiMu","AdministrixMod:Strike_Administrix"],"player_choice":"Became Test Subject","damage_taken":0,"max_hp_gain":0,"max_hp_loss":0,"event_name":"Drug Dealer","floor":21,"gold_loss":0,"cards_obtained":["Writhe","AdministrixMod:HiddenPower"]},{"damage_healed":0,"gold_gain":100,"player_choice":"Pray","damage_taken":0,"max_hp_gain":0,"max_hp_loss":0,"event_name":"Golden Shrine","floor":22,"gold_loss":0}],"is_beta":false,"boss_relics":[{"not_picked":["Calling Bell","Ectoplasm"],"picked":"Snecko Eye"}],"items_purged_floors":[],"is_endless":false,"potions_floor_spawned":[3,6,11,13,19,20],"killed_by":"Gremlin Leader","ascension_level":1}}