{"host":"4cz9gr89nglr7k8k","time":1612472617,"event":{"mods":["BaseMod","Minty Spire (QoL Compilation)","Relic Stats","Slay-I"],"gold_per_floor":[110,110,110,124,124,151,151,183,254,274,284,284,299,314,314,389,389,403,375,375,290,290,290,290],"floor_reached":23,"language":"DEU","playtime":491,"items_purged":[],"score":452,"play_id":"659bb05d-77b7-4c33-be86-e21a10e4e5ea","local_time":"20210204220337","is_ascension_mode":true,"campfire_choices":[{"floor":7,"key":"REST"},{"floor":12,"key":"REST"},{"floor":15,"key":"REST"}],"circlet_count":0,"master_deck":["AscendersBane","Strike_R","Strike_R","Strike_R","Strike_R","Strike_R","Defend_R","Defend_R","Defend_R","Defend_R","Bash","Whirlwind+1","Combust","Rupture","Inflame","Pommel Strike","Sever Soul","Clash","Seeing Red","Impervious","Clash","Ghostly Armor+1"],"relics":["Burning Blood","NeowsBlessing","Centennial Puzzle","Shuriken","Mango","Juzu Bracelet","Pantograph","Black Star","Pocketwatch"],"acts_visited":["Exordium","TheCity"],"potions_floor_usage":[16,16,19],"damage_taken":[{"damage":0,"enemies":"Small Slimes","floor":1,"turns":1},{"damage":0,"enemies":"Jaw Worm","floor":4,"turns":1},{"damage":0,"enemies":"Gremlin Nob","floor":6,"turns":1},{"damage":54,"enemies":"Lagavulin","floor":8,"turns":6},{"damage":6,"enemies":"Cultist","floor":10,"turns":3},{"damage":6,"enemies":"2 Fungi Beasts","floor":11,"turns":2},{"damage":26,"enemies":"Exordium Thugs","floor":13,"turns":4},{"damage":19,"enemies":"Blue Slaver","floor":14,"turns":4},{"damage":65,"enemies":"Slime Boss","floor":16,"turns":8},{"damage":41,"enemies":"3 Byrds","floor":18,"turns":5},{"damage":23,"enemies":"2 Thieves","floor":19,"turns":4},{"damage":24,"enemies":"Slavers","floor":23,"turns":2}],"seed_played":"-4424283571229606152","potions_obtained":[{"floor":4,"key":"EssenceOfSteel"},{"floor":10,"key":"Swift Potion"},{"floor":11,"key":"ColorlessPotion"},{"floor":18,"key":"BloodPotion"}],"is_trial":false,"path_per_floor":["M","?","?","M","T","E","R","E","T","M","M","R","M","M","R","B",null,"M","M","?","?","?","E"],"character_chosen":"IRONCLAD","items_purchased":[],"campfire_rested":3,"item_purchase_floors":[],"current_hp_per_floor":[74,29,29,35,35,55,81,33,33,33,33,59,39,26,52,18,71,36,36,23,23,23,0,0],"gold":290,"neow_bonus":"THREE_ENEMY_KILL","is_daily":false,"chose_seed":false,"campfire_upgraded":0,"win_rate":0.0,"timestamp":1612472617,"path_taken":["M","?","?","M","?","E","R","E","T","M","M","R","M","M","R","BOSS","M","M","?","?","?","E"],"items_purchased_type":[],"build_version":"2020-12-22","purchased_purges":0,"victory":false,"max_hp_per_floor":[75,75,75,75,75,89,89,89,89,89,89,89,89,89,89,89,89,89,89,89,89,89,89,89],"relic_stats":{"Centennial Puzzle":[27],"counters":[12,41],"Shuriken":[3],"Pantograph":25,"Juzu Bracelet":1,"Black Star":0,"obtain_stats":[{"Centennial Puzzle":2,"NeowsBlessing":0,"Shuriken":5,"Pantograph":9,"Mango":6,"Juzu Bracelet":8,"Black Star":17,"Burning Blood":0,"Pocketwatch":21},{"Centennial Puzzle":1,"NeowsBlessing":0,"Shuriken":2,"Pantograph":4,"Mango":3,"Juzu Bracelet":4,"Black Star":9,"Burning Blood":0,"Pocketwatch":11},{"Centennial Puzzle":1,"NeowsBlessing":0,"Shuriken":2,"Pantograph":9,"Mango":3,"Juzu Bracelet":9,"Black Star":30,"Burning Blood":0,"Pocketwatch":39}],"Burning Blood":66,"Pocketwatch":[2]},"card_choices":[{"not_picked":["Flex","Havoc"],"picked":"Whirlwind","floor":1},{"not_picked":["Heavy Blade","Second Wind"],"picked":"Combust","floor":4},{"not_picked":["Clothesline","True Grit"],"picked":"Rupture","floor":6},{"not_picked":["Havoc","Warcry"],"picked":"Inflame","floor":8},{"not_picked":["Dark Embrace","Wild Strike"],"picked":"Pommel Strike","floor":10},{"not_picked":["Searing Blow","Body Slam"],"picked":"Sever Soul","floor":11},{"not_picked":["Combust","Warcry"],"picked":"Clash","floor":13},{"not_picked":["Rage","Clash"],"picked":"Seeing Red","floor":14},{"not_picked":["Reaper","Barricade"],"picked":"Impervious","floor":16},{"not_picked":["Sword Boomerang","Sentinel"],"picked":"Clash","floor":18},{"not_picked":["Sword Boomerang+1","Twin Strike"],"picked":"Ghostly Armor+1","floor":19}],"player_experience":1540245,"relics_obtained":[{"floor":5,"key":"Shuriken"},{"floor":6,"key":"Mango"},{"floor":8,"key":"Juzu Bracelet"},{"floor":9,"key":"Pantograph"}],"event_choices":[{"damage_healed":0,"gold_gain":0,"player_choice":"Success","damage_taken":45,"relics_obtained":["Centennial Puzzle"],"max_hp_gain":0,"max_hp_loss":0,"event_name":"Scrap Ooze","floor":2,"gold_loss":0},{"damage_healed":0,"gold_gain":0,"player_choice":"Grow","damage_taken":0,"max_hp_gain":0,"max_hp_loss":0,"event_name":"Living Wall","floor":3,"gold_loss":0,"cards_upgraded":["Whirlwind"]},{"damage_healed":0,"gold_gain":0,"player_choice":"Damaged","damage_taken":13,"max_hp_gain":0,"max_hp_loss":0,"event_name":"Wheel of Change","floor":20,"gold_loss":0},{"damage_healed":0,"gold_gain":0,"player_choice":"Obtained Relic","damage_taken":0,"relics_obtained":["Pocketwatch"],"max_hp_gain":0,"max_hp_loss":0,"event_name":"Addict","floor":21,"gold_loss":85},{"damage_healed":0,"gold_gain":0,"player_choice":"Ignored","damage_taken":0,"max_hp_gain":0,"max_hp_loss":0,"event_name":"N\u0027loth","floor":22,"gold_loss":0}],"is_beta":false,"boss_relics":[{"not_picked":["Fusion Hammer","Runic Cube"],"picked":"Black Star"}],"items_purged_floors":[],"is_endless":false,"potions_floor_spawned":[4,10,11,18],"killed_by":"Slavers","ascension_level":20}}