{"host":"clf2hd4adhiiw0zf","time":1612470539,"event":{"mods":["AchievementEnabler","BaseMod","Beaked The Cultist","Bestiary","Dark Map","Downfall","Gremlin Mod","Hermit","Jorbs\u0027s Wanderer Trilogy","Marisa????????","Minty Spire (QoL Compilation)","Shop Mod","StSLib","The Cursed","The Servant 0.9.4","Wide Potions"],"gold_per_floor":[99,99,99,99,119,19,87,119,134,159,259,275,294,323,342,438,438,338,354,365,515,525,537,563,333,352,252,252,252,268,294,313,313,313,313],"floor_reached":33,"language":"ENG","playtime":1491,"items_purged":[],"score":400,"play_id":"78b714b4-c19a-478e-a779-279acf31ed6f","local_time":"20210204132859","is_ascension_mode":true,"campfire_choices":[{"floor":1,"key":"RECALL"},{"data":"bronze:Flail","floor":6,"key":"SMITH"},{"data":"bronze:Repulsor","floor":18,"key":"SMITH"},{"data":"bronze:Flail","floor":27,"key":"SMITH"}],"circlet_count":0,"master_deck":["bronze:Strike","bronze:Strike","bronze:Strike","bronze:Strike","bronze:Defend","bronze:Defend","bronze:Defend","bronze:Defend","bronze:Replicate","bronze:Goto","bronze:GetLatest","bronze:Flail+1","bronze:Frontload","bronze:CloningBeam","bronze:Repulsor+1","bronze:Shield","bronze:FollowUp","bronze:Boost","bronze:DarkDash","bronze:HyperBeam","bronze:CutThrough","bronze:Overheat+1","bronze:Fortify","bronze:FindAndReplace","bronze:Flail+1","bronze:FineTuning","bronze:MaxOutput","bronze:ForLoop"],"relics":["bronze:BronzeCore","downfall:HeartsMalice","downfall:HeartBlessingRed","Pear","Ornamental Fan","White Beast Statue","Slimebound:StickyStick","bronze:ElectromagneticCoil","downfall:HeartBlessingGreen","Blood Vial","Nloth\u0027s Gift","bronze:SilverBullet"],"acts_visited":["Exordium","TheCity"],"potions_floor_usage":[11,12,14,15,19,20,28,31,31,31,31,33,33],"damage_taken":[{"damage":0,"enemies":"Jaw Worm","floor":2,"turns":1},{"damage":0,"enemies":"Cultist","floor":3,"turns":1},{"damage":0,"enemies":"Small Slimes","floor":4,"turns":1},{"damage":11,"enemies":"3 Louse","floor":5,"turns":3},{"damage":8,"enemies":"Gremlin Nob","floor":8,"turns":3},{"damage":0,"enemies":"Large Slime","floor":9,"turns":5},{"damage":0,"enemies":"3 Sentries","floor":10,"turns":3},{"damage":3,"enemies":"downfall:LadyInBlue","floor":11,"turns":12},{"damage":0,"enemies":"Blue Slaver","floor":12,"turns":2},{"damage":5,"enemies":"2 Fungi Beasts","floor":13,"turns":5},{"damage":0,"enemies":"Gremlin Nob","floor":14,"turns":2},{"damage":0,"enemies":"Red Slaver","floor":15,"turns":1},{"damage":1,"enemies":"SI_SHIV_ARCHETYPE","floor":16,"turns":10},{"damage":0,"enemies":"3 Byrds","floor":19,"turns":2},{"damage":0,"enemies":"Snake Plant","floor":20,"turns":1},{"damage":4,"enemies":"Snecko","floor":22,"turns":4},{"damage":19,"enemies":"Sentry and Sphere","floor":23,"turns":6},{"damage":1,"enemies":"downfall:FleeingMerchant","floor":25,"turns":4},{"damage":0,"enemies":"3 Cultists","floor":26,"turns":2},{"damage":0,"enemies":"Snake Plant","floor":28,"turns":2},{"damage":19,"enemies":"Snecko","floor":30,"turns":4},{"damage":24,"enemies":"Book of Stabbing","floor":31,"turns":3},{"damage":22,"enemies":"Sentry and Sphere","floor":32,"turns":4},{"damage":22,"enemies":"WA_ARCHETYPE_CALM","floor":33,"turns":5}],"seed_played":"5512670069685722672","potions_obtained":[{"floor":5,"key":"EssenceOfSteel"},{"floor":9,"key":"bronze:FreeFunctionsPotion"},{"floor":11,"key":"AttackPotion"},{"floor":11,"key":"Regen Potion"},{"floor":11,"key":"sneckomod:MuddlingPotion"},{"floor":11,"key":"PowerPotion"},{"floor":12,"key":"Ancient Potion"},{"floor":13,"key":"SteroidPotion"},{"floor":14,"key":"SmokeBomb"},{"floor":15,"key":"bronze:CleanCodePotion"},{"floor":16,"key":"Slimebound:ThreeZeroPotion"},{"floor":19,"key":"AttackPotion"},{"floor":20,"key":"SpeedPotion"},{"floor":23,"key":"ColorlessPotion"},{"floor":25,"key":"SmokeBomb"},{"floor":30,"key":"Explosive Potion"},{"floor":31,"key":"AttackPotion"},{"floor":32,"key":"DistilledChaos"}],"is_trial":false,"path_per_floor":["R","M","M","M","M","R","T","E","M","E","?","M","M","E","M","B",null,"R","M","M","?","M","M","T","$","M","R","M","?","M","E","M","B"],"character_chosen":"THE_AUTOMATON","items_purchased":["bronze:Flail","Blood Vial"],"campfire_rested":0,"item_purchase_floors":[25,25],"current_hp_per_floor":[70,70,70,70,59,59,69,61,61,61,58,58,53,53,53,52,80,80,80,80,80,76,57,57,56,58,68,70,70,53,40,20,0,0,0],"gold":313,"neow_bonus":"THREE_ENEMY_KILL","is_daily":false,"chose_seed":false,"campfire_upgraded":3,"win_rate":0.0,"timestamp":1612470539,"path_taken":["R","M","M","M","M","R","T","E","M","E","?","?","M","E","M","BOSS","R","M","M","?","M","M","T","$","M","R","?","?","?","E","M","BOSS"],"items_purchased_type":["Card","Relic"],"build_version":"2020-12-22","purchased_purges":0,"victory":false,"max_hp_per_floor":[70,70,70,70,70,70,80,80,80,80,80,80,80,80,80,80,80,80,80,80,80,80,80,80,80,80,90,90,90,90,90,90,90,90,90],"card_choices":[{"not_picked":["bronze:WildBeam","bronze:Invalidate"],"picked":"bronze:GetLatest","floor":2},{"not_picked":["bronze:Repulsor","bronze:Deprecate"],"picked":"bronze:Flail","floor":3},{"not_picked":["bronze:BuggyMess","bronze:BitShift"],"picked":"bronze:Frontload","floor":4},{"not_picked":["bronze:Return","bronze:OilSpill"],"picked":"bronze:CloningBeam","floor":5},{"not_picked":["bronze:InfiniteBeams","bronze:BugBarrage"],"picked":"bronze:Repulsor","floor":8},{"not_picked":["bronze:CloningBeam","bronze:InfiniteBeams"],"picked":"bronze:Shield","floor":9},{"not_picked":["bronze:Shell","bronze:TinkerersToolbox"],"picked":"bronze:FollowUp","floor":10},{"not_picked":["bronze:Optimize","bronze:Turbo"],"picked":"bronze:Boost","floor":12},{"not_picked":["bronze:BitShift","bronze:Deprecate"],"picked":"bronze:DarkDash","floor":13},{"not_picked":["bronze:OilSpill","bronze:BronzeArmor","bronze:Deprecate"],"picked":"SKIP","floor":14},{"not_picked":["bronze:BuggyMess","bronze:Constructor","bronze:OilSpill"],"picked":"SKIP","floor":15},{"not_picked":["bronze:ShipIt","bronze:BurnOut"],"picked":"bronze:HyperBeam","floor":16},{"not_picked":["bronze:Shield","bronze:Invalidate","bronze:DelayedSlice+1"],"picked":"SKIP","floor":19},{"not_picked":["bronze:Frontload","bronze:CloningBeam"],"picked":"bronze:CutThrough","floor":20},{"not_picked":["bronze:BitShift","bronze:ChildClass"],"picked":"bronze:Overheat+1","floor":22},{"not_picked":["bronze:Frontload+1","bronze:Shield"],"picked":"bronze:Fortify","floor":23},{"not_picked":["bronze:Separator","bronze:Overload"],"picked":"bronze:FindAndReplace","floor":25},{"not_picked":["bronze:BuggyMess","bronze:DelayedSlice"],"picked":"bronze:FineTuning","floor":26},{"not_picked":["bronze:InfiniteLoop","bronze:BitShift"],"picked":"bronze:MaxOutput","floor":30},{"not_picked":["bronze:InfiniteBeams","bronze:CutThrough"],"picked":"bronze:ForLoop","floor":31},{"not_picked":["bronze:Safeguard","bronze:BuggyMess","bronze:Shield"],"picked":"SKIP","floor":32}],"player_experience":193282,"relics_obtained":[{"floor":7,"key":"Pear"},{"floor":8,"key":"Potion Belt"},{"floor":10,"key":"Ornamental Fan"},{"floor":11,"key":"White Beast Statue"},{"floor":14,"key":"Slimebound:StickyStick"},{"floor":31,"key":"bronze:SilverBullet"}],"event_choices":[],"is_beta":false,"boss_relics":[{"not_picked":["bronze:MakeshiftBattery","bronze:PlatinumCore"],"picked":"bronze:ElectromagneticCoil"}],"items_purged_floors":[],"is_endless":false,"potions_floor_spawned":[5,9,11,12,13,14,15,16,19,20,22,23,25,26,28,30,31,32],"killed_by":"WA_ARCHETYPE_CALM","ascension_level":2}}