{"host":"d9m9v0h6vo0edadb","time":1612435382,"event":{"mods":["BaseMod","Hermit","Keyboard Shortcuts","Minty Spire (QoL Compilation)","StSLib","SuperFastMode","The Cursed"],"gold_per_floor":[117,117,267,283,18,43,43,71,71,71,90,90,106,121,121,194,194,214,227,127,140,157,157,32,66,139,139,139,149,164,174,174,246,296,315,315,335,348,366,366,380,380,380],"floor_reached":42,"language":"KOR","playtime":1038,"items_purged":["Doubt","Strike_G","Strike_G"],"score":918,"play_id":"2a678e74-93e7-492a-ad65-66ddd5c3e18b","local_time":"20210204194302","is_ascension_mode":true,"campfire_choices":[{"data":"Apotheosis","floor":10,"key":"SMITH"},{"data":"After Image","floor":15,"key":"SMITH"},{"data":"Acrobatics","floor":23,"key":"SMITH"},{"floor":27,"key":"REST"},{"floor":32,"key":"REST"},{"floor":40,"key":"REST"}],"circlet_count":0,"master_deck":["AscendersBane","Strike_G","Strike_G","Defend_G","Defend_G","Defend_G","Defend_G","Defend_G","Survivor","Neutralize","Cloak And Dagger","After Image+1","Dagger Throw","Apotheosis+1","Leg Sweep","Tactician+1","Quick Slash","Prepared","Poisoned Stab","Grand Finale+1","Acrobatics+1","Prepared"],"relics":["Ring of the Snake","NeowsBlessing","Darkstone Periapt","InkBottle","StrikeDummy","Sozu","Regal Pillow","Molten Egg 2","Tiny House"],"acts_visited":["Exordium","TheCity","TheBeyond"],"potions_floor_usage":[8,13,16,38],"damage_taken":[{"damage":0,"enemies":"Small Slimes","floor":1,"turns":1},{"damage":0,"enemies":"2 Louse","floor":4,"turns":1},{"damage":0,"enemies":"3 Sentries","floor":6,"turns":1},{"damage":27,"enemies":"Gremlin Nob","floor":8,"turns":6},{"damage":0,"enemies":"Cultist","floor":11,"turns":3},{"damage":0,"enemies":"Exordium Wildlife","floor":13,"turns":5},{"damage":0,"enemies":"Looter","floor":14,"turns":3},{"damage":16,"enemies":"Hexaghost","floor":16,"turns":14},{"damage":0,"enemies":"3 Byrds","floor":18,"turns":3},{"damage":0,"enemies":"Chosen","floor":19,"turns":6},{"damage":1,"enemies":"Centurion and Healer","floor":21,"turns":3},{"damage":9,"enemies":"Snake Plant","floor":22,"turns":5},{"damage":30,"enemies":"Gremlin Leader","floor":25,"turns":9},{"damage":6,"enemies":"3 Cultists","floor":29,"turns":5},{"damage":12,"enemies":"Sentry and Sphere","floor":30,"turns":6},{"damage":6,"enemies":"Snake Plant","floor":31,"turns":5},{"damage":10,"enemies":"Automaton","floor":33,"turns":9},{"damage":2,"enemies":"3 Shapes","floor":35,"turns":2},{"damage":37,"enemies":"3 Darklings","floor":37,"turns":10},{"damage":7,"enemies":"Writhing Mass","floor":38,"turns":8},{"damage":0,"enemies":"Jaw Worm Horde","floor":39,"turns":2},{"damage":23,"enemies":"Spire Growth","floor":41,"turns":6},{"damage":17,"enemies":"4 Shapes","floor":42,"turns":6}],"seed_played":"-6952826369713214147","potions_obtained":[{"floor":4,"key":"ColorlessPotion"},{"floor":8,"key":"LiquidMemories"},{"floor":11,"key":"Block Potion"},{"floor":13,"key":"Weak Potion"}],"is_trial":false,"path_per_floor":["M","?","?","M","$","E","$","E","T","R","M","?","M","M","R","B",null,"M","M","$","M","M","R","$","E","T","R","$","M","M","M","R","B",null,"M","?","M","M","M","R","M","M"],"character_chosen":"THE_SILENT","items_purchased":["Apotheosis"],"campfire_rested":3,"item_purchase_floors":[5],"current_hp_per_floor":[59,59,59,59,59,59,59,32,32,32,32,37,37,37,37,21,59,59,59,59,58,49,49,49,19,19,55,55,49,37,31,67,57,73,71,71,34,27,27,64,41,24,24],"gold":380,"neow_bonus":"THREE_ENEMY_KILL","is_daily":false,"chose_seed":false,"campfire_upgraded":3,"win_rate":0.0,"timestamp":1612435382,"path_taken":["M","?","?","M","$","E","$","E","T","R","M","?","M","M","R","BOSS","M","M","$","M","M","R","$","E","T","R","$","M","M","M","R","BOSS","M","?","?","M","M","R","M","M"],"items_purchased_type":["Card"],"build_version":"2020-12-22","purchased_purges":3,"victory":false,"max_hp_per_floor":[66,66,66,66,66,66,66,66,66,66,66,71,71,71,71,71,71,71,71,71,71,71,71,71,71,71,71,71,71,71,71,71,71,76,76,76,76,76,76,76,76,76,76],"card_choices":[{"not_picked":["Dagger Spray","Deflect"],"picked":"Cloak And Dagger","floor":1},{"not_picked":["Endless Agony","Quick Slash"],"picked":"Dagger Throw","floor":4},{"not_picked":["Dash","Deflect"],"picked":"Leg Sweep","floor":6},{"not_picked":["Dodge and Roll","Night Terror"],"picked":"Tactician","floor":8},{"not_picked":["Leg Sweep","Deflect"],"picked":"Quick Slash","floor":11},{"not_picked":["PiercingWail","Tactician"],"picked":"Prepared","floor":13},{"not_picked":["Backflip","Dagger Spray"],"picked":"Poisoned Stab","floor":14},{"not_picked":["Doppelganger","After Image"],"picked":"Grand Finale","floor":16},{"not_picked":["Bane","Slice+1"],"picked":"Acrobatics","floor":18},{"not_picked":["Quick Slash","Distraction","Poisoned Stab"],"picked":"SKIP","floor":19},{"not_picked":["Noxious Fumes","Sucker Punch","Terror"],"picked":"SKIP","floor":21},{"not_picked":["Expertise+1","Eviscerate","Doppelganger"],"picked":"SKIP","floor":22},{"not_picked":["Expertise+1","Eviscerate","Doppelganger"],"picked":"SKIP","floor":22},{"not_picked":["Quick Slash","Setup"],"picked":"Prepared","floor":25},{"not_picked":["Leg Sweep+1","Deflect","Dash+1"],"picked":"SKIP","floor":29},{"not_picked":["Cloak And Dagger","Noxious Fumes","Underhanded Strike+1"],"picked":"SKIP","floor":30},{"not_picked":["Dagger Throw+1","PiercingWail","Poisoned Stab+1"],"picked":"SKIP","floor":31},{"not_picked":["Catalyst","Cloak And Dagger","Leg Sweep+1"],"picked":"SKIP","floor":35},{"not_picked":["Footwork","Endless Agony+1","Masterful Stab+1"],"picked":"SKIP","floor":37},{"not_picked":["Blade Dance","Cloak And Dagger","Tactician"],"picked":"SKIP","floor":38},{"not_picked":["Backflip","Cloak And Dagger","Underhanded Strike+1"],"picked":"SKIP","floor":39},{"not_picked":["Infinite Blades","Glass Knife+1","Bane+1"],"picked":"SKIP","floor":41}],"player_experience":1002858,"relics_obtained":[{"floor":6,"key":"Darkstone Periapt"},{"floor":8,"key":"InkBottle"},{"floor":9,"key":"StrikeDummy"},{"floor":25,"key":"Regal Pillow"},{"floor":26,"key":"Molten Egg 2"}],"event_choices":[{"damage_healed":0,"gold_gain":0,"cards_transformed":["Strike_G"],"player_choice":"Change","damage_taken":0,"max_hp_gain":0,"max_hp_loss":0,"event_name":"Living Wall","floor":2,"gold_loss":0,"cards_obtained":["After Image"]},{"damage_healed":0,"gold_gain":150,"player_choice":"AGREE","damage_taken":0,"max_hp_gain":0,"max_hp_loss":0,"event_name":"Liars Game","floor":3,"gold_loss":0,"cards_obtained":["Doubt"]},{"damage_healed":0,"gold_gain":0,"player_choice":"Donut","damage_taken":0,"max_hp_gain":5,"max_hp_loss":0,"event_name":"Big Fish","floor":12,"gold_loss":0},{"damage_healed":0,"gold_gain":0,"player_choice":"Upgraded","damage_taken":0,"max_hp_gain":0,"max_hp_loss":0,"event_name":"Upgrade Shrine","floor":36,"gold_loss":0,"cards_upgraded":["Tactician"]}],"is_beta":false,"boss_relics":[{"not_picked":["Busted Crown","Philosopher\u0027s Stone"],"picked":"Sozu"},{"not_picked":["SlaversCollar","SacredBark"],"picked":"Tiny House"}],"items_purged_floors":[5,20,24],"is_endless":false,"potions_floor_spawned":[4,8,11,13,18,19,31,35,38],"killed_by":"4 Shapes","ascension_level":20}}