{"host":"kvh5342rl0c7vxi5","time":1612479193,"event":{"mods":["BaseMod","Downfall","Hermit","Jorbs\u0027s Wanderer Trilogy","Minty Spire (QoL Compilation)","Quick Restart","StSLib","SuperFastMode","The Poker Player"],"gold_per_floor":[99,113,128,141,158,188,188,217,229,246,246,246,246,396,412,412,412,412],"floor_reached":16,"language":"ENG","playtime":777,"items_purged":[],"score":120,"play_id":"e4413b6b-a7d5-4ba7-ae28-48fe6eb92c54","local_time":"20210204175313","is_ascension_mode":true,"campfire_choices":[{"data":"champ:Taunt","floor":1,"key":"SMITH"},{"floor":11,"key":"REST"},{"floor":13,"key":"REST"}],"circlet_count":0,"master_deck":["champ:Strike","champ:Strike","champ:Strike","champ:Strike","champ:Defend","champ:Defend","champ:Defend","champ:Defend","champ:Execute","champ:Taunt+1","champ:GutPunch","champ:CrownThrow","champ:BringItOn","champ:CrookedStrike","champ:EndlessRage","champ:BerserkersShout","champ:AdrenalArmor","champ:EnragedBash","champ:HoldFirm","downfall:Icky","champ:Encircle"],"relics":["champ:ChampionCrown","Lantern","Dream Catcher","Oddly Smooth Stone","downfall:ShatteredFragment"],"acts_visited":["Exordium"],"potions_floor_usage":[6,8],"damage_taken":[{"damage":10,"enemies":"Cultist","floor":2,"turns":4},{"damage":10,"enemies":"2 Louse","floor":3,"turns":2},{"damage":10,"enemies":"Small Slimes","floor":4,"turns":2},{"damage":10,"enemies":"Blue Slaver","floor":5,"turns":3},{"damage":25,"enemies":"Gremlin Nob","floor":6,"turns":4},{"damage":55,"enemies":"Lagavulin","floor":8,"turns":8},{"damage":10,"enemies":"Large Slime","floor":9,"turns":6},{"damage":22,"enemies":"Exordium Wildlife","floor":10,"turns":5},{"damage":15,"enemies":"Red Slaver","floor":15,"turns":3},{"damage":29,"enemies":"DF_ARCHETYPE_STREAMLINE","floor":16,"turns":4}],"seed_played":"3533379559132071412","potions_obtained":[{"floor":2,"key":"Ancient Potion"},{"floor":4,"key":"Block Potion"},{"floor":5,"key":"FairyPotion"},{"floor":9,"key":"champ:TechniquePotion"},{"floor":15,"key":"champ:CounterPotion"}],"is_trial":false,"path_per_floor":["R","M","M","M","M","E","T","E","M","M","R","?","R","?","M","B"],"character_chosen":"THE_CHAMP","items_purchased":[],"campfire_rested":2,"item_purchase_floors":[],"current_hp_per_floor":[90,90,90,90,90,75,75,40,30,13,40,13,40,40,40,11,11,11],"gold":412,"neow_bonus":"RANDOM_COMMON_RELIC","is_daily":false,"chose_seed":false,"campfire_upgraded":1,"win_rate":0.0,"timestamp":1612479193,"path_taken":["R","M","M","M","M","E","T","E","M","M","R","?","R","?","M","BOSS"],"items_purchased_type":[],"build_version":"2020-12-22","purchased_purges":0,"victory":false,"max_hp_per_floor":[90,90,90,90,90,90,90,90,90,90,90,90,90,90,90,90,90,90],"card_choices":[{"not_picked":["champ:DefensiveShout","champ:Lariat"],"picked":"champ:GutPunch","floor":2},{"not_picked":["champ:EndlessRage","champ:FocusedDefense"],"picked":"champ:CrownThrow","floor":3},{"not_picked":["champ:CrookedStrike","champ:EndlessRage"],"picked":"champ:BringItOn","floor":4},{"not_picked":["champ:EnGarde","champ:Shatter"],"picked":"champ:CrookedStrike","floor":5},{"not_picked":["champ:FalseCounter","champ:FancyFootwork"],"picked":"champ:EndlessRage","floor":6},{"not_picked":["champ:PerfectedStrike","champ:DancingMaster","champ:EndlessRage"],"picked":"SKIP","floor":8},{"not_picked":["champ:DefensiveShout","champ:FlashCut"],"picked":"champ:BerserkersShout","floor":9},{"not_picked":["champ:Circumvent","champ:Backstep"],"picked":"champ:AdrenalArmor","floor":10},{"not_picked":["champ:CrookedStrike","champ:PreciseThrust"],"picked":"champ:EnragedBash","floor":11},{"not_picked":["champ:GutPunch","champ:BringItOn"],"picked":"champ:HoldFirm","floor":13},{"not_picked":["champ:BladeFlurry","champ:PerfectedStrike"],"picked":"champ:Encircle","floor":15}],"player_experience":583652,"relics_obtained":[{"floor":6,"key":"Dream Catcher"},{"floor":7,"key":"Oddly Smooth Stone"}],"event_choices":[],"is_beta":false,"boss_relics":[],"items_purged_floors":[],"is_endless":false,"potions_floor_spawned":[2,4,5,9,15],"killed_by":"DF_ARCHETYPE_STREAMLINE","ascension_level":1}}