{"host":"uu8qcv8llpcbwyus","time":1612425372,"event":{"mods":["100% Spire Juice","BaseMod","CapriCore","Conspire","Downfall","HololiveMod","Hubris","Marisa（霧雨　魔理沙）","Minty Spire (QoL Compilation)","Reimu（博??梦）","Remilia（蕾米莉?）","Replay The Spire","StSLib","The Administrix","The Animator","The Gatherer","The Immortal","The Servant 0.9.4","TheSwordswoman","WarShipGirlsR/??少女R mod","Yakumo Yukari mod"],"gold_per_floor":[117,117,117,135,85,98,78,78,78,89,109,109,123,140,140,242,242,261,276,29,29,43,74,92,111,111,111,31,31,31,31],"floor_reached":30,"language":"ENG","playtime":1400,"items_purged":[],"score":342,"play_id":"7142ba9f-1e53-4320-8a86-1ae1ad6a9bcb","local_time":"20210203235612","is_ascension_mode":true,"campfire_choices":[{"data":"UniversalSpiritual:ReiMu","floor":8,"key":"SMITH"},{"data":"AlertArray:ReiMu","floor":12,"key":"SMITH"},{"data":"DoubleButterfly:ReiMu","floor":15,"key":"SMITH"},{"data":"DependentForm:ReiMu","floor":27,"key":"SMITH"}],"circlet_count":0,"master_deck":["conspire:GhostlyStrike","conspire:GhostlyStrike","conspire:GhostlyStrike","conspire:GhostlyStrike","conspire:GhostlyDefend","conspire:GhostlyDefend","Stagnation:ReiMu","UniversalSpiritual:ReiMu+1","AlertArray:ReiMu+1","SubAcupoint:ReiMu","CareerPray:ReiMu","YinYang:ReiMu","DoubleButterfly:ReiMu+1","Enchanting:ReiMu","DependentForm:ReiMu+1","SafetyPray:ReiMu","UpKicking:ReiMu+1","champ:FaceSlap","SpreadBorder2:ReiMu+1","RainPray2:ReiMu","NineCharacters:ReiMu"],"relics":["FlyPower:ReiMu","Girya","Darkstone Periapt","DonationBox:ReiMu","BodyOfKamiR:ReiMu","Replay:Mystery Machine","Replay:PocketPolymizer"],"acts_visited":["Exordium","TheCity"],"potions_floor_usage":[23,25,30,30],"damage_taken":[{"damage":12,"enemies":"Small Slimes","floor":1,"turns":6},{"damage":15,"enemies":"Cultist","floor":4,"turns":7},{"damage":0,"enemies":"Jaw Worm","floor":6,"turns":4},{"damage":10,"enemies":"2 Fungi Beasts","floor":10,"turns":7},{"damage":4,"enemies":"Looter","floor":11,"turns":4},{"damage":8,"enemies":"Lots of Slimes","floor":13,"turns":7},{"damage":0,"enemies":"2 Fungi Beasts","floor":14,"turns":4},{"damage":8,"enemies":"Fading Forest","floor":16,"turns":11},{"damage":15,"enemies":"Chosen","floor":18,"turns":6},{"damage":0,"enemies":"Spheric Guardian","floor":19,"turns":6},{"damage":0,"enemies":"Snecko","floor":22,"turns":4},{"damage":14,"enemies":"Book of Stabbing","floor":23,"turns":8},{"damage":1,"enemies":"Snake Plant","floor":24,"turns":6},{"damage":19,"enemies":"Cultist and Chosen","floor":25,"turns":8},{"damage":5,"enemies":"Slavers","floor":30,"turns":2}],"seed_played":"-6366576677280194082","potions_obtained":[{"floor":1,"key":"Block Potion"},{"floor":11,"key":"Elixir"},{"floor":14,"key":"CultistPotion"},{"floor":16,"key":"DuplicationPotion"},{"floor":23,"key":"Cursed Concoction"}],"is_trial":false,"path_per_floor":["M","?","?","M","?","M","?","R","T","M","M","R","M","M","R","B",null,"M","M","$","?","M","E","M","M","T","R","$","?","E"],"character_chosen":"REIMU","items_purchased":["BodyOfKamiR:ReiMu","NineCharacters:ReiMu"],"campfire_rested":0,"item_purchase_floors":[20,28],"current_hp_per_floor":[47,47,47,32,32,32,32,32,32,22,18,18,10,10,10,10,51,36,36,36,36,36,22,21,2,2,2,2,2,0,0],"gold":31,"neow_bonus":"REMOVE_CARD","is_daily":false,"chose_seed":false,"campfire_upgraded":4,"win_rate":0.0,"timestamp":1612425372,"path_taken":["M","?","?","?","?","M","?","R","T","M","M","R","M","M","R","BOSS","M","M","?","?","M","E","M","M","T","R","$","?","E"],"items_purchased_type":["Relic","Card"],"build_version":"2020-12-22","purchased_purges":0,"victory":false,"max_hp_per_floor":[65,65,65,65,65,65,65,65,65,65,65,65,65,65,65,65,65,65,65,65,65,65,65,65,65,65,65,65,65,65,65],"card_choices":[{"not_picked":["RainPray2:ReiMu","EmergencyTakeOff:ReiMu"],"picked":"UniversalSpiritual:ReiMu","floor":1},{"not_picked":["Enchanting:ReiMu","SafetyPray:ReiMu"],"picked":"AlertArray:ReiMu","floor":4},{"not_picked":["RunawayExorcism:ReiMu","Dreaming2:ReiMu"],"picked":"SubAcupoint:ReiMu","floor":6},{"not_picked":[],"picked":"TakeOff:ReiMu","floor":7},{"not_picked":["WonderfulDomain:ReiMu","PassingAway:ReiMu","CareerPray:ReiMu"],"picked":"SKIP","floor":10},{"not_picked":["WonderfulDomain:ReiMu","PassingAway:ReiMu"],"picked":"CareerPray:ReiMu","floor":10},{"not_picked":["OrbThrow:ReiMu","NineCharacters:ReiMu"],"picked":"YinYang:ReiMu","floor":11},{"not_picked":["FineLineFantasy:ReiMu","Intuition:ReiMu"],"picked":"DoubleButterfly:ReiMu","floor":13},{"not_picked":["Crusade:ReiMu","PayForSelf:ReiMu"],"picked":"Enchanting:ReiMu","floor":14},{"not_picked":["Shading:ReiMu","OctopathSalyBorderN:ReiMu"],"picked":"DependentForm:ReiMu","floor":16},{"not_picked":["KamiSacrifice:ReiMu","PayForSelf:ReiMu"],"picked":"SafetyPray:ReiMu","floor":18},{"not_picked":["Enchanting:ReiMu+1","SafetyPray:ReiMu"],"picked":"UpKicking:ReiMu+1","floor":19},{"not_picked":["OrbThrow:ReiMu","SpringWay:ReiMu"],"picked":"SpreadBorder2:ReiMu+1","floor":22},{"not_picked":["TightArray:ReiMu","CardOfSanctity:ReiMu","TakeOff:ReiMu"],"picked":"SKIP","floor":23},{"not_picked":["EmergencyTakeOff:ReiMu","CareerPray:ReiMu+1","Amulet:ReiMu"],"picked":"SKIP","floor":24},{"not_picked":["FoulBorder2:ReiMu","EmergencyTakeOff:ReiMu","AlertArray:ReiMu"],"picked":"SKIP","floor":25}],"player_experience":1169260,"relics_obtained":[{"floor":9,"key":"Darkstone Periapt"},{"floor":23,"key":"Replay:Mystery Machine"},{"floor":26,"key":"Replay:PocketPolymizer"}],"event_choices":[{"damage_healed":0,"gold_gain":0,"player_choice":"Agree","damage_taken":0,"max_hp_gain":0,"max_hp_loss":0,"event_name":"conspire:LoneGhost","floor":2,"gold_loss":0},{"cards_removed":["conspire:GhostlyDefend"],"damage_healed":0,"gold_gain":0,"player_choice":"Gave Card","damage_taken":0,"relics_obtained":["Girya"],"max_hp_gain":0,"max_hp_loss":0,"event_name":"WeMeetAgain","floor":3,"gold_loss":0},{"cards_removed":["NB:ReiMu"],"damage_healed":0,"gold_gain":0,"player_choice":"Card Removal","damage_taken":0,"max_hp_gain":0,"max_hp_loss":0,"event_name":"The Cleric","floor":5,"gold_loss":50},{"damage_healed":0,"gold_gain":0,"player_choice":"Read","damage_taken":0,"max_hp_gain":0,"max_hp_loss":0,"event_name":"The Library","floor":21,"gold_loss":0,"cards_obtained":["champ:FaceSlap"]}],"is_beta":false,"boss_relics":[{"not_picked":["Ectoplasm","Ring of Chaos"],"picked":"DonationBox:ReiMu"}],"items_purged_floors":[],"is_endless":false,"potions_floor_spawned":[1,11,14,16,19,22,23],"killed_by":"Slavers","ascension_level":6}}