{"host":"2brg86hfzr3u5cix","time":1612440104,"event":{"mods":["AchievementEnabler","Ascension Unlocker","BaseMod","CapriCore","DeckTracker","Highlight Path","Keyboard Shortcuts","Minty Spire (QoL Compilation)","Permanent Neow","Relic Stats","StSLib","Twitch Utils","Uncapped","UnlockEverythingMod"],"gold_per_floor":[115,126,126,126,51,51,79,96,96,96,96,96,131,156,156,241,241,264,264,289,289,309,309,10,10,33,33,68,26,26,26,26,110,137,157,182,193,243,268,268,268],"floor_reached":40,"language":"KOR","playtime":1239,"items_purged":["Strike_P","Strike_P"],"score":874,"play_id":"4d6080b7-6d8d-4ecc-9f1e-a494c73cacef","local_time":"20210204210144","is_ascension_mode":true,"campfire_choices":[{"floor":6.0,"key":"REST"},{"floor":10.0,"key":"REST"},{"data":"WindmillStrike","floor":12.0,"key":"SMITH"},{"data":"CrushJoints","floor":15.0,"key":"SMITH"},{"floor":23.0,"key":"REST"},{"data":"DevaForm","floor":27.0,"key":"SMITH"},{"data":"FlyingSleeves","floor":30.0,"key":"SMITH"},{"data":"MentalFortress","floor":32.0,"key":"SMITH"}],"circlet_count":0,"master_deck":["AscendersBane","Strike_P+1","Defend_P","Eruption+1","Vigilance","Scrawl+1","WindmillStrike+1","MentalFortress+1","EmptyFist","CarveReality","CrushJoints+1","Evaluate","DevaForm+1","Vengeance","FlyingSleeves+1","Master of Strategy","LikeWater+1","EmptyBody","Devotion","Blasphemy+1","Consecrate+1","Scrawl+1","EmptyMind","Tantrum+1","FearNoEvil+1"],"relics":["PureWater","Eternal Feather","Shuriken","CeramicFish","Sozu","Enchiridion","MutagenicStrength","Regal Pillow","Anchor","Astrolabe"],"acts_visited":["Exordium","TheCity","TheBeyond"],"potions_floor_usage":[],"damage_taken":[{"damage":0.0,"enemies":"Jaw Worm","floor":1.0,"turns":3.0},{"damage":12.0,"enemies":"Small Slimes","floor":2.0,"turns":2.0},{"damage":42.0,"enemies":"3 Sentries","floor":7.0,"turns":8.0},{"damage":0.0,"enemies":"2 Louse","floor":8.0,"turns":2.0},{"damage":0.0,"enemies":"Gremlin Nob","floor":13.0,"turns":2.0},{"damage":3.0,"enemies":"Looter","floor":14.0,"turns":2.0},{"damage":3.0,"enemies":"The Guardian","floor":16.0,"turns":6.0},{"damage":21.0,"enemies":"2 Thieves","floor":18.0,"turns":3.0},{"damage":17.0,"enemies":"Spheric Guardian","floor":20.0,"turns":4.0},{"damage":20.0,"enemies":"Snecko","floor":22.0,"turns":3.0},{"damage":30.0,"enemies":"Slavers","floor":28.0,"turns":3.0},{"damage":13,"enemies":"Champ","floor":33,"turns":6},{"damage":0,"enemies":"3 Shapes","floor":35,"turns":2},{"damage":6,"enemies":"Orb Walker","floor":36,"turns":3},{"damage":11,"enemies":"Sphere and 2 Shapes","floor":37,"turns":4},{"damage":30,"enemies":"Maw","floor":39,"turns":5},{"damage":27,"enemies":"Nemesis","floor":40,"turns":2}],"seed_played":"-7162077609044659419","potions_obtained":[{"floor":2.0,"key":"Fire Potion"},{"floor":7.0,"key":"AttackPotion"},{"floor":8.0,"key":"FairyPotion"},{"floor":13.0,"key":"SkillPotion"},{"floor":14.0,"key":"ColorlessPotion"}],"is_trial":false,"path_per_floor":["M","M","?","?","$","R","E","M","T","R","?","R","E","M","R","B",null,"M","?","M","?","M","R","$","?","T","R","E","$","R","T","R","B",null,"M","M","M","?","M","E"],"character_chosen":"WATCHER","items_purchased":["Master of Strategy","EmptyBody"],"campfire_rested":3,"item_purchase_floors":[24,29],"current_hp_per_floor":[61,49,49,29,29,49,7,7,7,33,33,39,39,36,45,42,62,41,20,3,3,20,49,49,49,49,58,28,28,40,40,52,39,61,61,55,44,44,14,0,0],"gold":268,"neow_bonus":"TRANSFORM_CARD","is_daily":false,"chose_seed":false,"campfire_upgraded":5,"win_rate":0.0,"timestamp":1612440104,"path_taken":["M","M","?","?","?","R","E","M","T","R","?","R","E","M","R","BOSS","M","?","M","?","?","R","$","?","T","R","E","?","R","?","R","BOSS","M","M","?","?","?","E"],"items_purchased_type":["Card","Card"],"build_version":"2020-12-22","purchased_purges":2,"victory":false,"max_hp_per_floor":[68,68,68,68,68,68,68,68,68,68,68,68,68,68,68,68,68,68,68,68,68,68,68,68,68,68,68,68,68,68,68,68,68,68,68,68,68,68,68,68,68],"relic_stats":{"Sozu":5,"Regal Pillow":0,"counters":[17,60],"Shuriken":[23],"CeramicFish":135,"Astrolabe":["Blasphemy","Consecrate","Scrawl"],"Eternal Feather":63,"obtain_stats":[{"Sozu":17,"Regal Pillow":26,"Anchor":28,"Shuriken":9,"CeramicFish":13,"MutagenicStrength":25,"Astrolabe":34,"Enchiridion":19,"Eternal Feather":7,"PureWater":0},{"Sozu":7,"Regal Pillow":10,"Anchor":11,"Shuriken":4,"CeramicFish":5,"MutagenicStrength":10,"Astrolabe":12,"Enchiridion":8,"Eternal Feather":3,"PureWater":0},{"Sozu":25,"Regal Pillow":35,"Anchor":38,"Shuriken":15,"CeramicFish":17,"MutagenicStrength":35,"Astrolabe":44,"Enchiridion":28,"Eternal Feather":13,"PureWater":0}]},"card_choices":[{"not_picked":["ThirdEye","EmptyMind"],"picked":"WindmillStrike","floor":1.0},{"not_picked":["EmptyBody","Pray"],"picked":"MentalFortress","floor":2.0},{"not_picked":["Nirvana","Judgement"],"picked":"EmptyFist","floor":7.0},{"not_picked":["Worship","Consecrate"],"picked":"CarveReality","floor":8.0},{"not_picked":["InnerPeace","SashWhip"],"picked":"CrushJoints","floor":13.0},{"not_picked":["Protect","Swivel"],"picked":"Evaluate","floor":14.0},{"not_picked":["Judgement","Scrawl"],"picked":"DevaForm","floor":16.0},{"not_picked":["WreathOfFlame","Study"],"picked":"Vengeance","floor":18.0},{"not_picked":["PathToVictory","Crescendo"],"picked":"FlyingSleeves","floor":20.0},{"not_picked":["Wallop","Crescendo","DeceiveReality"],"picked":"SKIP","floor":22.0},{"not_picked":["Prostrate","ClearTheMind"],"picked":"LikeWater+1","floor":28.0},{"not_picked":["DevaForm","Judgement"],"picked":"Devotion","floor":33},{"not_picked":["FollowUp+1","Crescendo"],"picked":"EmptyMind","floor":35},{"not_picked":["EmptyFist","SashWhip"],"picked":"Tantrum+1","floor":36},{"not_picked":["ForeignInfluence","WaveOfTheHand","FlyingSleeves+1"],"picked":"SKIP","floor":37},{"not_picked":["EmptyBody+1","Scrawl"],"picked":"FearNoEvil+1","floor":39}],"player_experience":353180,"relics_obtained":[{"floor":7.0,"key":"Eternal Feather"},{"floor":9.0,"key":"Shuriken"},{"floor":13.0,"key":"CeramicFish"},{"floor":19.0,"key":"Enchiridion"},{"floor":26.0,"key":"Regal Pillow"},{"floor":28.0,"key":"Anchor"}],"event_choices":[{"damage_healed":0.0,"max_hp_gain":0.0,"max_hp_loss":0.0,"gold_gain":0.0,"event_name":"Liars Game","player_choice":"Ignored","floor":3.0,"gold_loss":0.0,"damage_taken":0.0},{"damage_healed":0.0,"max_hp_gain":0.0,"max_hp_loss":0.0,"gold_gain":0.0,"event_name":"Shining Light","player_choice":"Entered Light","floor":4.0,"gold_loss":0.0,"damage_taken":20.0,"cards_upgraded":["Strike_P","Eruption"]},{"damage_healed":0.0,"max_hp_gain":0.0,"max_hp_loss":0.0,"gold_gain":0.0,"event_name":"Living Wall","player_choice":"Grow","floor":11.0,"gold_loss":0.0,"damage_taken":0.0,"cards_upgraded":["Scrawl"]},{"damage_healed":0.0,"max_hp_gain":0.0,"max_hp_loss":0.0,"gold_gain":0.0,"event_name":"Cursed Tome","player_choice":"Obtained Book","floor":19.0,"gold_loss":0.0,"damage_taken":21.0},{"damage_healed":0.0,"max_hp_gain":0.0,"max_hp_loss":0.0,"gold_gain":0.0,"event_name":"Lab","player_choice":"Got Potions","floor":21.0,"gold_loss":0.0,"damage_taken":0.0},{"damage_healed":0.0,"max_hp_gain":0.0,"max_hp_loss":0.0,"gold_gain":0.0,"event_name":"Drug Dealer","player_choice":"Inject Mutagens","floor":25.0,"gold_loss":0.0,"damage_taken":0.0,"relics_obtained":["MutagenicStrength"]},{"damage_healed":0,"gold_gain":50,"player_choice":"Pray","damage_taken":0,"max_hp_gain":0,"max_hp_loss":0,"event_name":"Golden Shrine","floor":38,"gold_loss":0}],"is_beta":false,"boss_relics":[{"not_picked":["Fusion Hammer","Runic Pyramid"],"picked":"Sozu"},{"not_picked":["HolyWater","Cursed Key"],"picked":"Astrolabe"}],"items_purged_floors":[5,24],"is_endless":false,"potions_floor_spawned":[2,7,8,13,14,18,22,36],"killed_by":"Nemesis","ascension_level":20}}