{"host":"sav7uxregyirlf69","time":1612443029,"event":{"mods":["AchievementEnabler","BaseMod","Colored Map","DeckTracker","Keyboard Shortcuts","Minty Spire (QoL Compilation)","READ ME - Guardian Mod","StSLib","SuperFastMode"],"gold_per_floor":[109,109,128,128,53,53,87,87,111,111,125,125,142,186,186,186,186],"floor_reached":16,"language":"KOR","playtime":273,"items_purged":[],"score":216,"play_id":"cccc5523-40f4-4f08-bebf-54b3e807228b","local_time":"20210204215029","is_ascension_mode":true,"campfire_choices":[{"data":"A Thousand Cuts","floor":6,"key":"SMITH"},{"floor":8,"key":"REST"},{"data":"Blade Dance","floor":10,"key":"SMITH"},{"data":"Noxious Fumes","floor":12,"key":"SMITH"},{"data":"Neutralize","floor":15,"key":"SMITH"}],"circlet_count":0,"master_deck":["AscendersBane","Strike_G","Strike_G","Strike_G","Strike_G","Defend_G","Defend_G","Defend_G","Defend_G","Survivor","Neutralize+1","A Thousand Cuts+1","Noxious Fumes+1","Blade Dance+1","Dagger Spray","Tactician","After Image"],"relics":["Ring of the Snake","Question Card","Toy Ornithopter","CeramicFish"],"acts_visited":["Exordium"],"potions_floor_usage":[7,14],"damage_taken":[{"damage":1,"enemies":"2 Louse","floor":1,"turns":3},{"damage":7,"enemies":"Cultist","floor":3,"turns":5},{"damage":29,"enemies":"3 Sentries","floor":7,"turns":6},{"damage":1,"enemies":"Jaw Worm","floor":11,"turns":3},{"damage":0,"enemies":"3 Louse","floor":13,"turns":2},{"damage":17,"enemies":"Lagavulin","floor":14,"turns":6},{"damage":21,"enemies":"The Guardian","floor":16,"turns":9}],"seed_played":"-9056122277414774438","potions_obtained":[{"floor":1,"key":"Swift Potion"},{"floor":3,"key":"SkillPotion"},{"floor":14,"key":"SmokeBomb"}],"is_trial":false,"path_per_floor":["M","?","M","?","?","R","E","R","T","R","M","R","M","E","R","B"],"character_chosen":"THE_SILENT","items_purchased":[],"campfire_rested":1,"item_purchase_floors":[],"current_hp_per_floor":[58,58,51,44,44,44,15,33,33,33,32,32,32,20,20,0,0],"gold":186,"neow_bonus":"THREE_RARE_CARDS","is_daily":false,"chose_seed":false,"campfire_upgraded":4,"win_rate":0.0,"timestamp":1612443029,"path_taken":["M","?","?","?","?","R","E","R","T","R","?","R","M","E","R","BOSS"],"items_purchased_type":[],"build_version":"2020-12-22","purchased_purges":0,"victory":false,"max_hp_per_floor":[60,60,60,60,60,60,60,60,60,60,60,60,60,60,60,60,60],"card_choices":[{"not_picked":["Burst","Storm of Steel"],"picked":"A Thousand Cuts","floor":0},{"not_picked":["Endless Agony","Escape Plan"],"picked":"Noxious Fumes","floor":1},{"not_picked":["Riddle With Holes","Reflex"],"picked":"Blade Dance","floor":3},{"not_picked":["Finisher","Dagger Throw"],"picked":"Dagger Spray","floor":7},{"not_picked":["Masterful Stab","Bane","Slice","Deflect"],"picked":"SKIP","floor":11},{"not_picked":["Flying Knee","Prepared","Endless Agony"],"picked":"Tactician","floor":13},{"not_picked":["Burst","Dodge and Roll","Backstab"],"picked":"After Image","floor":14}],"player_experience":1487195,"relics_obtained":[{"floor":7,"key":"Question Card"},{"floor":9,"key":"Toy Ornithopter"},{"floor":14,"key":"CeramicFish"}],"event_choices":[{"damage_healed":0,"gold_gain":0,"player_choice":"0 cards matched","damage_taken":0,"max_hp_gain":0,"max_hp_loss":0,"event_name":"Match and Keep!","floor":2,"gold_loss":0,"cards_obtained":[]},{"cards_removed":["Strike_G"],"damage_healed":0,"gold_gain":0,"player_choice":"Card Removal","damage_taken":7,"max_hp_gain":0,"max_hp_loss":0,"event_name":"Golden Wing","floor":4,"gold_loss":0},{"cards_removed":["Defend_G"],"damage_healed":0,"gold_gain":0,"player_choice":"Card Removal","damage_taken":0,"max_hp_gain":0,"max_hp_loss":0,"event_name":"The Cleric","floor":5,"gold_loss":75}],"is_beta":false,"boss_relics":[],"items_purged_floors":[],"is_endless":false,"potions_floor_spawned":[1,3,14],"killed_by":"The Guardian","ascension_level":20}}