{"host":"ko40t1o51xotjt2v","time":1612472991,"event":{"mods":["2.2 Compatiblity","AchievementEnabler","Aspiration","BaseMod","Better Match","Better Third Choice","Better Vampires","Conspire","Downfall","Energized Spire","GifTheSpireLib","Halation","Hubris","Jedi Mod","Minty Spire (QoL Compilation)","MostiFishMod","Reliquary","Spicy Shops","Spikes Relics","StSLib","Stuff the Spire","TestMod","??????REMEMod"],"gold_per_floor":[109,122,142,67,78,78,78],"floor_reached":6,"language":"SPA","playtime":329,"items_purged":["Defend_G"],"score":70,"play_id":"6e5a2590-f8c1-4842-8b7d-6d042f1ff6ba","local_time":"20210204220951","is_ascension_mode":true,"campfire_choices":[],"circlet_count":0,"master_deck":["AscendersBane","Strike_G","Strike_G","Strike_G","Strike_G","Strike_G","Defend_G","Defend_G","Defend_G","Defend_G","Survivor","Neutralize","Bane","Bane","Cloak And Dagger","StuffTheSpire:FinalStruggle"],"relics":["Ring of the Snake","DaveBox","testmod-TestBox","REME_ComplimentaryCards","NeowsBlessing","SynthV:TestCard"],"acts_visited":["Exordium"],"potions_floor_usage":[6,6],"damage_taken":[{"damage":0,"enemies":"2 Louse","floor":1,"turns":1},{"damage":0,"enemies":"Small Slimes","floor":2,"turns":1},{"damage":0,"enemies":"Jaw Worm","floor":3,"turns":1},{"damage":12,"enemies":"2 Fungi Beasts","floor":5,"turns":4},{"damage":63,"enemies":"Lagavulin","floor":6,"turns":9}],"seed_played":"-617101508353058890","potions_obtained":[{"floor":2,"key":"ColorlessPotion"},{"floor":5,"key":"Regen Potion"}],"is_trial":false,"path_per_floor":["M","M","M","$","M","E"],"character_chosen":"THE_SILENT","items_purchased":[],"campfire_rested":0,"item_purchase_floors":[],"current_hp_per_floor":[59,59,59,59,47,0,0],"gold":78,"neow_bonus":"THREE_ENEMY_KILL","is_daily":false,"chose_seed":false,"campfire_upgraded":0,"win_rate":0.0,"timestamp":1612472991,"path_taken":["M","M","M","$","M","E"],"items_purchased_type":[],"build_version":"2020-12-22","purchased_purges":1,"victory":false,"max_hp_per_floor":[66,66,66,66,66,66,66],"card_choices":[{"not_picked":["hubris:SlightOfHand","Blade Dance"],"picked":"Bane","floor":1},{"not_picked":["Distraction","StuffTheSpire:BumpUp","MostiFishMod:VineMother","Expertise"],"picked":"Bane","floor":2},{"not_picked":["Blur","hubris:SlightOfHand","Dagger Spray","ShadowRift"],"picked":"Cloak And Dagger","floor":3},{"not_picked":["Dagger Spray","MostiFishMod:VineMother","Dodge and Roll","StuffTheSpire:BumpUp"],"picked":"StuffTheSpire:FinalStruggle","floor":5}],"player_experience":487432,"relics_obtained":[{"floor":1,"key":"SynthV:TestCard"}],"event_choices":[],"is_beta":false,"boss_relics":[],"items_purged_floors":[4],"is_endless":false,"potions_floor_spawned":[2,5],"killed_by":"Lagavulin","ascension_level":17}}