{"host":"u9f9y173fky88hg4","time":1612425458,"event":{"mods":["AchievementEnabler","BaseMod","Better Third Choice","Colored Powertips","Minty Spire (QoL Compilation)","StSLib","SuperFastMode"],"gold_per_floor":[113,132,132,207,217,134,134,153,153,188,188,188,188,205,205,303,303,317,317,150,150,167,194,209,225,225,315,335,59,71,86,86,86,86],"floor_reached":33,"language":"ENG","playtime":2296,"items_purged":["Parasite"],"score":269,"play_id":"ea46f164-7714-4786-8de1-c327bf5d5e7d","local_time":"20210203235738","is_ascension_mode":false,"campfire_choices":[{"floor":7,"key":"RECALL"},{"floor":11,"key":"REST"},{"floor":15,"key":"REST"},{"floor":32,"key":"REST"}],"circlet_count":0,"master_deck":["Strike_R","Strike_R","Strike_R","Strike_R","Defend_R","Defend_R","Defend_R","Defend_R","Infernal Blade+1","Inflame","Anger","Good Instincts","Armaments","Cleave","Dramatic Entrance","Dropkick","Infernal Blade","Anger","Clash","Ghostly Armor+1","Good Instincts","Anger+1","Rampage","Twin Strike","Iron Wave"],"relics":["Black Blood","White Beast Statue","TungstenRod","Pear","Eternal Feather"],"acts_visited":["Exordium","TheCity"],"potions_floor_usage":[10,10,16,16,16,23,23,25,28,30,31,33,33],"damage_taken":[{"damage":5,"enemies":"Cultist","floor":1,"turns":4},{"damage":2,"enemies":"Jaw Worm","floor":2,"turns":4},{"damage":4,"enemies":"2 Louse","floor":5,"turns":3},{"damage":16,"enemies":"2 Fungi Beasts","floor":8,"turns":4},{"damage":60,"enemies":"Gremlin Nob","floor":10,"turns":6},{"damage":8,"enemies":"Exordium Thugs","floor":14,"turns":5},{"damage":37,"enemies":"Hexaghost","floor":16,"turns":7},{"damage":11,"enemies":"Spheric Guardian","floor":18,"turns":5},{"damage":5,"enemies":"3 Byrds","floor":22,"turns":3},{"damage":15,"enemies":"Gremlin Leader","floor":23,"turns":5},{"damage":23,"enemies":"Snake Plant","floor":24,"turns":5},{"damage":16,"enemies":"Shelled Parasite and Fungi","floor":25,"turns":7},{"damage":13,"enemies":"Chosen and Byrds","floor":28,"turns":6},{"damage":24,"enemies":"Snake Plant","floor":30,"turns":4},{"damage":5,"enemies":"Centurion and Healer","floor":31,"turns":5},{"damage":95,"enemies":"Automaton","floor":33,"turns":10}],"seed_played":"-5429878548896707645","potions_obtained":[{"floor":0,"key":"Dexterity Potion"},{"floor":0,"key":"SmokeBomb"},{"floor":0,"key":"GamblersBrew"},{"floor":2,"key":"LiquidBronze"},{"floor":10,"key":"ColorlessPotion"},{"floor":14,"key":"Fire Potion"},{"floor":16,"key":"SpeedPotion"},{"floor":18,"key":"FearPotion"},{"floor":22,"key":"Block Potion"},{"floor":23,"key":"Energy Potion"},{"floor":24,"key":"Energy Potion"},{"floor":25,"key":"HeartOfIron"},{"floor":28,"key":"ColorlessPotion"},{"floor":30,"key":"DuplicationPotion"},{"floor":31,"key":"EssenceOfSteel"}],"is_trial":false,"path_per_floor":["M","M","$","?","M","$","R","M","T","E","R","?","?","M","R","B",null,"M","?","$","?","M","E","M","M","T","?","M","$","M","M","R","B"],"character_chosen":"IRONCLAD","items_purchased":["Good Instincts","Dramatic Entrance","Rampage","Eternal Feather"],"campfire_rested":3,"item_purchase_floors":[6,20,29,29],"current_hp_per_floor":[80,80,80,69,71,71,71,61,61,7,31,31,51,49,73,42,80,80,80,77,77,77,84,73,69,69,54,53,53,41,48,87,0,0],"gold":86,"neow_bonus":"THREE_SMALL_POTIONS","is_daily":false,"chose_seed":false,"campfire_upgraded":0,"win_rate":0.0,"timestamp":1612425458,"path_taken":["M","?","?","?","M","$","R","M","T","E","R","?","?","M","R","BOSS","M","?","$","?","M","E","M","M","T","?","?","$","M","M","R","BOSS"],"items_purchased_type":["Card","Card","Card","Relic"],"build_version":"2020-12-22","purchased_purges":1,"victory":false,"max_hp_per_floor":[80,80,80,80,80,80,80,80,80,80,80,80,80,80,80,80,80,80,80,77,77,77,87,87,87,87,87,87,87,87,87,87,87,87],"card_choices":[{"not_picked":["Rupture","Heavy Blade"],"picked":"Infernal Blade","floor":1},{"not_picked":["Cleave","Second Wind"],"picked":"Inflame","floor":2},{"not_picked":["Fire Breathing","Clothesline"],"picked":"Anger","floor":5},{"not_picked":["Thunderclap","Reckless Charge"],"picked":"Armaments","floor":8},{"not_picked":["Body Slam","Sever Soul","Clothesline"],"picked":"SKIP","floor":10},{"not_picked":["Sword Boomerang","Perfected Strike","Carnage"],"picked":"SKIP","floor":14},{"not_picked":["Wild Strike+1","Fire Breathing"],"picked":"Cleave","floor":18},{"not_picked":["Dark Embrace+1","Wild Strike"],"picked":"Anger","floor":22},{"not_picked":["Flame Barrier","Feel No Pain"],"picked":"Clash","floor":23},{"not_picked":["Power Through","Reckless Charge"],"picked":"Ghostly Armor+1","floor":24},{"not_picked":["Hemokinesis","Bloodletting+1","Perfected Strike+1"],"picked":"SKIP","floor":25},{"not_picked":["Dark Embrace","Juggernaut"],"picked":"Anger+1","floor":28},{"not_picked":["Dark Embrace+1","Warcry"],"picked":"Twin Strike","floor":30},{"not_picked":["Wild Strike","Sentinel"],"picked":"Iron Wave","floor":31}],"player_experience":203138,"relics_obtained":[{"floor":9,"key":"White Beast Statue"},{"floor":10,"key":"TungstenRod"},{"floor":23,"key":"Pear"}],"event_choices":[{"damage_healed":0,"gold_gain":75,"player_choice":"Gold","damage_taken":11,"max_hp_gain":0,"max_hp_loss":0,"event_name":"betterThird:BetterGoop","floor":4,"gold_loss":0},{"damage_healed":0,"gold_gain":0,"player_choice":"Grow","damage_taken":0,"max_hp_gain":0,"max_hp_loss":0,"event_name":"Living Wall","floor":12,"gold_loss":0,"cards_upgraded":["Infernal Blade"]},{"damage_healed":20,"gold_gain":0,"player_choice":"Healed and dodged fight","damage_taken":0,"max_hp_gain":0,"max_hp_loss":0,"event_name":"Mushrooms","floor":13,"gold_loss":0,"cards_obtained":["Parasite"]},{"damage_healed":0,"gold_gain":0,"player_choice":"Ignored","damage_taken":0,"max_hp_gain":0,"max_hp_loss":0,"event_name":"Ghosts","floor":19,"gold_loss":0},{"damage_healed":0,"gold_gain":0,"cards_transformed":["Bash","Strike_R"],"player_choice":"Became Test Subject","damage_taken":0,"max_hp_gain":0,"max_hp_loss":0,"event_name":"Drug Dealer","floor":21,"gold_loss":0,"cards_obtained":["Dropkick","Infernal Blade"]},{"damage_healed":0,"gold_gain":90,"player_choice":"GOLD CARD ","damage_taken":18,"max_hp_gain":0,"max_hp_loss":0,"event_name":"Knowing Skull","floor":27,"potions_obtained":[],"gold_loss":0,"cards_obtained":["Good Instincts"]}],"is_beta":false,"boss_relics":[{"not_picked":["Velvet Choker","Coffee Dripper"],"picked":"Black Blood"}],"items_purged_floors":[20],"is_endless":false,"potions_floor_spawned":[2,5,10,14,16,18,22,23,24,25,28,30,31],"killed_by":"Automaton","ascension_level":0}}