{"host":"jfbo3eu2ui08ej1u","time":1612417796,"event":{"mods":["2.2 Compatiblity","AchievementEnabler","Act Like it!","Aspiration","BaseMod","Better Altar","Better Match","Better Note","Better Sensory Stone","Better Skull","Better Third Choice","Block Reminder","Colored Map","Colored Powertips","Conspire","DeckTracker","Displayed Cursed Tome","Energized Spire","Fox Events","GifTheSpireLib","Hubris","Infinite Spire","Marked Mod","Minty Spire (QoL Compilation)","Pale of the Ancients","Poor People Problems","Quick Restart","Relic Filter","Reliquary","Reorder Act Four","Replay The Spire","Shop Mod","Spicy Shops","Spire Arcade","StSLib","Stuff the Spire","The Blue Laboratory","The Disciple","The Forsaken","The Hierophant","The Marked","Uncapped","Unceasing Turn Reminder","Wandering Minibosses"],"gold_per_floor":[119,139,119,131,131,166,166,177,177,177,177,23,57,1,1,75,75,90,110,130,188,88,88,88,88,88,101,46,46,46],"floor_reached":29,"language":"ENG","playtime":942,"items_purged":["Looming Evil","Strike_G"],"score":462,"play_id":"2b3956ea-99e0-4187-832c-be8f30212913","local_time":"20210204004956","is_ascension_mode":true,"campfire_choices":[{"data":"hubris:Counter","floor":7.0,"key":"SMITH"},{"floor":10.0,"key":"REST"},{"floor":15.0,"key":"REST"},{"floor":23.0,"key":"REST"},{"floor":25.0,"key":"REST"}],"circlet_count":0,"master_deck":["AscendersBane","Strike_G","Strike_G","Strike_G","Strike_G","Defend_G","Defend_G","Defend_G","Defend_G","Defend_G","Survivor","Neutralize+1","hubris:Counter+1","Hidden Blade","Heel Hook","Adrenaline","StuffTheSpire:Incantation","Accuracy","Deadly Poison","Burst","Quick Slash","Cloak And Dagger","Dash","Pain","Noxious Fumes","Bullet Time"],"relics":["Ring of the Snake","Ring of Hypnosis","Ring of Fury","infinitespire:Eraser","Bottled Lightning","TungstenRod","energizedSpire:RedRose","hubris:Icosahedron","reliquary:QuartzCube"],"acts_visited":["Exordium","TheCity"],"potions_floor_usage":[29,29],"damage_taken":[{"damage":0.0,"enemies":"Small Slimes","floor":1.0,"turns":4.0},{"damage":0.0,"enemies":"Cultist","floor":2.0,"turns":5.0},{"damage":0.0,"enemies":"2 Louse","floor":4.0,"turns":4.0},{"damage":29.0,"enemies":"Gremlin Nob","floor":6.0,"turns":6.0},{"damage":22.0,"enemies":"Exordium Thugs","floor":8.0,"turns":6.0},{"damage":21.0,"enemies":"3 Sentries","floor":13.0,"turns":4.0},{"damage":13.0,"enemies":"The Guardian","floor":16.0,"turns":13.0},{"damage":21.0,"enemies":"Shell Parasite","floor":18.0,"turns":5.0},{"damage":21.0,"enemies":"2 Thieves","floor":19.0,"turns":4.0},{"damage":17.0,"enemies":"Snake Plant","floor":20.0,"turns":3.0},{"damage":21.0,"enemies":"conspire:HollyBat","floor":27.0,"turns":7.0},{"damage":72,"enemies":"Replay:Snechameleon","floor":29,"turns":11}],"seed_played":"-7454144637677432339","potions_obtained":[{"floor":1.0,"key":"blueLaboratory:NullPotion"},{"floor":3.0,"key":"blueLaboratory:ImpenetrablePotion"},{"floor":6.0,"key":"blueLaboratory:PolymorphPotion"},{"floor":21.0,"key":"Fire Potion"},{"floor":21.0,"key":"blueLaboratory:ArtificerPotion"},{"floor":27.0,"key":"Explosive Potion"}],"is_trial":false,"path_per_floor":["M","M","?","M","?","E","R","M","T","R","?","$","E","$","R","B",null,"M","M","M","?","$","R","?","R","T","M","$","E"],"character_chosen":"THE_SILENT","items_purchased":["Accuracy","Fire Potion","blueLaboratory:BottleOfVodka"],"campfire_rested":4,"item_purchase_floors":[12,14,28],"current_hp_per_floor":[65,65,65,65,65,36,36,14,14,35,35,35,14,14,35,22,60,39,18,1,1,1,22,22,43,43,22,22,0,0],"gold":46,"neow_bonus":"TEN_PERCENT_HP_BONUS","is_daily":false,"chose_seed":false,"campfire_upgraded":1,"win_rate":0.0,"timestamp":1612417796,"path_taken":["M","M","?","?","?","E","R","M","T","R","?","$","E","$","R","BOSS","M","M","M","?","?","R","?","R","T","?","$","E"],"items_purchased_type":["Card","Potion","Potion"],"build_version":"2020-12-22","purchased_purges":2,"victory":false,"max_hp_per_floor":[72,72,72,72,72,72,72,72,72,72,72,72,72,72,72,72,72,72,72,72,72,72,72,72,72,72,72,72,72,72],"card_choices":[{"not_picked":["PiercingWail","Outmaneuver"],"picked":"hubris:Counter","floor":1.0},{"not_picked":["Slice","Dagger Spray"],"picked":"Hidden Blade","floor":2.0},{"not_picked":["Backflip","Catalyst"],"picked":"Heel Hook","floor":4.0},{"not_picked":["StuffTheSpire:Incantation","Expertise"],"picked":"Adrenaline","floor":6.0},{"not_picked":["Prepared","StuffTheSpire:Fury"],"picked":"StuffTheSpire:Incantation","floor":8.0},{"not_picked":["Toxin Wave","Underhanded Strike"],"picked":"Deadly Poison","floor":13.0},{"not_picked":["ReplayTheSpireMod:Necrosis","StuffTheSpire:FinalStruggle"],"picked":"Burst","floor":16.0},{"not_picked":["Distraction+1","conspire:PoisonWeapons"],"picked":"Quick Slash","floor":18.0},{"not_picked":["Hidden Blade","Poisoned Stab"],"picked":"Cloak And Dagger","floor":19.0},{"not_picked":["Outmaneuver","Deflect"],"picked":"Dash","floor":20.0},{"not_picked":["StuffTheSpire:BumpUp","Outmaneuver"],"picked":"Noxious Fumes","floor":21.0},{"not_picked":["StuffTheSpire:DoubleShiv","Underhanded Strike+1"],"picked":"Bullet Time","floor":27.0}],"player_experience":1270551,"relics_obtained":[{"floor":5.0,"key":"Ring of Hypnosis"},{"floor":5.0,"key":"Ring of Fury"},{"floor":6.0,"key":"infinitespire:Eraser"},{"floor":9.0,"key":"Bottled Lightning"},{"floor":13.0,"key":"TungstenRod"},{"floor":26.0,"key":"reliquary:QuartzCube"}],"event_choices":[{"damage_healed":0.0,"max_hp_gain":0.0,"max_hp_loss":0.0,"gold_gain":0.0,"event_name":"The Woman in Blue","player_choice":"Bought 1 Potion","floor":3.0,"gold_loss":0.0,"damage_taken":0.0}],"is_beta":false,"boss_relics":[{"not_picked":["StuffTheSpire:RunicConfusion","energizedSpire:CursedPentagram"],"picked":"energizedSpire:RedRose"}],"items_purged_floors":[12,22],"is_endless":false,"potions_floor_spawned":[1,6,27],"killed_by":"Replay:Snechameleon","ascension_level":20}}