{"host":"lp6boqf0kvb82b8p","time":1612419113,"event":{"mods":["100% Spire Juice","A Magickal Journey","AchievementEnabler","Act Like it!","Ascension Reborn","Aspiration","Bartender","BaseMod","Bestiary","Better Altar","Better Match","Better Note","Better Sensory Stone","Better Silent Start","Better Skull","Better Third Choice","Better Vampires","BetterRewards","Block Reminder","CapriCore","Challenge The Spire","Chen","Colored Powertips","Conspire","DeckTracker","Downfall","Duelist Mod","Elementarium","Gensokyo","GifTheSpireLib","Glutton Mod","Hallownest","Hermit","Hero for Fun","Highlight Path","HololiveMod","Hubris","Infinite Spire","KinomotoSakuraMod(????)","Koishi","LagranYue(???·?)","Lobotomy","LobotomyExtend","Luminous","Mad Scientist","Mari Mod (Legacy)","Mari\u0027s V1 Patch","Marisa????????","Marked Mod","Melee Mod","Minty Spire (QoL Compilation)","Nova Terra(??·??)","Prisma Mod","Railgun Mod","Rare Cards Sparkle","Relic Stats","Remilia_Scarlet Moed?????·?????3.3.5","Remilia??????","Replay The Spire","Reworked Bosses","RumiaBox-????????","StSLib","Stuff the Spire","The Administrix","The Alterego","The Blue Laboratory","The Bug Knight","The Construct","The Cursed","The Disciple","The Fake Hero","The Immortal","The Jungle","The Necromancer","The Poker Player","The Runesmith","The Sage","The Senshi","The Wild Card","TheBandit","TheHeartMod","TheHero","TheSwordswoman","Uncapped","Wandering Minibosses","WarShipGirlsR/????R mod","Yakumo Yukari mod","Youmu??????","Yuyuko","[IsaacMod]????","??????REMEMod"],"gold_per_floor":[142,189,204,235,252,252,285,285,310,310,354,6,6,23,23,23,23],"floor_reached":16,"language":"ENG","playtime":1093,"items_purged":[],"score":144,"play_id":"a786583c-7b18-4131-85db-524abbc8357d","local_time":"20210203221153","is_ascension_mode":true,"campfire_choices":[{"floor":6,"key":"REST"},{"floor":8,"key":"REST"},{"floor":10,"key":"REST"},{"floor":13,"key":"REST"},{"floor":15,"key":"REST"}],"circlet_count":0,"master_deck":["theDuelist:BabyDragon","theDuelist:CastleWalls","theDuelist:CastleWalls","theDuelist:CaveDragon","theDuelist:CaveDragon","theDuelist:LesserDragon","theDuelist:LesserDragon","theDuelist:Sparks","theDuelist:Sparks","theDuelist:YamataDragon","theDuelist:TwinBarrelDragon","theDuelist:WhiteNightDragon","theDuelist:AquaDolphin","theDuelist:DragonTreasure","theDuelist:ViceDragon","theDuelist:Anthrosaurus","theDuelist:FeatherPho","theDuelist:PuzzleDragonRare","theDuelist:MadFlameKaiju","theDuelist:BeserkDragon","theDuelist:BlackPtera","theDuelist:MaskedDragon","theDuelist:TailSwipe","theDuelist:BlackStego","theDuelist:BusterBlader","theDuelist:WaterDragon","theDuelist:BackgroundDragon","theDuelist:Vandalgyon","theDuelist:BlackBrachios","theDuelist:MaskedDragon"],"relics":["theDuelist:MillenniumPuzzle","theDuelist:CardPoolRelic","theDuelist:CardPoolBasicRelic","theDuelist:BoosterPackPoolRelic","theDuelist:CardPoolAddRelic","theDuelist:CardPoolMinusRelic","theDuelist:CardPoolSaveRelic","theDuelist:CardPoolOptionsRelic","HushsDoor","KeepersGift","REME_ComplimentaryCards","LagranYue:RandomDrawCardRelic","TheAbacus","AddBug","SecretRecord","SecretRecord","SecretRecord","SecretRecord"],"acts_visited":["Hallownest:Greenpath"],"potions_floor_usage":[],"damage_taken":[{"damage":4,"enemies":"Hallownest:2_Baldur","floor":1,"turns":2},{"damage":1,"enemies":"Hallownest:monsterHuskGuard","floor":3,"turns":2},{"damage":9,"enemies":"Hallownest:2_Tiktiks_and_1_Crawlid","floor":4,"turns":4},{"damage":10,"enemies":"Hallownest:Wandering_and_Horned","floor":5,"turns":5},{"damage":33,"enemies":"Hallownest:2_Tiktiks_1_Baldur_1_Crawlid","floor":7,"turns":6},{"damage":32,"enemies":"Hallownest:1_Ooma_and_2_Uuma","floor":11,"turns":7},{"damage":7,"enemies":"Hallownest:MossCreep_and_Mosskin","floor":14,"turns":6},{"damage":93,"enemies":"Hallownest:BossHornet","floor":16,"turns":7}],"seed_played":"-5036243109523919337","potions_obtained":[],"is_trial":false,"path_per_floor":["M","?","M","M","M","R","M","R","T","R","M","$","R","M","R","B"],"character_chosen":"THE_DUELIST","items_purchased":["theDuelist:WhiteNightDragon","theDuelist:AquaDolphin","theDuelist:DragonTreasure","theDuelist:ViceDragon","TheAbacus","theDuelist:Anthrosaurus","theDuelist:FeatherPho","theDuelist:BusterBlader","theDuelist:WaterDragon","theDuelist:BackgroundDragon","theDuelist:Vandalgyon","theDuelist:BlackBrachios"],"campfire_rested":5,"item_purchase_floors":[0,0,0,0,0,0,0,12,12,12,12,12],"current_hp_per_floor":[76,61,60,51,41,65,32,56,56,80,48,48,72,65,80,0,0],"gold":23,"neow_bonus":"","is_daily":false,"chose_seed":false,"campfire_upgraded":0,"win_rate":0.0,"timestamp":1612419113,"path_taken":["M","?","M","M","M","R","M","R","T","R","?","$","R","M","R","BOSS"],"items_purchased_type":["Card","Card","Card","Card","Relic","Card","Card","Card","Card","Card","Card","Card"],"build_version":"2020-12-22","purchased_purges":0,"victory":false,"max_hp_per_floor":[80,80,80,80,80,80,80,80,80,80,80,80,80,80,80,80,80],"relic_stats":{"TheAbacus":[36],"counters":[35,149],"obtain_stats":[{"KeepersGift":0,"LagranYue:RandomDrawCardRelic":0,"BelialBook":0,"AddBug":1,"SecretRecord":1,"AdministrixMod:ConductorRitualBaton":2,"Baka":1,"Hololive_TheOnlyOne":3,"Ancient Tea Set":0,"CogitoBucket":0,"StuffTheSpire:Gunfinga":0,"Baka2":3,"TheAbacus":0,"Moonworks:Homemark":0,"Hololive_TheStar":3,"TuHaoJin":2,"LetterFromLob":1,"HushsDoor":0,"Moonworks:BrokenBomb":0,"REME_ComplimentaryCards":0},{"KeepersGift":0,"LagranYue:RandomDrawCardRelic":0,"BelialBook":0,"AddBug":1,"SecretRecord":1,"AdministrixMod:ConductorRitualBaton":20,"Baka":11,"Hololive_TheOnlyOne":12,"Ancient Tea Set":18,"CogitoBucket":0,"StuffTheSpire:Gunfinga":10,"Baka2":12,"TheAbacus":27,"Moonworks:Homemark":0,"Hololive_TheStar":12,"TuHaoJin":20,"LetterFromLob":1,"HushsDoor":0,"Moonworks:BrokenBomb":0,"REME_ComplimentaryCards":0},{"KeepersGift":0,"LagranYue:RandomDrawCardRelic":0,"BelialBook":0,"AddBug":3,"SecretRecord":3,"AdministrixMod:ConductorRitualBaton":68,"Baka":37,"Hololive_TheOnlyOne":41,"Ancient Tea Set":61,"CogitoBucket":0,"StuffTheSpire:Gunfinga":35,"Baka2":41,"TheAbacus":110,"Moonworks:Homemark":0,"Hololive_TheStar":41,"TuHaoJin":68,"LetterFromLob":3,"HushsDoor":0,"Moonworks:BrokenBomb":0,"REME_ComplimentaryCards":0}]},"card_choices":[{"not_picked":["theDuelist:LesserDragon","theDuelist:ScrapIronScarecrow","theDuelist:DarkHorus","theDuelist:AmuletDragon"],"picked":"theDuelist:TwinBarrelDragon","floor":0},{"not_picked":["theDuelist:BlackStego","theDuelist:BlackVeloci","theDuelist:Pyrorex","theDuelist:SuperancientDinobeast"],"picked":"theDuelist:MadFlameKaiju","floor":1},{"not_picked":["theDuelist:CyberDinosaur","theDuelist:AquaDolphin","theDuelist:YamataDragon","theDuelist:SphereChaos"],"picked":"theDuelist:BeserkDragon","floor":3},{"not_picked":["theDuelist:DarkHorus","theDuelist:CaveDragon","theDuelist:SafeZone","theDuelist:EvilMind"],"picked":"theDuelist:BlackPtera","floor":4},{"not_picked":["theDuelist:SnowDragon","theDuelist:Freezadon","theDuelist:Pyrorex","theDuelist:SuperancientDinobeast"],"picked":"theDuelist:MaskedDragon","floor":5},{"not_picked":["theDuelist:BerserkScales","theDuelist:BlueDuston"],"picked":"theDuelist:TailSwipe","floor":7},{"not_picked":["theDuelist:Duoterion","theDuelist:MirageDragon","theDuelist:MadSwordBeast","theDuelist:CyberEmergency"],"picked":"theDuelist:BlackStego","floor":11},{"not_picked":["theDuelist:BlackStego","theDuelist:CyberValley","theDuelist:LesserDragon","theDuelist:BurstBreath"],"picked":"theDuelist:MaskedDragon","floor":14}],"player_experience":32252,"relics_obtained":[{"floor":1,"key":"AddBug"},{"floor":1,"key":"LetterFromLob"},{"floor":4,"key":"SecretRecord"},{"floor":4,"key":"LetterFromLob"},{"floor":5,"key":"SecretRecord"},{"floor":5,"key":"LetterFromLob"},{"floor":7,"key":"LetterFromLob"},{"floor":9,"key":"Simple Rune"},{"floor":11,"key":"SecretRecord"},{"floor":11,"key":"LetterFromLob"},{"floor":14,"key":"RedMistMask"}],"event_choices":[],"is_beta":false,"boss_relics":[],"items_purged_floors":[],"is_endless":false,"potions_floor_spawned":[5,7,11],"killed_by":"Hallownest:BossHornet","ascension_level":0}}