{"host":"oor112x12afcc54z","time":1612407953,"event":{"mods":["AchievementEnabler","BaseMod","DeckTracker","Keyboard Shortcuts","Minty Spire (QoL Compilation)","SuperFastMode"],"gold_per_floor":[20,20,195,120,135,135,170,170,245,256,256,270,270,285,285,380,380,391,391,391,145,161,161,174,174,229,229,241,255,274,122,122,218,218,234,109,129,129,142,142,157,157,230,262,262,282,282,298,298,298],"floor_reached":51,"language":"KOR","playtime":1011,"items_purged":["Doubt","Writhe","Strike_P+1"],"score":1127,"play_id":"2c15b7c1-9784-4537-8e28-d144223b2412","local_time":"20210204120553","is_ascension_mode":true,"campfire_choices":[{"data":"Eruption","floor":6.0,"key":"SMITH"},{"floor":8.0,"key":"REST"},{"data":"Alpha","floor":11.0,"key":"SMITH"},{"data":"Vigilance","floor":13.0,"key":"SMITH"},{"data":"Strike_P","floor":15.0,"key":"SMITH"},{"data":"Strike_P","floor":23.0,"key":"SMITH"},{"data":"Strike_P","floor":25.0,"key":"SMITH"},{"data":"Alpha","floor":32.0,"key":"SMITH"},{"floor":40.0,"key":"REST"},{"floor":42.0,"key":"REST"},{"floor":45.0,"key":"REST"},{"floor":49.0,"key":"REST"}],"circlet_count":0,"master_deck":["AscendersBane","Strike_P+1","Strike_P+1","Defend_P","Defend_P","Defend_P","Eruption+1","Vigilance+1","Alpha+1","Alpha+1","Vault+1"],"relics":["PureWater","Gremlin Horn","Meat on the Bone","Philosopher\u0027s Stone","Incense Burner","Strawberry","Orichalcum","Lee\u0027s Waffle","Fusion Hammer","Mummified Hand","Happy Flower"],"acts_visited":["Exordium","TheCity","TheBeyond"],"potions_floor_usage":[50,50],"damage_taken":[{"damage":24.0,"enemies":"Small Slimes","floor":1.0,"turns":4.0},{"damage":4.0,"enemies":"Jaw Worm","floor":5.0,"turns":4.0},{"damage":25.0,"enemies":"3 Sentries","floor":7.0,"turns":6.0},{"damage":7.0,"enemies":"2 Louse","floor":10.0,"turns":4.0},{"damage":4.0,"enemies":"Looter","floor":12.0,"turns":4.0},{"damage":1.0,"enemies":"Large Slime","floor":14.0,"turns":4.0},{"damage":27.0,"enemies":"Hexaghost","floor":16.0,"turns":6.0},{"damage":33.0,"enemies":"Spheric Guardian","floor":18.0,"turns":4.0},{"damage":4.0,"enemies":"Chosen","floor":22.0,"turns":4.0},{"damage":8.0,"enemies":"Centurion and Healer","floor":24.0,"turns":4.0},{"damage":27.0,"enemies":"Cultist and Chosen","floor":28.0,"turns":4.0},{"damage":27.0,"enemies":"Snake Plant","floor":29.0,"turns":4.0},{"damage":0.0,"enemies":"Snecko","floor":30.0,"turns":4.0},{"damage":58.0,"enemies":"Champ","floor":33.0,"turns":7.0},{"damage":25.0,"enemies":"3 Shapes","floor":35.0,"turns":4.0},{"damage":28.0,"enemies":"3 Darklings","floor":37.0,"turns":3.0},{"damage":13.0,"enemies":"Writhing Mass","floor":39.0,"turns":4.0},{"damage":21.0,"enemies":"Sphere and 2 Shapes","floor":41.0,"turns":3.0},{"damage":0.0,"enemies":"Reptomancer","floor":44.0,"turns":4.0},{"damage":19.0,"enemies":"Transient","floor":46.0,"turns":6.0},{"damage":34.0,"enemies":"4 Shapes","floor":48.0,"turns":5.0},{"damage":56,"enemies":"Awakened One","floor":50,"turns":9}],"seed_played":"6390228551004653141","potions_obtained":[{"floor":1.0,"key":"LiquidMemories"},{"floor":5.0,"key":"SkillPotion"},{"floor":10.0,"key":"SteroidPotion"},{"floor":22.0,"key":"ColorlessPotion"},{"floor":28.0,"key":"CultistPotion"},{"floor":30.0,"key":"Explosive Potion"},{"floor":37.0,"key":"Fruit Juice"},{"floor":38.0,"key":"Dexterity Potion"},{"floor":38.0,"key":"Block Potion"},{"floor":39.0,"key":"Weak Potion"},{"floor":48.0,"key":"GamblersBrew"}],"is_trial":false,"path_per_floor":["M","?","?","$","M","R","E","R","T","M","R","M","R","M","R","B",null,"M","?","?","$","M","R","M","R","T","?","M","M","M","$","R","B",null,"M","$","M","?","M","R","M","R","T","E","R","M","?","M","R","B",null],"character_chosen":"WATCHER","items_purchased":["Strawberry","Lee\u0027s Waffle"],"campfire_rested":5,"item_purchase_floors":[21,31],"current_hp_per_floor":[41,41,41,41,37,37,12,33,33,38,38,46,46,45,45,30,62,41,28,28,35,43,43,47,47,47,47,32,17,29,91,91,45,80,55,55,44,44,43,71,50,78,78,78,96,77,77,55,83,39],"gold":298,"neow_bonus":"THREE_RARE_CARDS","is_daily":false,"chose_seed":false,"campfire_upgraded":7,"win_rate":0.0,"timestamp":1612407953,"path_taken":["M","?","?","$","M","R","E","R","T","M","R","M","R","M","R","BOSS","M","?","?","$","M","R","M","R","T","?","M","M","M","?","R","BOSS","M","$","M","?","?","R","M","R","T","E","R","M","?","?","R","BOSS"],"items_purchased_type":["Relic","Relic"],"build_version":"2020-12-22","purchased_purges":3,"victory":true,"max_hp_per_floor":[72,72,72,72,72,72,72,72,72,72,72,72,72,72,72,72,72,72,77,77,84,84,84,84,84,84,84,84,84,84,91,91,91,91,91,91,96,96,96,96,96,96,96,96,96,96,96,96,96,96],"card_choices":[{"not_picked":["Scrawl","LessonLearned"],"picked":"Alpha","floor":0.0},{"not_picked":["BattleHymn","TalkToTheHand","FlyingSleeves"],"picked":"SKIP","floor":1.0},{"not_picked":["CrushJoints","LikeWater","EmptyBody"],"picked":"SKIP","floor":5.0},{"not_picked":["SandsOfTime","Halt","Blasphemy"],"picked":"SKIP","floor":7.0},{"not_picked":["Weave","ClearTheMind","Nirvana"],"picked":"SKIP","floor":10.0},{"not_picked":["Conclude","Wallop","CutThroughFate"],"picked":"SKIP","floor":12.0},{"not_picked":["Prostrate","Consecrate","Crescendo"],"picked":"SKIP","floor":14.0},{"not_picked":["ClearTheMind","CutThroughFate","Crescendo"],"picked":"SKIP","floor":18.0},{"not_picked":["Tantrum","Halt","ThirdEye"],"picked":"SKIP","floor":22.0},{"not_picked":["DeceiveReality","FlurryOfBlows","PathToVictory"],"picked":"SKIP","floor":24.0},{"not_picked":["EmptyBody","WheelKick+1","Prostrate"],"picked":"SKIP","floor":28.0},{"not_picked":["Consecrate","CrushJoints","FollowUp"],"picked":"SKIP","floor":29.0},{"not_picked":["TalkToTheHand","Tantrum"],"picked":"Alpha","floor":30.0},{"not_picked":["MasterReality","Establishment"],"picked":"Vault","floor":33.0},{"not_picked":["FearNoEvil","SandsOfTime","FollowUp+1"],"picked":"SKIP","floor":35.0},{"not_picked":["Prostrate","PathToVictory","Meditate"],"picked":"SKIP","floor":37.0},{"not_picked":["FlurryOfBlows+1","Vengeance+1","BowlingBash"],"picked":"SKIP","floor":39.0},{"not_picked":["FollowUp","CrushJoints","Consecrate"],"picked":"SKIP","floor":41.0},{"not_picked":["Nirvana","ThirdEye+1","WreathOfFlame+1"],"picked":"SKIP","floor":44.0},{"not_picked":["Omniscience","Conclude+1","FlyingSleeves"],"picked":"SKIP","floor":46.0},{"not_picked":["Swivel+1","Perseverance","SashWhip+1"],"picked":"SKIP","floor":48.0}],"player_experience":440342,"relics_obtained":[{"floor":7.0,"key":"Gremlin Horn"},{"floor":9.0,"key":"Meat on the Bone"},{"floor":26.0,"key":"Orichalcum"},{"floor":43.0,"key":"Mummified Hand"},{"floor":44.0,"key":"Happy Flower"}],"event_choices":[{"cards_removed":["Strike_P"],"damage_healed":0.0,"max_hp_gain":0.0,"max_hp_loss":0.0,"gold_gain":0.0,"event_name":"Living Wall","player_choice":"Forget","floor":2.0,"gold_loss":0.0,"damage_taken":0.0},{"damage_healed":0.0,"max_hp_gain":0.0,"max_hp_loss":0.0,"gold_gain":175.0,"event_name":"Liars Game","player_choice":"AGREE","floor":3.0,"gold_loss":0.0,"damage_taken":0.0,"cards_obtained":["Doubt"]},{"damage_healed":0.0,"max_hp_gain":5.0,"max_hp_loss":0.0,"gold_gain":0.0,"event_name":"Forgotten Altar","player_choice":"Shed Blood","floor":19.0,"gold_loss":0.0,"damage_taken":18.0},{"damage_healed":0.0,"max_hp_gain":0.0,"max_hp_loss":0.0,"gold_gain":0.0,"event_name":"The Mausoleum","player_choice":"Opened","floor":20.0,"gold_loss":0.0,"damage_taken":0.0,"relics_obtained":["Incense Burner"],"cards_obtained":["Writhe"]},{"cards_removed":["Defend_P"],"damage_healed":0.0,"max_hp_gain":0.0,"max_hp_loss":0.0,"gold_gain":0.0,"event_name":"Back to Basics","player_choice":"Elegance","floor":27.0,"gold_loss":0.0,"damage_taken":0.0},{"damage_healed":0.0,"max_hp_gain":0.0,"max_hp_loss":0.0,"gold_gain":0.0,"event_name":"Lab","player_choice":"Got Potions","floor":38.0,"gold_loss":0.0,"damage_taken":0.0},{"damage_healed":0.0,"max_hp_gain":0.0,"max_hp_loss":0.0,"gold_gain":0.0,"event_name":"Accursed Blacksmith","player_choice":"Forge","floor":47.0,"gold_loss":0.0,"damage_taken":0.0,"cards_upgraded":["Vault"]}],"is_beta":false,"boss_relics":[{"not_picked":["Empty Cage","Black Star"],"picked":"Philosopher\u0027s Stone"},{"not_picked":["Tiny House","Cursed Key"],"picked":"Fusion Hammer"}],"items_purged_floors":[4,21,36],"is_endless":false,"potions_floor_spawned":[1,5,10,22,28,30,35,37,39,44,48],"ascension_level":11}}