{"host":"50qwps766cbz6ukm","time":1612465078,"event":{"mods":["BaseMod","Colored Map","Colored Powertips","DeckTracker","Highlight Path","Minty Spire (QoL Compilation)","Quick Restart","Remove Card Discount Mod","StSLib","SuperFastMode","Synergy Search"],"gold_per_floor":[110,110,48,48,62,94,94,119,143,143,143,157,157,175,175,270,270,289,289,138,138,93,128,145,172,244,259,259,259,269,303,303,401,401,416,416,434,434,446,446,481,481,481,481,491,491,491],"floor_reached":46,"language":"ENG","playtime":1780,"items_purged":["Regret","Strike_P","Strike_P","Defend_P","Defend_P","Defend_P","Strike_P","Defend_P","Strike_P+1"],"score":1000,"play_id":"6d7e6736-5e5f-436c-91bc-612c7dab9ba3","local_time":"20210204205758","is_ascension_mode":true,"campfire_choices":[{"data":"Eruption","floor":7,"key":"SMITH"},{"data":"ForeignInfluence","floor":10,"key":"SMITH"},{"data":"ForeignInfluence","floor":13,"key":"SMITH"},{"data":"ForeignInfluence","floor":15,"key":"SMITH"},{"floor":29,"key":"REST"},{"data":"MentalFortress","floor":32,"key":"SMITH"},{"data":"LessonLearned","floor":40,"key":"SMITH"},{"floor":44,"key":"REST"}],"circlet_count":0,"master_deck":["Eruption+1","Vigilance+1","MentalFortress+1","EmptyBody+1","ForeignInfluence+1","ForeignInfluence+1","ForeignInfluence+1","Devotion+1","LessonLearned+1","Prostrate","MentalFortress+1","FlurryOfBlows","Consecrate+1","Prostrate+1","FlurryOfBlows+1","Prostrate+1","Alpha+1","Shame","Parasite","FlurryOfBlows"],"relics":["PureWater","NeowsBlessing","Ancient Tea Set","HornCleat","Shuriken","Oddly Smooth Stone","Black Star","MutagenicStrength","Damaru","Bottled Lightning","Boot","Prayer Wheel","Regal Pillow","Meat on the Bone","Blood Vial","Torii","Akabeko","Cursed Key","Mercury Hourglass","Bronze Scales","PreservedInsect"],"acts_visited":["Exordium","TheCity","TheBeyond"],"potions_floor_usage":[41,46],"damage_taken":[{"damage":0,"enemies":"Jaw Worm","floor":1,"turns":1},{"damage":0,"enemies":"2 Louse","floor":5,"turns":1},{"damage":0,"enemies":"3 Sentries","floor":6,"turns":2},{"damage":0,"enemies":"Gremlin Nob","floor":8,"turns":3},{"damage":0,"enemies":"Cultist","floor":12,"turns":3},{"damage":0,"enemies":"Looter","floor":14,"turns":2},{"damage":0,"enemies":"Slime Boss","floor":16,"turns":4},{"damage":20,"enemies":"Chosen","floor":18,"turns":2},{"damage":0,"enemies":"Book of Stabbing","floor":23,"turns":5},{"damage":0,"enemies":"Shell Parasite","floor":24,"turns":3},{"damage":25,"enemies":"Slavers","floor":25,"turns":7},{"damage":10,"enemies":"Centurion and Healer","floor":27,"turns":5},{"damage":0,"enemies":"Shelled Parasite and Fungi","floor":30,"turns":1},{"damage":0,"enemies":"Gremlin Leader","floor":31,"turns":4},{"damage":0,"enemies":"Collector","floor":33,"turns":5},{"damage":16,"enemies":"Orb Walker","floor":35,"turns":4},{"damage":23,"enemies":"3 Darklings","floor":37,"turns":4},{"damage":0,"enemies":"Transient","floor":39,"turns":5},{"damage":18,"enemies":"Giant Head","floor":41,"turns":6},{"damage":17,"enemies":"Writhing Mass","floor":45,"turns":5},{"damage":58,"enemies":"Maw","floor":46,"turns":4}],"seed_played":"-6531070281951633229","potions_obtained":[{"floor":6,"key":"Energy Potion"},{"floor":8,"key":"Strength Potion"},{"floor":12,"key":"SkillPotion"},{"floor":14,"key":"FairyPotion"},{"floor":24,"key":"DuplicationPotion"},{"floor":27,"key":"SpeedPotion"}],"is_trial":false,"path_per_floor":["M","?","$","?","M","E","R","E","T","R","$","M","R","M","R","B",null,"M","?","$","?","$","E","M","E","T","M","?","R","M","E","R","B",null,"M","?","M","?","M","R","E","?","T","R","M","M"],"character_chosen":"WATCHER","items_purchased":["EmptyBody","Damaru","Prostrate"],"campfire_rested":2,"item_purchase_floors":[3,20,22],"current_hp_per_floor":[65,65,65,51,51,51,51,51,51,51,51,51,51,51,51,51,67,47,47,47,34,34,34,34,9,9,35,35,73,75,77,77,77,77,61,61,40,40,42,42,38,38,38,73,56,0,0],"gold":491,"neow_bonus":"THREE_ENEMY_KILL","is_daily":false,"chose_seed":false,"campfire_upgraded":6,"win_rate":0.0,"timestamp":1612465078,"path_taken":["M","?","$","?","?","E","R","E","T","R","?","M","R","M","R","BOSS","M","?","$","?","?","E","M","E","T","M","?","R","M","E","R","BOSS","M","?","M","?","M","R","E","?","T","R","M","?"],"items_purchased_type":["Card","Relic","Card"],"build_version":"2020-12-22","purchased_purges":9,"victory":false,"max_hp_per_floor":[72,72,72,72,72,72,72,72,72,72,72,72,72,72,72,72,72,72,72,72,77,77,77,77,77,77,77,77,77,77,77,77,77,77,77,77,77,73,73,73,73,73,73,73,73,73,73],"card_choices":[{"not_picked":["Protect","BattleHymn"],"picked":"MentalFortress","floor":1},{"not_picked":["DeceiveReality","CrushJoints","Protect"],"picked":"SKIP","floor":5},{"not_picked":["PathToVictory","FollowUp"],"picked":"ForeignInfluence","floor":6},{"not_picked":["Halt","Prostrate"],"picked":"ForeignInfluence","floor":8},{"not_picked":["CutThroughFate","Protect"],"picked":"ForeignInfluence","floor":12},{"not_picked":["ThirdEye","WindmillStrike"],"picked":"Devotion","floor":14},{"not_picked":["Establishment","DevaForm"],"picked":"LessonLearned","floor":16},{"not_picked":["Worship","JustLucky","BowlingBash"],"picked":"SKIP","floor":18},{"not_picked":["SpiritShield","WheelKick","PathToVictory"],"picked":"SKIP","floor":23},{"not_picked":["Evaluate","CarveReality","ClearTheMind"],"picked":"SKIP","floor":24},{"not_picked":["SignatureMove","Halt","Indignation+1"],"picked":"SKIP","floor":25},{"not_picked":["EmptyBody","ThirdEye","FlyingSleeves+1"],"picked":"SKIP","floor":27},{"not_picked":["EmptyFist+1","BowlingBash","LessonLearned"],"picked":"SKIP","floor":27},{"not_picked":["FlyingSleeves","WheelKick+1"],"picked":"MentalFortress","floor":30},{"not_picked":["EmptyFist","Pray+1"],"picked":"FlurryOfBlows","floor":30},{"not_picked":["EmptyBody+1","JustLucky"],"picked":"Consecrate","floor":31},{"not_picked":["EmptyFist+1","Collect+1","Protect+1"],"picked":"SKIP","floor":35},{"not_picked":["EmptyBody","InnerPeace+1","Nirvana"],"picked":"SKIP","floor":35},{"not_picked":["Meditate","FollowUp"],"picked":"Prostrate+1","floor":37},{"not_picked":["BattleHymn","Prostrate"],"picked":"FlurryOfBlows+1","floor":37},{"not_picked":["Crescendo+1","Meditate+1"],"picked":"Prostrate+1","floor":39},{"not_picked":["SandsOfTime","FlyingSleeves","Meditate"],"picked":"SKIP","floor":39},{"not_picked":["FlyingSleeves+1","Wallop"],"picked":"Alpha","floor":41},{"not_picked":["Vengeance+1","Evaluate+1"],"picked":"FlurryOfBlows","floor":45},{"not_picked":["Conclude+1","ThirdEye","CutThroughFate+1"],"picked":"SKIP","floor":45}],"player_experience":583216,"relics_obtained":[{"floor":6,"key":"HornCleat"},{"floor":8,"key":"Shuriken"},{"floor":9,"key":"Oddly Smooth Stone"},{"floor":23,"key":"Bottled Lightning"},{"floor":23,"key":"Boot"},{"floor":25,"key":"Prayer Wheel"},{"floor":25,"key":"Regal Pillow"},{"floor":26,"key":"Meat on the Bone"},{"floor":31,"key":"Torii"},{"floor":31,"key":"Akabeko"},{"floor":41,"key":"Mercury Hourglass"},{"floor":41,"key":"Bronze Scales"},{"floor":43,"key":"PreservedInsect"}],"event_choices":[{"damage_healed":0,"gold_gain":0,"player_choice":"Box","damage_taken":0,"relics_obtained":["Ancient Tea Set"],"max_hp_gain":0,"max_hp_loss":0,"event_name":"Big Fish","floor":2,"gold_loss":0,"cards_obtained":["Regret"]},{"damage_healed":0,"gold_gain":0,"player_choice":"Entered Light","damage_taken":14,"max_hp_gain":0,"max_hp_loss":0,"event_name":"Shining Light","floor":4,"gold_loss":0,"cards_upgraded":["EmptyBody","Strike_P"]},{"damage_healed":0,"gold_gain":0,"player_choice":"Inject Mutagens","damage_taken":0,"relics_obtained":["MutagenicStrength"],"max_hp_gain":0,"max_hp_loss":0,"event_name":"Drug Dealer","floor":19,"gold_loss":0},{"damage_healed":0,"gold_gain":0,"player_choice":"Shed Blood","damage_taken":18,"max_hp_gain":5,"max_hp_loss":0,"event_name":"Forgotten Altar","floor":21,"gold_loss":0},{"damage_healed":0,"gold_gain":0,"player_choice":"Opened","damage_taken":0,"relics_obtained":["Blood Vial"],"max_hp_gain":0,"max_hp_loss":0,"event_name":"The Mausoleum","floor":28,"gold_loss":0},{"damage_healed":0,"gold_gain":0,"player_choice":"Ignored","damage_taken":0,"max_hp_gain":0,"max_hp_loss":0,"event_name":"Tomb of Lord Red Mask","floor":36,"gold_loss":0},{"damage_healed":0,"gold_gain":0,"player_choice":"Max HP","damage_taken":0,"max_hp_gain":0,"max_hp_loss":4,"event_name":"Winding Halls","floor":38,"gold_loss":0},{"damage_healed":0,"gold_gain":0,"player_choice":"Upgraded","damage_taken":0,"max_hp_gain":0,"max_hp_loss":0,"event_name":"Upgrade Shrine","floor":42,"gold_loss":0,"cards_upgraded":["Alpha"]}],"is_beta":false,"boss_relics":[{"not_picked":["Busted Crown","Fusion Hammer"],"picked":"Black Star"},{"not_picked":["Calling Bell","Empty Cage"],"picked":"Cursed Key"}],"items_purged_floors":[3,3,3,3,3,3,3,3,20],"is_endless":false,"potions_floor_spawned":[6,8,12,14,23,24,27,30,33,37],"killed_by":"Maw","ascension_level":8}}