{"host":"nwd160me4iqdtr8u","time":1612436685,"event":{"mods":["AchievementEnabler","Act Like it!","BaseMod","Colored Map","DeckTracker","Keyboard Shortcuts","Minty Spire (QoL Compilation)","Quick Restart","Rare Cards Sparkle","Smile Girya","StSLib","SuperFastMode","everything is the same but u backflip on backflip"],"gold_per_floor":[117,117,131,131,131,131,149,167,191,191,209,248,248,119,119,242,242,242,255,271,20,20,20,20,20],"floor_reached":24,"language":"KOR","playtime":780,"items_purged":["Strike_R","Strike_R"],"score":225,"play_id":"267b9451-0b13-431b-a84d-e84ef3774d97","local_time":"20210204200445","is_ascension_mode":true,"campfire_choices":[{"data":"Shrug It Off","floor":6.0,"key":"SMITH"},{"data":"Searing Blow","floor":10.0,"key":"SMITH"},{"data":"Searing Blow+1","floor":13.0,"key":"SMITH"},{"data":"Searing Blow+2","floor":15.0,"key":"SMITH"},{"data":"Searing Blow+3","floor":23,"key":"SMITH"}],"circlet_count":0,"master_deck":["Strike_R","Strike_R","Strike_R","Defend_R+1","Defend_R+1","Defend_R","Defend_R","Bash","Finesse","Blood for Blood","Shrug It Off+1","Headbutt","Searing Blow+4","Armaments","Corruption","Burning Pact","Armaments+1"],"relics":["Black Blood","Bloody Idol","Orichalcum","Boot","Bronze Scales","Nunchaku"],"acts_visited":["Exordium","TheCity"],"potions_floor_usage":[18,19],"damage_taken":[{"damage":2.0,"enemies":"Small Slimes","floor":1.0,"turns":4.0},{"damage":7.0,"enemies":"2 Louse","floor":3.0,"turns":3.0},{"damage":2.0,"enemies":"Jaw Worm","floor":7.0,"turns":3.0},{"damage":16.0,"enemies":"Gremlin Gang","floor":8.0,"turns":5.0},{"damage":6.0,"enemies":"Exordium Thugs","floor":11.0,"turns":5.0},{"damage":20.0,"enemies":"3 Sentries","floor":12.0,"turns":8.0},{"damage":23.0,"enemies":"The Guardian","floor":16.0,"turns":9.0},{"damage":0,"enemies":"Chosen","floor":18,"turns":1},{"damage":18,"enemies":"Spheric Guardian","floor":19,"turns":5},{"damage":40,"enemies":"Cultist and Chosen","floor":20,"turns":6},{"damage":51,"enemies":"Gremlin Leader","floor":24,"turns":6}],"seed_played":"6852616576471453238","potions_obtained":[{"floor":3.0,"key":"ElixirPotion"},{"floor":7.0,"key":"Energy Potion"},{"floor":11.0,"key":"SmokeBomb"},{"floor":16.0,"key":"EssenceOfSteel"}],"is_trial":false,"path_per_floor":["M","?","M","?","?","R","M","M","T","R","M","E","R","$","R","B",null,"M","M","M","$","?","R","E"],"character_chosen":"IRONCLAD","items_purchased":["Armaments","Nunchaku"],"campfire_rested":0,"item_purchase_floors":[14,21],"current_hp_per_floor":[80,64,63,63,60,60,64,54,54,54,54,40,40,40,40,23,74,74,68,40,40,40,40,0,0],"gold":20,"neow_bonus":"RANDOM_COLORLESS","is_daily":false,"chose_seed":false,"campfire_upgraded":5,"win_rate":0.0,"timestamp":1612436685,"path_taken":["M","?","M","?","?","R","M","M","T","R","M","E","R","?","R","BOSS","M","?","M","$","?","R","E"],"items_purchased_type":["Card","Relic"],"build_version":"2020-12-22","purchased_purges":2,"victory":false,"max_hp_per_floor":[80,80,80,74,74,74,74,74,74,74,74,74,74,74,74,74,74,74,74,74,74,74,74,74,74],"card_choices":[{"not_picked":["Enlightenment","Bandage Up"],"picked":"Finesse","floor":0.0},{"not_picked":["Fire Breathing","Rupture"],"picked":"Blood for Blood","floor":1.0},{"not_picked":["Clash","Shockwave"],"picked":"Shrug It Off","floor":3.0},{"not_picked":["Perfected Strike","Shrug It Off"],"picked":"Headbutt","floor":7.0},{"not_picked":["Clothesline","Clash"],"picked":"Searing Blow","floor":8.0},{"not_picked":["Twin Strike","Perfected Strike","Pommel Strike"],"picked":"SKIP","floor":11.0},{"not_picked":["Warcry","Hemokinesis","Uppercut"],"picked":"SKIP","floor":12.0},{"not_picked":["Berserk","Juggernaut"],"picked":"Corruption","floor":16.0},{"not_picked":["Headbutt+1","Rampage"],"picked":"Burning Pact","floor":19},{"not_picked":["Headbutt","True Grit"],"picked":"Armaments+1","floor":20}],"player_experience":387199,"relics_obtained":[{"floor":9.0,"key":"Boot"},{"floor":12.0,"key":"Bronze Scales"}],"event_choices":[{"damage_healed":0.0,"max_hp_gain":0.0,"max_hp_loss":0.0,"gold_gain":0.0,"event_name":"Shining Light","player_choice":"Entered Light","floor":2.0,"gold_loss":0.0,"damage_taken":16.0,"cards_upgraded":["Defend_R","Defend_R"]},{"damage_healed":0.0,"max_hp_gain":0.0,"max_hp_loss":6.0,"gold_gain":0.0,"event_name":"Golden Idol","player_choice":"Lose Max HP","floor":4.0,"gold_loss":0.0,"damage_taken":0.0,"relics_obtained":["Golden Idol"]},{"damage_healed":0.0,"max_hp_gain":0.0,"max_hp_loss":0.0,"gold_gain":0.0,"event_name":"Scrap Ooze","player_choice":"Success","floor":5.0,"gold_loss":0.0,"damage_taken":3.0,"relics_obtained":["Orichalcum"]},{"damage_healed":0,"gold_gain":0,"player_choice":"Gave Idol","damage_taken":0,"relics_obtained":["Bloody Idol"],"max_hp_gain":0,"max_hp_loss":0,"event_name":"Forgotten Altar","floor":22,"relics_lost":["Golden Idol"],"gold_loss":0}],"is_beta":false,"boss_relics":[{"not_picked":["Busted Crown","Mark of Pain"],"picked":"Black Blood"}],"items_purged_floors":[14,21],"is_endless":false,"potions_floor_spawned":[3,7,11,16,18],"killed_by":"Gremlin Leader","ascension_level":3}}