{"host":"5mo0809oo9tcrmpl","time":1612397151,"event":{"mods":["BaseMod","Highlight Path","Minty Spire (QoL Compilation)","Relic Stats","Slay the Relics Exporter"],"gold_per_floor":[114,60,73,83,93,93,123,123,149,185,185,206,220,13,13,13,13],"floor_reached":16,"language":"ENG","playtime":648,"items_purged":["Strike_R"],"score":224,"play_id":"d2d48608-416a-4067-8c34-e60a7dd12a27","local_time":"20210203180551","is_ascension_mode":true,"campfire_choices":[{"data":"Body Slam","floor":6,"key":"SMITH"},{"floor":8,"key":"REST"},{"data":"Bash","floor":15,"key":"SMITH"}],"circlet_count":0,"master_deck":["AscendersBane","Strike_R","Strike_R","Strike_R","Strike_R","Defend_R","Defend_R","Defend_R","Defend_R","Bash+1","Body Slam+1","Pommel Strike","Clothesline","Double Tap","Shrug It Off+1","Twin Strike"],"relics":["Burning Blood","Boot","Lantern","Smiling Mask","CeramicFish","Strawberry"],"acts_visited":["Exordium"],"potions_floor_usage":[7,10,12,16],"damage_taken":[{"damage":6,"enemies":"Cultist","floor":1,"turns":3},{"damage":10,"enemies":"2 Louse","floor":3,"turns":3},{"damage":7,"enemies":"Small Slimes","floor":4,"turns":3},{"damage":7,"enemies":"Looter","floor":5,"turns":4},{"damage":51,"enemies":"Lagavulin","floor":7,"turns":10},{"damage":35,"enemies":"3 Sentries","floor":10,"turns":8},{"damage":1,"enemies":"3 Louse","floor":12,"turns":4},{"damage":4,"enemies":"Large Slime","floor":13,"turns":5},{"damage":29,"enemies":"Slime Boss","floor":16,"turns":10}],"seed_played":"2570792913773888466","potions_obtained":[{"floor":5,"key":"SkillPotion"},{"floor":7,"key":"DuplicationPotion"},{"floor":12,"key":"SkillPotion"}],"is_trial":false,"path_per_floor":["M","$","M","M","M","R","E","R","T","E","?","M","M","$","R","B"],"character_chosen":"IRONCLAD","items_purchased":["SteroidPotion","Strawberry"],"campfire_rested":1,"item_purchase_floors":[2,14],"current_hp_per_floor":[68,68,64,63,62,62,17,39,39,10,10,15,17,24,24,0,0],"gold":13,"neow_bonus":"RANDOM_COMMON_RELIC","is_daily":false,"chose_seed":false,"campfire_upgraded":2,"win_rate":0.0,"timestamp":1612397151,"path_taken":["M","?","M","M","M","R","E","R","T","E","?","M","M","$","R","BOSS"],"items_purchased_type":["Potion","Relic"],"build_version":"2020-12-22","purchased_purges":1,"victory":false,"max_hp_per_floor":[75,75,75,75,75,75,75,75,75,75,75,75,75,82,82,82,82],"relic_stats":{"counters":[9,50],"CeramicFish":18,"Boot":[9],"Smiling Mask":25,"obtain_stats":[{"Lantern":7,"CeramicFish":10,"Strawberry":14,"Boot":0,"Smiling Mask":9,"Burning Blood":0},{"Lantern":5,"CeramicFish":6,"Strawberry":8,"Boot":0,"Smiling Mask":5,"Burning Blood":0},{"Lantern":23,"CeramicFish":31,"Strawberry":40,"Boot":0,"Smiling Mask":23,"Burning Blood":0}],"Burning Blood":48},"card_choices":[{"not_picked":["True Grit","Havoc"],"picked":"Body Slam","floor":1},{"not_picked":["Twin Strike","Heavy Blade"],"picked":"Pommel Strike","floor":3},{"not_picked":["Sentinel","Heavy Blade"],"picked":"Clothesline","floor":4},{"not_picked":["Wild Strike","Sentinel","Anger"],"picked":"SKIP","floor":5},{"not_picked":["Battle Trance","Clothesline"],"picked":"Double Tap","floor":7},{"not_picked":["Spot Weakness","Dropkick"],"picked":"Shrug It Off","floor":10},{"not_picked":["Infernal Blade","Wild Strike"],"picked":"Twin Strike","floor":12},{"not_picked":["Power Through","Perfected Strike","Heavy Blade"],"picked":"SKIP","floor":13}],"player_experience":1231838,"relics_obtained":[{"floor":7,"key":"Lantern"},{"floor":9,"key":"Smiling Mask"},{"floor":10,"key":"CeramicFish"}],"event_choices":[{"damage_healed":0,"gold_gain":0,"player_choice":"Forge","damage_taken":0,"max_hp_gain":0,"max_hp_loss":0,"event_name":"Accursed Blacksmith","floor":11,"gold_loss":0,"cards_upgraded":["Shrug It Off"]}],"is_beta":false,"boss_relics":[],"items_purged_floors":[14],"is_endless":false,"potions_floor_spawned":[5,7,12],"killed_by":"Slime Boss","ascension_level":20}}