{"host":"xiain65d2hovry7l","time":1612462003,"event":{"mods":["2.2 Compatiblity","Act Like it!","BaseMod","Better Match","Better Note","BetterRewards","Challenge The Spire","Colored Map","Colored Powertips","Downfall","Friendly Minions","Mimic Mod","Minty Spire (QoL Compilation)","Remilia??????","StSLib","The Administrix","The Construct","The Necromancer","The Servant 0.9.4","Unknown Chances"],"gold_per_floor":[111,124,124,26,26,26,64,64,64,82,116,116,141,161,161,292,292,312,325,32,32,45,45,45,45,45,66,89,89,125,143,143,269,269,292,13,32,57,71,104,167,167,240,265,308,8,24,42,42,42,42,42,15,58,58],"floor_reached":56,"language":"ENG","playtime":4696,"items_purged":["Decay","Strike_S"],"score":1291,"play_id":"379b5719-737c-41a0-8257-07b93b8e391d","local_time":"20210204190643","is_ascension_mode":false,"campfire_choices":[{"data":"Spin","floor":6.0,"key":"SMITH"},{"data":"Comet","floor":8.0,"key":"SMITH"},{"data":"KidneyShot","floor":15.0,"key":"SMITH"},{"data":"Apotheosis","floor":23.0,"key":"SMITH"},{"data":"BottledTime","floor":25.0,"key":"SMITH"},{"floor":32.0,"key":"RECALL"},{"data":"BottledTime","floor":42,"key":"SMITH"},{"data":"MurderousAura","floor":49,"key":"SMITH"},{"data":"BottledTime","floor":52,"key":"SMITH"}],"circlet_count":0,"master_deck":["Strike_S","Defend_S","Defend_S","Defend_S","Defend_S","KidneyShot+1","Exchange","InstantArmor","Snipe","Spin+1","Barrier","Comet+1","BottledTime+1","SurpressingFire","Foresight","DoubleEdge+1","ReturningBlade+1","Luminosity","GearUp","Apotheosis+1","Defy","BottledTime+1","SpecialFormula","SoulSculpture+1","Misdirection+1","Defy","LightFlow+1","BottledTime+1","Dramatic Entrance+1","Ricochet+1","TheWorld","Ricochet+1","WasteNot+1","Rearm","SoulSculpture+1","Rearm","MurderousAura+1","Rearm","Snipe+1","BottledTime","Starlight+1"],"relics":["Uniform","NeowsBlessing","Golden Idol","Potion Belt","Molten Egg 2","Bird Faced Urn","Coffee Dripper","Shuriken","Art of War","Philosopher\u0027s Stone","Toy Ornithopter","Ice Cream","MealTicket","Mummified Hand"],"acts_visited":["Exordium","TheCity","TheBeyond","TheEnding"],"potions_floor_usage":[50,54,55,55],"damage_taken":[{"damage":0.0,"enemies":"Small Slimes","floor":1.0,"turns":1.0},{"damage":0.0,"enemies":"Jaw Worm","floor":2.0,"turns":1.0},{"damage":0.0,"enemies":"Lagavulin","floor":7.0,"turns":1.0},{"damage":0.0,"enemies":"2 Louse","floor":10.0,"turns":2.0},{"damage":1.0,"enemies":"Gremlin Nob","floor":11.0,"turns":4.0},{"damage":0.0,"enemies":"Red Slaver","floor":13.0,"turns":3.0},{"damage":0.0,"enemies":"Exordium Wildlife","floor":14.0,"turns":3.0},{"damage":10.0,"enemies":"The Guardian","floor":16.0,"turns":10.0},{"damage":0.0,"enemies":"3 Byrds","floor":18.0,"turns":5.0},{"damage":0.0,"enemies":"Chosen","floor":19.0,"turns":4.0},{"damage":0.0,"enemies":"Snecko","floor":22.0,"turns":5.0},{"damage":1.0,"enemies":"Snake Plant","floor":27.0,"turns":3.0},{"damage":0.0,"enemies":"Centurion and Healer","floor":28.0,"turns":6.0},{"damage":0.0,"enemies":"Gremlin Leader","floor":30.0,"turns":8.0},{"damage":2.0,"enemies":"Snecko","floor":31.0,"turns":6.0},{"damage":1.0,"enemies":"Collector","floor":33.0,"turns":10.0},{"damage":3.0,"enemies":"3 Darklings","floor":35.0,"turns":7.0},{"damage":21.0,"enemies":"3 Shapes","floor":37.0,"turns":3.0},{"damage":0.0,"enemies":"Jaw Worm Horde","floor":38.0,"turns":4.0},{"damage":26.0,"enemies":"Spire Growth","floor":39.0,"turns":4.0},{"damage":19,"enemies":"Reptomancer","floor":40,"turns":5},{"damage":0,"enemies":"Mind Bloom Boss Battle","floor":41,"turns":6},{"damage":0,"enemies":"4 Shapes","floor":44,"turns":4},{"damage":0,"enemies":"Nemesis","floor":45,"turns":5},{"damage":0,"enemies":"Maw","floor":47,"turns":7},{"damage":0,"enemies":"Transient","floor":48,"turns":5},{"damage":37,"enemies":"Awakened One","floor":50,"turns":11},{"damage":40,"enemies":"Shield and Spear","floor":54,"turns":5},{"damage":52,"enemies":"The Heart","floor":55,"turns":11}],"seed_played":"7954988176721522352","potions_obtained":[{"floor":1.0,"key":"DistilledChaos"},{"floor":10.0,"key":"LiquidBronze"},{"floor":13.0,"key":"BlessingOfTheForge"},{"floor":19.0,"key":"DuplicationPotion"},{"floor":27.0,"key":"SkillPotion"},{"floor":28.0,"key":"FairyPotion"},{"floor":31.0,"key":"FearPotion"},{"floor":38.0,"key":"EssenceOfSteel"},{"floor":39.0,"key":"ColorlessPotion"}],"is_trial":false,"path_per_floor":["M","M","?","$","?","R","E","R","T","M","E","?","M","M","R","B",null,"M","M","$","$","M","R","?","R","T","M","M","?","E","M","R","B",null,"M","$","M","M","M","E","?","R","T","M","E","$","M","M","R","B",null,"R","$","E","B",null],"character_chosen":"THE_SERVANT","items_purchased":["Spin","Barrier","Luminosity","GearUp","Apotheosis","BottledTime","Dramatic Entrance+1","Ricochet+1","MurderousAura","Rearm","BottledTime"],"campfire_rested":0,"item_purchase_floors":[4,4,20,20,20,36,36,36,46,46,53],"current_hp_per_floor":[65,65,49,49,54,54,54,54,54,54,53,53,53,55,55,49,70,70,70,70,70,70,70,70,70,70,69,70,70,70,70,70,70,70,70,70,54,68,46,41,54,54,54,68,70,70,70,70,70,50,70,70,70,34,10],"gold":58,"neow_bonus":"THREE_ENEMY_KILL","is_daily":false,"chose_seed":false,"campfire_upgraded":8,"win_rate":0.0,"timestamp":1612462003,"path_taken":["M","M","?","$","?","R","E","R","T","M","E","?","?","M","R","BOSS","M","M","?","$","M","R","?","R","T","M","M","?","E","?","R","BOSS","M","?","M","M","M","E","?","R","T","M","E","$","M","M","R","BOSS","R","$","E","BOSS"],"items_purchased_type":["Card","Card","Card","Card","Card","Card","Card","Card","Card","Card","Card"],"build_version":"2020-12-22","purchased_purges":2,"victory":true,"max_hp_per_floor":[65,65,65,65,70,70,70,70,70,70,70,70,70,70,70,70,70,70,70,70,70,70,70,70,70,70,70,70,70,70,70,70,70,70,70,70,70,70,70,70,70,70,70,70,70,70,70,70,70,70,70,70,70,70,70],"card_choices":[{"not_picked":["Starlight","Potential"],"picked":"InstantArmor","floor":1.0},{"not_picked":["Alleviate","ShatteredReality"],"picked":"Snipe","floor":2.0},{"not_picked":["ShatteredReality","Replace"],"picked":"Comet","floor":7.0},{"not_picked":["Replace","Hightail"],"picked":"BottledTime","floor":10.0},{"not_picked":["BottledTime","FloweringNight"],"picked":"SurpressingFire","floor":11.0},{"not_picked":["StarChef","Rearm"],"picked":"Foresight","floor":13.0},{"not_picked":["TimeWarp+1","Unruled+1"],"picked":"DoubleEdge+1","floor":14.0},{"not_picked":["SpecialFormula","DoubleEdge+1"],"picked":"ReturningBlade+1","floor":18.0},{"not_picked":["Potential+1","StarChef","RealityMarble"],"picked":"SKIP","floor":19.0},{"not_picked":["Foresight","Potential+1"],"picked":"Defy","floor":22.0},{"not_picked":["Potential+1","TimeWarp+1","Revamp"],"picked":"SKIP","floor":27.0},{"not_picked":["Potential+1","Spin+1"],"picked":"BottledTime","floor":28.0},{"not_picked":["Luminosity","Defy"],"picked":"Misdirection+1","floor":30.0},{"not_picked":["Dilation","Shuttle"],"picked":"Defy","floor":31.0},{"not_picked":["Duplication","FloweringNight"],"picked":"LightFlow+1","floor":33.0},{"not_picked":["Unruled+1","Revamp+1","ShatteredReality+1"],"picked":"SKIP","floor":35.0},{"not_picked":["Spin+1","TimeWarp+1","DoubleEdge+1"],"picked":"SKIP","floor":37.0},{"not_picked":["Contraction","Replace"],"picked":"TheWorld","floor":38.0},{"not_picked":["Snipe+1","Spin+1"],"picked":"Ricochet+1","floor":39.0},{"not_picked":["Sabotage+1","TimeWarp+1"],"picked":"WasteNot+1","floor":40},{"not_picked":["Rewind","Revamp"],"picked":"Rearm","floor":41},{"not_picked":["Potential+1","TimeWarp+1"],"picked":"SoulSculpture+1","floor":44},{"not_picked":["BottledTime+1","Unruled+1"],"picked":"Rearm","floor":45},{"not_picked":["BottledTime","Hightail"],"picked":"Snipe+1","floor":47},{"not_picked":["Spin+1","Revamp+1","Sunlight+1"],"picked":"SKIP","floor":48},{"not_picked":["FastForward","Ricochet+1"],"picked":"Starlight+1","floor":54}],"player_experience":694707,"relics_obtained":[{"floor":7.0,"key":"Potion Belt"},{"floor":9.0,"key":"Molten Egg 2"},{"floor":11.0,"key":"Bird Faced Urn"},{"floor":26.0,"key":"Shuriken"},{"floor":30.0,"key":"Art of War"},{"floor":40,"key":"Toy Ornithopter"},{"floor":41,"key":"Ice Cream"},{"floor":45,"key":"MealTicket"},{"floor":54,"key":"Mummified Hand"}],"event_choices":[{"damage_healed":0.0,"max_hp_gain":0.0,"max_hp_loss":0.0,"gold_gain":0.0,"event_name":"Golden Idol","player_choice":"Take Damage","floor":3.0,"gold_loss":0.0,"damage_taken":16.0,"relics_obtained":["Golden Idol"]},{"damage_healed":0.0,"max_hp_gain":5.0,"max_hp_loss":0.0,"gold_gain":0.0,"event_name":"Big Fish","player_choice":"Donut","floor":5.0,"gold_loss":0.0,"damage_taken":0.0},{"damage_healed":0.0,"max_hp_gain":0.0,"max_hp_loss":0.0,"gold_gain":0.0,"event_name":"Wheel of Change","player_choice":"Cursed","floor":12.0,"gold_loss":0.0,"damage_taken":0.0,"cards_obtained":["Decay"]},{"damage_healed":0.0,"max_hp_gain":0.0,"max_hp_loss":0.0,"gold_gain":0.0,"event_name":"betterNote:BetterNote","player_choice":"Ignored","floor":24.0,"gold_loss":0.0,"damage_taken":0.0,"cards_obtained":["Sucker Punch"]},{"damage_healed":0.0,"max_hp_gain":0.0,"max_hp_loss":0.0,"gold_gain":0.0,"cards_transformed":["Strike_S","Strike_S"],"event_name":"Drug Dealer","player_choice":"Became Test Subject","floor":29.0,"gold_loss":0.0,"damage_taken":0.0,"cards_obtained":["SpecialFormula","SoulSculpture"]},{"damage_healed":0,"gold_gain":0,"player_choice":"Fight","damage_taken":0,"max_hp_gain":0,"max_hp_loss":0,"event_name":"MindBloom","floor":41,"gold_loss":0}],"is_beta":false,"boss_relics":[{"not_picked":["bronze:MakeshiftBattery","Cursed Key"],"picked":"Coffee Dripper"},{"not_picked":["Sozu","SacredBark"],"picked":"Philosopher\u0027s Stone"}],"items_purged_floors":[36,46],"is_endless":false,"potions_floor_spawned":[1,10,13,19,27,28,31,38,39,40,44,45],"ascension_level":0}}