{"host":"g2yp6paluzgljz05","time":1612413320,"event":{"mods":["BaseMod","Bestiary","Colored Powertips","DeckTracker","Highlight Path","Minty Spire (QoL Compilation)","Quick Restart"],"gold_per_floor":[109,109,284,0,19,19,49,24,48,96,96,130,130,148,148,246,246,261,4,4,20,36,65,65,65,65],"floor_reached":25,"language":"ENG","playtime":889,"items_purged":["Doubt","Strike_R"],"score":378,"play_id":"256fe0b7-5ebc-4ae7-b0ff-4a232c717043","local_time":"20210204153520","is_ascension_mode":true,"campfire_choices":[{"data":"Demon Form","floor":6,"key":"SMITH"},{"data":"Bash","floor":11,"key":"SMITH"},{"data":"Offering","floor":13,"key":"SMITH"},{"data":"Heavy Blade","floor":15,"key":"SMITH"},{"floor":24,"key":"REST"}],"circlet_count":0,"master_deck":["AscendersBane","Strike_R","Strike_R","Defend_R","Defend_R","Defend_R+1","Defend_R+1","Bash+1","Ghostly Armor","Demon Form+1","Offering+1","Sever Soul","Warcry","Heavy Blade+1","Double Tap","Berserk"],"relics":["Burning Blood","Kunai","Bronze Scales","Bag of Marbles","InkBottle","Empty Cage","Brimstone","Nloth\u0027s Gift","Nunchaku"],"acts_visited":["Exordium","TheCity"],"potions_floor_usage":[16,23,23],"damage_taken":[{"damage":0,"enemies":"2 Louse","floor":1,"turns":1},{"damage":0,"enemies":"Small Slimes","floor":5,"turns":1},{"damage":0,"enemies":"Gremlin Nob","floor":7,"turns":1},{"damage":24,"enemies":"Lagavulin","floor":12,"turns":5},{"damage":6,"enemies":"Jaw Worm","floor":14,"turns":3},{"damage":50,"enemies":"Slime Boss","floor":16,"turns":5},{"damage":18,"enemies":"Chosen","floor":18,"turns":3},{"damage":25,"enemies":"3 Byrds","floor":21,"turns":3},{"damage":19,"enemies":"3 Cultists","floor":22,"turns":4},{"damage":16,"enemies":"Book of Stabbing","floor":23,"turns":3},{"damage":55,"enemies":"Slavers","floor":25,"turns":3}],"seed_played":"-1699663710507387474","potions_obtained":[{"floor":7,"key":"Weak Potion"},{"floor":14,"key":"SkillPotion"},{"floor":21,"key":"SkillPotion"}],"is_trial":false,"path_per_floor":["M","?","?","$","M","R","E","$","T","T","R","E","R","M","R","B",null,"M","$","?","M","M","E","R","E"],"character_chosen":"IRONCLAD","items_purchased":["Demon Form","Offering","Warcry","Brimstone"],"campfire_rested":1,"item_purchase_floors":[4,4,8,19],"current_hp_per_floor":[78,62,62,62,68,68,74,74,74,74,74,56,56,56,56,12,63,51,51,51,32,19,9,33,0,0],"gold":65,"neow_bonus":"THREE_ENEMY_KILL","is_daily":false,"chose_seed":false,"campfire_upgraded":4,"win_rate":0.0,"timestamp":1612413320,"path_taken":["M","?","?","$","M","R","E","$","T","?","R","E","R","?","R","BOSS","M","$","?","M","M","E","R","E"],"items_purchased_type":["Card","Card","Card","Relic"],"build_version":"2020-12-22","purchased_purges":2,"victory":false,"max_hp_per_floor":[80,80,80,80,80,80,80,80,80,80,80,80,80,80,80,80,80,80,80,80,80,80,80,80,80,80],"card_choices":[{"not_picked":["Perfected Strike","Dark Embrace"],"picked":"Ghostly Armor","floor":1},{"not_picked":["Power Through","Headbutt"],"picked":"Sever Soul","floor":5},{"not_picked":["Headbutt","Iron Wave","Dark Embrace"],"picked":"SKIP","floor":7},{"not_picked":["Twin Strike","Bloodletting","Ghostly Armor"],"picked":"SKIP","floor":12},{"not_picked":["Dropkick","Rupture"],"picked":"Heavy Blade","floor":14},{"not_picked":["Feed","Impervious"],"picked":"Double Tap","floor":16},{"not_picked":["Clothesline","Disarm","Reckless Charge+1"],"picked":"SKIP","floor":18},{"not_picked":["Dropkick","Havoc","Warcry"],"picked":"SKIP","floor":21},{"not_picked":["Clash","Intimidate","Havoc+1"],"picked":"SKIP","floor":22},{"not_picked":["Inflame+1","Rampage"],"picked":"Berserk","floor":23}],"player_experience":322428,"relics_obtained":[{"floor":7,"key":"Kunai"},{"floor":9,"key":"Bronze Scales"},{"floor":10,"key":"Bag of Marbles"},{"floor":12,"key":"InkBottle"},{"floor":23,"key":"Nunchaku"}],"event_choices":[{"damage_healed":0,"gold_gain":0,"player_choice":"Entered Light","damage_taken":16,"max_hp_gain":0,"max_hp_loss":0,"event_name":"Shining Light","floor":2,"gold_loss":0,"cards_upgraded":["Defend_R","Defend_R"]},{"damage_healed":0,"gold_gain":175,"player_choice":"AGREE","damage_taken":0,"max_hp_gain":0,"max_hp_loss":0,"event_name":"Liars Game","floor":3,"gold_loss":0,"cards_obtained":["Doubt"]},{"damage_healed":0,"gold_gain":0,"player_choice":"Traded Relic","damage_taken":0,"relics_obtained":["Nloth\u0027s Gift"],"max_hp_gain":0,"max_hp_loss":0,"event_name":"N\u0027loth","floor":20,"relics_lost":["NeowsBlessing"],"gold_loss":0}],"is_beta":false,"boss_relics":[{"not_picked":["Runic Pyramid","Calling Bell"],"picked":"Empty Cage"}],"items_purged_floors":[4,19],"is_endless":false,"potions_floor_spawned":[7,14,21],"killed_by":"Slavers","ascension_level":10}}