{"host":"szuedzjmkye50eqq","time":1612463438,"event":{"mods":["BaseMod","Downfall","Googly Eyes","Minty Spire (QoL Compilation)","StSLib"],"gold_per_floor":[99,109,109,19,37,37,37,37,37,56,75,101,101,86,105,200,200,200,218,218,237,237,237,237,263,275,287,317,329,341,95,114,212,212,212,232,232,232,296,311,311,311,325,325,325,325],"floor_reached":44,"language":"ENG","playtime":3297,"items_purged":["downfall:Aged","downfall:Bewildered","Slimebound:Defend_Slimebound"],"score":456,"play_id":"034045e6-3eb4-4dcb-ba5c-6382d7080c89","local_time":"20210204193038","is_ascension_mode":false,"campfire_choices":[{"data":"Slimebound:CorrosiveSpit","floor":1,"key":"SMITH"},{"data":"Slimebound:SelfFormingGoo","floor":6,"key":"SMITH"},{"data":"Slimebound:GoopSpray","floor":9,"key":"SMITH"},{"data":"Slimebound:Overexert","floor":18,"key":"SMITH"},{"data":"Slimebound:MegaLick","floor":23,"key":"SMITH"},{"data":"Slimebound:ProtectTheBoss","floor":27,"key":"SMITH"},{"data":"Slimebound:OneTwoCombo","floor":35,"key":"SMITH"},{"data":"Slimebound:Darklings","floor":42,"key":"SMITH"}],"circlet_count":0,"master_deck":["Slimebound:Strike_Slimebound+1","Slimebound:Strike_Slimebound","Slimebound:Strike_Slimebound+1","Slimebound:Tackle","Slimebound:Defend_Slimebound+1","Slimebound:Defend_Slimebound","Slimebound:Defend_Slimebound","Slimebound:Split+1","Slimebound:CorrosiveSpit+1","Slimebound:SplitAcid","Slimebound:SelfFormingGoo+1","Slimebound:GoopSpray+1","downfall:Icky","Slimebound:LevelUp","Slimebound:DisruptingSlam","Slimebound:MegaLick+1","Slimebound:ItLooksTasty","Slimebound:FinishingTackle","Slimebound:OneTwoCombo+1","Slimebound:SplitLeeching+1","downfall:Icky","Clumsy","Slimebound:ProtectTheBoss+1","Slimebound:SlimeSpikes","Slimebound:SlimeSpikes+1","Slimebound:Schlurp","Slimebound:Darklings+1","Slimebound:Schlurp+1","Slimebound:SplitBruiser"],"relics":["Slimebound:AbsorbEndCombatUpgraded","downfall:ExtraCursedKey","Strawberry","Potion Belt","MawBank","sneckomod:BabySnecko","Medical Kit","Whetstone"],"acts_visited":["Exordium","TheCity","TheBeyond"],"potions_floor_usage":[33],"damage_taken":[{"damage":5,"enemies":"2 Louse","floor":2,"turns":3},{"damage":11,"enemies":"downfall:FleeingMerchant","floor":4,"turns":4},{"damage":3,"enemies":"Cultist","floor":5,"turns":2},{"damage":11,"enemies":"Jaw Worm","floor":10,"turns":3},{"damage":9,"enemies":"Blue Slaver","floor":11,"turns":3},{"damage":4,"enemies":"Lagavulin","floor":12,"turns":4},{"damage":13,"enemies":"downfall:FleeingMerchant","floor":14,"turns":4},{"damage":3,"enemies":"Lots of Slimes","floor":15,"turns":3},{"damage":25,"enemies":"IC_STATUS_ARCHETYPE","floor":16,"turns":6},{"damage":0,"enemies":"3 Byrds","floor":19,"turns":3},{"damage":0,"enemies":"Chosen","floor":21,"turns":3},{"damage":15,"enemies":"Snake Plant","floor":25,"turns":4},{"damage":19,"enemies":"Centurion and Healer","floor":28,"turns":5},{"damage":7,"enemies":"downfall:FleeingMerchant","floor":31,"turns":4},{"damage":7,"enemies":"Sentry and Sphere","floor":32,"turns":4},{"damage":53,"enemies":"WA_ARCHETYPE_CALM","floor":33,"turns":11},{"damage":20,"enemies":"3 Darklings","floor":36,"turns":5},{"damage":15,"enemies":"downfall:FleeingMerchant","floor":39,"turns":4},{"damage":5,"enemies":"Orb Walker","floor":40,"turns":4},{"damage":44,"enemies":"3 Darklings","floor":43,"turns":5},{"damage":55,"enemies":"Giant Head","floor":44,"turns":8}],"seed_played":"-327863367956197542","potions_obtained":[{"floor":2,"key":"Dexterity Potion"},{"floor":5,"key":"DuplicationPotion"},{"floor":11,"key":"Fire Potion"},{"floor":12,"key":"DuplicationPotion"},{"floor":19,"key":"Dexterity Potion"},{"floor":28,"key":"Fruit Juice"},{"floor":36,"key":"bronze:BurnAndBuffPotion"}],"is_trial":false,"path_per_floor":["R","M","?","$","M","R","T","?","R","M","M","E","?","$","M","B",null,"R","M","?","M","?","R","T","M","?","R","M","T","?","$","M","B",null,"R","M","?","?","$","M","T","R","M","E"],"character_chosen":"SLIMEBOUND","items_purchased":["Medical Kit","Whetstone"],"campfire_rested":0,"item_purchase_floors":[31,39],"current_hp_per_floor":[71,70,70,62,61,61,68,68,68,59,54,56,44,39,38,21,78,78,78,78,78,70,70,70,63,63,63,50,50,50,45,46,6,83,83,69,69,69,63,67,67,67,38,0,0,0],"gold":325,"neow_bonus":"TEN_PERCENT_HP_BONUS","is_daily":false,"chose_seed":false,"campfire_upgraded":8,"win_rate":0.0,"timestamp":1612463438,"path_taken":["R","M","?","$","M","R","T","?","R","?","M","E","?","?","M","BOSS","R","M","?","?","?","R","T","?","?","R","M","?","?","$","M","BOSS","R","M","?","?","$","M","T","R","?","E"],"items_purchased_type":["Relic","Relic"],"build_version":"2020-12-22","purchased_purges":3,"victory":false,"max_hp_per_floor":[71,71,71,71,71,71,78,78,78,78,78,78,78,78,78,78,78,78,78,78,78,78,78,78,78,78,78,78,78,78,78,78,83,83,83,83,83,83,83,83,83,83,83,83,83,83],"card_choices":[{"not_picked":["Slimebound:SpikyOuterGoop","Slimebound:AcidTongue"],"picked":"Slimebound:SplitAcid","floor":2},{"not_picked":["Slimebound:TongueLash","Slimebound:ComboTackle"],"picked":"Slimebound:SelfFormingGoo","floor":4},{"not_picked":["Slimebound:SplitMire","Slimebound:ComboTackle"],"picked":"Slimebound:GoopSpray","floor":5},{"not_picked":["Slimebound:SpikyOuterGoop","Slimebound:Prepare"],"picked":"Slimebound:LevelUp","floor":10},{"not_picked":["Slimebound:FinishingTackle","Slimebound:ComboTackle"],"picked":"Slimebound:DisruptingSlam","floor":11},{"not_picked":["Slimebound:ForwardTackle","Slimebound:PressTheAttack"],"picked":"Slimebound:MegaLick","floor":12},{"not_picked":["Slimebound:MinionMaster","Slimebound:LeechingTouch"],"picked":"Slimebound:ItLooksTasty","floor":14},{"not_picked":["Slimebound:GoopSpray","Slimebound:ForwardTackle"],"picked":"Slimebound:FinishingTackle","floor":15},{"not_picked":["Slimebound:PrepareCrush","Slimebound:DuplicatedForm"],"picked":"Slimebound:OneTwoCombo","floor":16},{"not_picked":["Slimebound:GoopTackle","Slimebound:Grow+1"],"picked":"Slimebound:SplitLeeching+1","floor":19},{"not_picked":["Slimebound:FinishingTackle","Slimebound:SpikyOuterGoop+1","Slimebound:RollThrough"],"picked":"SKIP","floor":21},{"not_picked":["Slimebound:GoopTackle","Slimebound:DuplicatedForm"],"picked":"Slimebound:ProtectTheBoss","floor":25},{"not_picked":["Slimebound:FinishingTackle","Slimebound:LeechEnergy"],"picked":"Slimebound:SlimeSpikes","floor":28},{"not_picked":["Slimebound:FinishingTackle","Slimebound:ViciousTackle","Slimebound:RollThrough"],"picked":"SKIP","floor":31},{"not_picked":["Slimebound:FinishingTackle","Slimebound:LeechEnergy"],"picked":"Slimebound:SlimeSpikes+1","floor":32},{"not_picked":["Slimebound:LevelUp+1","Slimebound:GoopTackle"],"picked":"Slimebound:Schlurp","floor":36},{"not_picked":["Slimebound:Prepare","Slimebound:RollThrough"],"picked":"Slimebound:Schlurp+1","floor":39},{"not_picked":["Slimebound:GoopTackle+1","Slimebound:LivingWall+1"],"picked":"Slimebound:SplitBruiser","floor":40},{"not_picked":["Slimebound:RejuvenatingLick","Slimebound:LeadByExample","Slimebound:SlimeSpikes"],"picked":"SKIP","floor":43}],"player_experience":50461,"relics_obtained":[{"floor":7,"key":"Strawberry"},{"floor":12,"key":"Potion Belt"},{"floor":24,"key":"MawBank"}],"event_choices":[{"damage_healed":0,"gold_gain":0,"player_choice":"Forge","damage_taken":0,"max_hp_gain":0,"max_hp_loss":0,"event_name":"Accursed Blacksmith","floor":8,"gold_loss":0,"cards_upgraded":["Slimebound:Split"]},{"damage_healed":0,"gold_gain":0,"player_choice":"Fled","damage_taken":12,"max_hp_gain":0,"max_hp_loss":0,"event_name":"Scrap Ooze","floor":13,"gold_loss":0},{"damage_healed":0,"gold_gain":0,"player_choice":"Leave","damage_taken":0,"max_hp_gain":0,"max_hp_loss":0,"event_name":"FaceTrader","floor":20,"gold_loss":0}],"is_beta":false,"boss_relics":[{"not_picked":["Snecko Eye","Coffee Dripper","Runic Dome"]},{"not_picked":["SacredBark","Sozu"],"picked":"Slimebound:AbsorbEndCombatUpgraded"}],"items_purged_floors":[4,31,39],"is_endless":false,"potions_floor_spawned":[2,5,11,12,19,28,36],"killed_by":"Giant Head","ascension_level":0}}