{"host":"u8jm3mkzbb0z8q6m","time":1612420680,"event":{"mods":["BaseMod","Challenge The Spire","Colored Powertips","Minty Spire (QoL Compilation)","Quick Restart","Replay The Spire","Spicy Shops","StSLib","¡¾ÒÅÎï¿¨ÅÆ¡¿REMEMod"],"gold_per_floor":[111,111,125,125,125,244,284,284,338,353,394,413,413,426,426,557,557,577,796,830,929,948,948,888,888,888,903,928,928,942,942,255,730,730,853,853,1074,209,230,230,293,307,322,322,322,338,411,411,107,131,131,131],"floor_reached":53,"language":"ZHS","playtime":6196,"items_purged":["Clumsy"],"score":824,"play_id":"ce5856ce-8f20-4222-b07b-9e859c155f34","local_time":"20210204153800","is_ascension_mode":true,"campfire_choices":[{"floor":13,"key":"REST"},{"floor":15,"key":"REST"},{"floor":23,"key":"REST"},{"floor":29,"key":"REST"},{"floor":31,"key":"REST"},{"floor":34,"key":"REST"},{"data":"REME_ShadowForm","floor":48,"key":"SMITH"}],"circlet_count":0,"master_deck":["Strike_G+1","Strike_G","Strike_G+1","Strike_G","Defend_G","Defend_G","Defend_G","Defend_G","Defend_G","Survivor","Neutralize","Seek+1","Quick Slash+1","ReplayTheSpireMod:Splinters","Prepared","ReplayTheSpireMod:The Works","Backflip+1","Hidden Blade","Backflip","REME_ShadowForm+1","Slice+1","Backflip","Acrobatics","Concentrate+1","Underhanded Strike","ReplayTheSpireMod:Necrogeddon","Dagger Throw","Pot Of Greed","Pot Of Greed","Pot Of Greed","Regret","After Image","Decay","ReplayTheSpireMod:The Works+1","Choke","Slice","Infinite Blades+1","Regret","Escape Plan","Pot Of Greed","PiercingWail"],"relics":["REME_ComplimentaryCards","Snecko Scales","Golden Idol","Bronze Scales","Replay:Bottled Snecko","Blue Doll","Boot","Replay:Grab Bag","Philosopher\u0027s Stone","Sozu","REME_DemonsWealth","Red Mask","PreservedInsect","Juzu Bracelet","Grinning Jar","HoveringKite","Meat on the Bone","War Paint","Lee\u0027s Waffle","Strange Spoon","Bag of Preparation","Ring of Fury","Ring of Chaos","Peace Pipe","Chameleon Ring","Anchor","REME_OnlineShoppingPlatform","OrangePellets","Lantern"],"acts_visited":["Exordium","TheCity","TheBeyond"],"potions_floor_usage":[7,19,20],"damage_taken":[{"damage":3,"enemies":"Small Slimes","floor":1,"turns":3},{"damage":0,"enemies":"2 Louse","floor":3,"turns":3},{"damage":15,"enemies":"3 Sentries","floor":7,"turns":6},{"damage":0,"enemies":"Jaw Worm","floor":10,"turns":3},{"damage":10,"enemies":"Lagavulin","floor":11,"turns":8},{"damage":0,"enemies":"Exordium Wildlife","floor":12,"turns":4},{"damage":2,"enemies":"Exordium Thugs","floor":14,"turns":2},{"damage":39,"enemies":"Slime Boss","floor":16,"turns":12},{"damage":11,"enemies":"3 Byrds","floor":18,"turns":2},{"damage":2,"enemies":"Spheric Guardian","floor":19,"turns":3},{"damage":45,"enemies":"Masked Bandits","floor":20,"turns":4},{"damage":5,"enemies":"Snake Plant","floor":22,"turns":4},{"damage":25,"enemies":"Cultist and Chosen","floor":27,"turns":7},{"damage":9,"enemies":"Snecko","floor":30,"turns":5},{"damage":47,"enemies":"Pondfish","floor":35,"turns":13},{"damage":19,"enemies":"3 Shapes","floor":37,"turns":4},{"damage":22,"enemies":"3 Darklings","floor":39,"turns":3},{"damage":0,"enemies":"Mind Bloom Boss Battle","floor":41,"turns":5},{"damage":4,"enemies":"Spire Growth","floor":42,"turns":3},{"damage":0,"enemies":"Transient","floor":43,"turns":5},{"damage":0,"enemies":"Jaw Worm Horde","floor":46,"turns":3},{"damage":10,"enemies":"Maw","floor":50,"turns":4},{"damage":31,"enemies":"Replay:Hell Engine","floor":52,"turns":7}],"seed_played":"5951500667625046293","potions_obtained":[{"floor":3,"key":"PowerPotion"},{"floor":11,"key":"FearPotion"},{"floor":16,"key":"Adrenaline Potion"}],"is_trial":false,"path_per_floor":["M","?","M","?","?","?","E","?","T","M","E","M","R","M","R","B",null,"M","M","?","?","M","R","?","PTL","PTL","M","T","R","M","R","$","?","R","B",null,"M","$","M","?","?","M","M","T","T","M","$","R","$","M","R","B",null],"character_chosen":"THE_SILENT","items_purchased":["Juzu Bracelet","ReplayTheSpireMod:Necrogeddon","Dagger Throw","Grinning Jar","Meat on the Bone","War Paint","Lee\u0027s Waffle","Strange Spoon","Bag of Preparation","REME_OnlineShoppingPlatform","Escape Plan","OrangePellets","Lantern"],"campfire_rested":6,"item_purchase_floors":[32,32,32,32,38,38,38,38,38,47,47,49,49],"current_hp_per_floor":[67,67,67,50,36,36,21,21,21,21,11,11,32,30,51,12,70,59,57,12,12,7,28,28,28,28,3,3,24,15,36,36,36,57,10,70,51,77,55,55,55,51,51,51,51,51,51,51,51,41,64,45],"gold":131,"neow_bonus":"BOSS_RELIC","is_daily":false,"chose_seed":false,"campfire_upgraded":1,"win_rate":0.0,"timestamp":1612420680,"path_taken":["M","?","M","?","?","?","E","?","T","M","E","M","R","M","R","BOSS","M","M","?","?","M","R","?","PTL","PTL","M","T","R","?","R","$","?","R","BOSS","M","$","M","?","?","M","M","?","T","M","$","R","$","M","R","BOSS"],"items_purchased_type":["Relic","Card","Card","Relic","Relic","Relic","Relic","Relic","Relic","Relic","Card","Relic","Relic"],"build_version":"2020-12-22","purchased_purges":1,"victory":true,"max_hp_per_floor":[70,70,70,70,70,70,70,70,70,70,70,70,70,70,70,70,70,70,70,70,70,70,70,70,70,70,70,70,70,70,70,70,70,70,70,70,70,77,77,77,77,77,77,77,77,77,77,77,77,77,77,77],"card_choices":[{"not_picked":["Sucker Punch","Dodge and Roll","Flechettes"],"picked":"SKIP","floor":1},{"not_picked":["Replay:Poison Smokescreen","ReplayTheSpireMod:Exploit Weakness"],"picked":"Quick Slash","floor":3},{"not_picked":["Dodge and Roll","Deadly Poison"],"picked":"Prepared","floor":6},{"not_picked":["Eviscerate","Catalyst"],"picked":"ReplayTheSpireMod:The Works","floor":6},{"not_picked":["Dagger Throw","Finisher"],"picked":"Backflip","floor":7},{"not_picked":["Blade Dance","Leg Sweep","Deadly Poison"],"picked":"SKIP","floor":10},{"not_picked":["Unload","Predator"],"picked":"Hidden Blade","floor":11},{"not_picked":["Outmaneuver","ReplayTheSpireMod:Exploit Weakness","Draining Mist"],"picked":"SKIP","floor":12},{"not_picked":["Choke","Dagger Throw"],"picked":"Backflip","floor":14},{"not_picked":["Grand Finale","Die Die Die"],"picked":"REME_ShadowForm","floor":16},{"not_picked":["ReplayTheSpireMod:Tripwire","Blade Dance","ReplayTheSpireMod:IOU"],"picked":"Slice+1","floor":18},{"not_picked":["Underhanded Strike","Outmaneuver","Dodge and Roll"],"picked":"Clumsy","floor":19},{"not_picked":["Predator","Catalyst","Normality"],"picked":"Backflip","floor":20},{"not_picked":["Blade Dance","Choke+1","Clumsy"],"picked":"Acrobatics","floor":22},{"not_picked":["Slice","Terror+1","ReplayTheSpireMod:IOU"],"picked":"Concentrate","floor":27},{"not_picked":["Grand Finale","Blade Dance+1","Voices"],"picked":"Underhanded Strike","floor":30},{"not_picked":["REME_GrazeFinale","REME_CopyPotion","Looming Evil"],"picked":"After Image","floor":35},{"not_picked":["Bane+1","Underhanded Strike","Cloak And Dagger+1"],"picked":"Decay","floor":37},{"not_picked":["Deflect+1","Deadly Poison+1","Underhanded Strike","ReplayTheSpireMod:Restless Dread"],"picked":"SKIP","floor":39},{"not_picked":["Deflect+1","Blade Dance+1","Amnesia"],"picked":"ReplayTheSpireMod:The Works+1","floor":41},{"not_picked":["ReplayTheSpireMod:Tripwire+1","ReplayTheSpireMod:The Works","Languid"],"picked":"Choke","floor":42},{"not_picked":["Underhanded Strike","Bullet Time","Injury"],"picked":"Slice","floor":43},{"not_picked":["Outmaneuver+1","Dodge and Roll","Hallucinations"],"picked":"Infinite Blades+1","floor":46},{"not_picked":["Slice","Concentrate+1","ReplayTheSpireMod:Faulty Equipment"],"picked":"PiercingWail","floor":50}],"player_experience":23152,"relics_obtained":[{"floor":6,"key":"Bronze Scales"},{"floor":7,"key":"Replay:Bottled Snecko"},{"floor":9,"key":"Blue Doll"},{"floor":11,"key":"Boot"},{"floor":20,"key":"Red Mask"},{"floor":28,"key":"PreservedInsect"},{"floor":40,"key":"Ring of Fury"},{"floor":40,"key":"Ring of Chaos"},{"floor":41,"key":"Peace Pipe"},{"floor":44,"key":"Chameleon Ring"},{"floor":45,"key":"Anchor"}],"event_choices":[{"damage_healed":0,"gold_gain":0,"player_choice":"Grow","damage_taken":0,"max_hp_gain":0,"max_hp_loss":0,"event_name":"Living Wall","floor":2,"gold_loss":0,"cards_upgraded":["Seek"]},{"damage_healed":0,"gold_gain":0,"player_choice":"Take Damage","damage_taken":17,"relics_obtained":["Golden Idol"],"max_hp_gain":0,"max_hp_loss":0,"event_name":"Golden Idol","floor":4,"gold_loss":0},{"damage_healed":0,"gold_gain":0,"player_choice":"Entered Light","damage_taken":14,"max_hp_gain":0,"max_hp_loss":0,"event_name":"Shining Light","floor":5,"gold_loss":0,"cards_upgraded":["Strike_G","Strike_G"]},{"damage_healed":0,"gold_gain":0,"player_choice":"Fought Bandits","damage_taken":0,"max_hp_gain":0,"max_hp_loss":0,"event_name":"Masked Bandits","floor":20,"gold_loss":0},{"damage_healed":0,"gold_gain":99,"player_choice":"Stole From Cult","damage_taken":0,"max_hp_gain":0,"max_hp_loss":0,"event_name":"Nest","floor":21,"gold_loss":0},{"damage_healed":0,"gold_gain":275,"player_choice":"Desecrate","damage_taken":0,"max_hp_gain":0,"max_hp_loss":0,"event_name":"Golden Shrine","floor":33,"gold_loss":0,"cards_obtained":["Regret"]},{"damage_healed":0,"gold_gain":0,"player_choice":"Fight","damage_taken":0,"max_hp_gain":0,"max_hp_loss":0,"event_name":"MindBloom","floor":41,"gold_loss":0}],"is_beta":false,"boss_relics":[{"not_picked":["Cursed Key","Snecko Eye"],"picked":"Replay:Grab Bag"},{"not_picked":["Runic Dome","Velvet Choker"],"picked":"Philosopher\u0027s Stone"},{"not_picked":["Busted Crown","ChewingGum"],"picked":"Sozu"},{"not_picked":["REME_DuelDisc","Calling Bell"],"picked":"REME_DemonsWealth"},{"not_picked":["Painkiller Herb","REME_ChargedStone"],"picked":"HoveringKite"}],"items_purged_floors":[32],"is_endless":false,"potions_floor_spawned":[3,7,11,16,18,22,30,35,42,50],"ascension_level":1}}