{"host":"2d0rd30cigwncx1y","time":1612460689,"event":{"mods":["BaseMod","Colored Map","Colored Powertips","Downfall","MarisaÅiñ∂âJÅ@ñÇóùçπÅj","Minty Spire (QoL Compilation)","Replay The Spire","StSLib","The Alterego","The Marked","The Servant 0.9.4"],"gold_per_floor":[99,111,123,123,141,160,183,183,213,229,294,469,369,395,409,507,507,507,524,535,535,535,54,54,65,91,105,123,123,136,136,146,146,146,146],"floor_reached":33,"language":"ENG","playtime":2661,"items_purged":["Doubt"],"score":306,"play_id":"1db302c6-40ae-475d-9fef-155e8af1bc54","local_time":"20210204184449","is_ascension_mode":false,"campfire_choices":[{"data":"Slimebound:LevelUp","floor":1.0,"key":"SMITH"},{"data":"Slimebound:GoopSpray","floor":8.0,"key":"SMITH"},{"data":"Slimebound:Split","floor":13.0,"key":"SMITH"},{"data":"Slimebound:WasteNot","floor":18.0,"key":"SMITH"},{"data":"Slimebound:RejuvenatingLick","floor":29,"key":"SMITH"}],"circlet_count":0,"master_deck":["Slimebound:Strike_Slimebound","Slimebound:Strike_Slimebound","Slimebound:Tackle","Slimebound:Defend_Slimebound","Slimebound:Defend_Slimebound","Slimebound:Defend_Slimebound","Slimebound:Defend_Slimebound","Slimebound:Split+1","Slimebound:CorrosiveSpit","Slimebound:LevelUp+1","Slimebound:RainOfGoop","Slimebound:ComboTackle","Slimebound:LeechingTouch","Slimebound:GoopSpray+1","Slimebound:SplitMire","Slimebound:LeechingTouch","Slimebound:SlimeSpikes","Slimebound:SlimeSpikes","Slimebound:Schlurp","Slimebound:WasteNot+1","Slimebound:MegaLick+1","Slimebound:Schlurp","J.A.X.","Slimebound:LivingWall","Slimebound:ViciousTackle","Slimebound:HauntingLick","Normality","Slimebound:GoopSpray+1","Slimebound:Replication+1","Slimebound:Schlurp","Slimebound:RejuvenatingLick+1","Slimebound:ItLooksTasty+1","downfall:Aged","Slimebound:GrowthPunch"],"relics":["Slimebound:AbsorbEndCombat","ReplayTheSpireMod:TigerMarble","Smiling Mask","Pen Nib","downfall:HeartBlessingGreen","Letter Opener","Cursed Key","CultistMask","Counterbalance","Replay:Bottled Flurry","Quantum Egg"],"acts_visited":["Exordium","TheCity"],"potions_floor_usage":[26,30,33],"damage_taken":[{"damage":12.0,"enemies":"Small Slimes","floor":2.0,"turns":4.0},{"damage":3.0,"enemies":"Cultist","floor":3.0,"turns":4.0},{"damage":3.0,"enemies":"2 Louse","floor":5.0,"turns":3.0},{"damage":4.0,"enemies":"Blue Slaver","floor":6.0,"turns":4.0},{"damage":17.0,"enemies":"Lagavulin","floor":9.0,"turns":6.0},{"damage":0.0,"enemies":"Lots of Slimes","floor":10.0,"turns":5.0},{"damage":13.0,"enemies":"3 Sentries","floor":11.0,"turns":6.0},{"damage":31.0,"enemies":"Gremlin Nob","floor":14.0,"turns":4.0},{"damage":0.0,"enemies":"Exordium Wildlife","floor":15.0,"turns":4.0},{"damage":20.0,"enemies":"IC_STATUS_ARCHETYPE","floor":16.0,"turns":5.0},{"damage":4.0,"enemies":"Shell Parasite","floor":19.0,"turns":5.0},{"damage":0.0,"enemies":"3 Byrds","floor":20.0,"turns":2.0},{"damage":6,"enemies":"downfall:FleeingMerchant","floor":23,"turns":4},{"damage":22,"enemies":"Shelled Parasite and Fungi","floor":25,"turns":6},{"damage":9,"enemies":"Gremlin Leader","floor":26,"turns":5},{"damage":25,"enemies":"Sentry and Sphere","floor":27,"turns":6},{"damage":3,"enemies":"Snecko","floor":28,"turns":4},{"damage":1,"enemies":"Centurion and Healer","floor":30,"turns":3},{"damage":3,"enemies":"Shelled Parasite and Fungi","floor":32,"turns":3},{"damage":39,"enemies":"DF_ARCHETYPE_CLAW","floor":33,"turns":5}],"seed_played":"634698994962064145","potions_obtained":[{"floor":2.0,"key":"LiquidMemories"},{"floor":6.0,"key":"Slimebound:SlimedPotion"},{"floor":9.0,"key":"Languid Potion"},{"floor":10.0,"key":"SpeedPotion"},{"floor":25,"key":"SkillPotion"},{"floor":26,"key":"Slimebound:SlimedPotion"},{"floor":27,"key":"PowerPotion"},{"floor":30,"key":"Milkshake"}],"is_trial":false,"path_per_floor":["R","M","M","?","M","M","T","R","E","M","?","?","R","E","M","B",null,"R","M","M","?","?","$","T","M","E","M","M","R","M","T","M","B"],"character_chosen":"SLIMEBOUND","items_purchased":["Counterbalance","Slimebound:ViciousTackle","Slimebound:HauntingLick"],"campfire_rested":0,"item_purchase_floors":[23,23,23],"current_hp_per_floor":[65,57,58,58,59,59,59,59,48,54,49,49,49,22,28,14,65,65,65,65,65,65,64,64,45,44,27,26,26,31,31,34,0,0,0],"gold":146,"neow_bonus":"THREE_CARDS","is_daily":false,"chose_seed":false,"campfire_upgraded":5,"win_rate":0.0,"timestamp":1612460689,"path_taken":["R","M","M","?","?","M","T","R","E","M","?","?","R","E","M","BOSS","R","M","M","?","?","$","T","?","E","M","M","R","M","?","M","BOSS"],"items_purchased_type":["Relic","Card","Card"],"build_version":"2020-12-22","purchased_purges":1,"victory":false,"max_hp_per_floor":[65,65,65,65,65,65,65,65,65,65,65,65,65,65,65,65,65,65,65,65,65,65,65,65,65,65,65,65,65,65,65,65,65,65,65],"card_choices":[{"not_picked":["Slimebound:Prepare","Slimebound:SplitBruiser"],"picked":"Slimebound:LevelUp","floor":0.0},{"not_picked":["Slimebound:Chomp","Slimebound:FinishingTackle"],"picked":"Slimebound:RainOfGoop","floor":2.0},{"not_picked":["Slimebound:SplitBruiser","Slimebound:FinishingTackle"],"picked":"Slimebound:ComboTackle","floor":3.0},{"not_picked":["Slimebound:ForwardTackle","Slimebound:LevelUp"],"picked":"Slimebound:LeechingTouch","floor":5.0},{"not_picked":["Slimebound:ViciousTackle","Slimebound:Repurpose"],"picked":"Slimebound:GoopSpray","floor":6.0},{"not_picked":["Slimebound:LeadByExample","Slimebound:GoopSpray"],"picked":"Slimebound:SplitMire","floor":9.0},{"not_picked":["Slimebound:FlameTackle","Slimebound:RejuvenatingLick"],"picked":"Slimebound:LeechingTouch","floor":10.0},{"not_picked":["Slimebound:LivingWall","Slimebound:ForwardTackle"],"picked":"Slimebound:SlimeSpikes","floor":11.0},{"not_picked":["Slimebound:RejuvenatingLick","Slimebound:Teamwork"],"picked":"Slimebound:SlimeSpikes","floor":14.0},{"not_picked":["Slimebound:FinishingTackle","Slimebound:ViciousTackle"],"picked":"Slimebound:Schlurp","floor":15.0},{"not_picked":["Slimebound:PrepareCrush","Slimebound:MinionMaster"],"picked":"Slimebound:WasteNot","floor":16.0},{"not_picked":["Slimebound:DisruptingSlam+1","Slimebound:Prepare"],"picked":"Slimebound:MegaLick+1","floor":19.0},{"not_picked":["Slimebound:ComboTackle","Slimebound:Chomp+1"],"picked":"Slimebound:Schlurp","floor":20.0},{"not_picked":["Slimebound:SelfFormingGoo","Slimebound:LeechingTouch"],"picked":"Slimebound:LivingWall","floor":23},{"not_picked":["Slimebound:ItLooksTasty+1","Slimebound:SlimeTap"],"picked":"Slimebound:GoopSpray+1","floor":25},{"not_picked":["Slimebound:SplitBruiser","Slimebound:Dissolve+1"],"picked":"Slimebound:Replication+1","floor":26},{"not_picked":["Slimebound:ComboTackle+1","Slimebound:SlimeBrawl+1"],"picked":"Slimebound:Schlurp","floor":27},{"not_picked":["Slimebound:SplitMire","Slimebound:LivingWall"],"picked":"Slimebound:RejuvenatingLick","floor":28},{"not_picked":["Slimebound:Teamwork","Slimebound:Prepare"],"picked":"Slimebound:ItLooksTasty+1","floor":30},{"not_picked":["Slimebound:Replication","Slimebound:RejuvenatingLick+1"],"picked":"Slimebound:GrowthPunch","floor":32}],"player_experience":131499,"relics_obtained":[{"floor":7.0,"key":"ReplayTheSpireMod:TigerMarble"},{"floor":9.0,"key":"Smiling Mask"},{"floor":11.0,"key":"Pen Nib"},{"floor":14.0,"key":"Letter Opener"},{"floor":24,"key":"Replay:Bottled Flurry"},{"floor":26,"key":"Quantum Egg"}],"event_choices":[{"damage_healed":0,"gold_gain":0,"player_choice":"Obtain J.A.X.","damage_taken":0,"max_hp_gain":0,"max_hp_loss":0,"event_name":"Drug Dealer","floor":21,"gold_loss":0,"cards_obtained":["J.A.X."]},{"damage_healed":0,"gold_gain":0,"player_choice":"Trade","damage_taken":0,"relics_obtained":["CultistMask"],"max_hp_gain":0,"max_hp_loss":0,"event_name":"FaceTrader","floor":22,"gold_loss":0}],"is_beta":false,"boss_relics":[{"not_picked":["Honey Jar","Replay:Ancient Bell"],"picked":"Cursed Key"}],"items_purged_floors":[23],"is_endless":false,"potions_floor_spawned":[2,6,9,10,25,26,27,30],"killed_by":"DF_ARCHETYPE_CLAW","ascension_level":0}}