{"host":"4eao2pkwlmv012cz","time":1612431224,"event":{"mods":["BaseMod","Colored Powertips","Minty Spire (QoL Compilation)","Permanent Neow","Quick Restart","Random Character Button","StSLib"],"gold_per_floor":[218,218,61,76,97,97,131,131,154,68,86,106,150,300,300,398,398,418,418,418],"floor_reached":19,"language":"ENG","playtime":517,"items_purged":[],"score":354,"play_id":"936d9cb7-b97a-4600-9ac9-a2d61e38c0c1","local_time":"20210204043344","is_ascension_mode":true,"campfire_choices":[{"data":"Electrodynamics","floor":6,"key":"SMITH"},{"floor":8,"key":"REST"},{"floor":15,"key":"REST"}],"circlet_count":0,"master_deck":["AscendersBane","Strike_B","Strike_B","Strike_B","Strike_B","Defend_B","Defend_B","Defend_B","Defend_B","Zap","Dualcast","Rebound","Injury","Darkness","Genetic Algorithm","Barrage","Electrodynamics+1","Melter","Capacitor","Reinforced Body","Core Surge","Auto Shields","Doubt","Rainbow","Compile Driver"],"relics":["Cracked Core","Golden Idol","Akabeko","Ancient Tea Set","MealTicket","Inserter"],"acts_visited":["Exordium","TheCity"],"potions_floor_usage":[13,16,16],"damage_taken":[{"damage":6,"enemies":"Jaw Worm","floor":1,"turns":4},{"damage":6,"enemies":"Cultist","floor":4,"turns":4},{"damage":5,"enemies":"2 Louse","floor":5,"turns":2},{"damage":32,"enemies":"Gremlin Nob","floor":7,"turns":4},{"damage":17,"enemies":"Large Slime","floor":11,"turns":5},{"damage":14,"enemies":"Gremlin Gang","floor":12,"turns":3},{"damage":1,"enemies":"3 Sentries","floor":13,"turns":3},{"damage":20,"enemies":"The Guardian","floor":16,"turns":11},{"damage":46,"enemies":"Chosen","floor":18,"turns":6},{"damage":9,"enemies":"3 Byrds","floor":19,"turns":2}],"seed_played":"-1764575449253071425","potions_obtained":[{"floor":7,"key":"Block Potion"},{"floor":11,"key":"CultistPotion"},{"floor":13,"key":"PowerPotion"},{"floor":16,"key":"PotionOfCapacity"},{"floor":18,"key":"SpeedPotion"}],"is_trial":false,"path_per_floor":["M","?","$","M","M","R","E","R","T","$","M","M","E","?","R","B",null,"M","M"],"character_chosen":"DEFECT","items_purchased":["Darkness","Genetic Algorithm","Capacitor"],"campfire_rested":2,"item_purchase_floors":[3,3,10],"current_hp_per_floor":[58,58,58,52,47,47,15,36,36,36,19,5,4,4,25,5,55,9,0,0],"gold":418,"neow_bonus":"HUNDRED_GOLD","is_daily":false,"chose_seed":false,"campfire_upgraded":1,"win_rate":0.0,"timestamp":1612431224,"path_taken":["M","?","$","M","M","R","E","R","T","$","M","M","E","?","R","BOSS","M","M"],"items_purchased_type":["Card","Card","Card"],"build_version":"2020-12-22","purchased_purges":0,"victory":false,"max_hp_per_floor":[71,71,71,71,71,71,71,71,71,71,71,71,71,71,71,71,71,71,71,71],"card_choices":[{"not_picked":["Hologram","Storm"],"picked":"Rebound","floor":1},{"not_picked":["Leap","Coolheaded"],"picked":"Barrage","floor":4},{"not_picked":["Static Discharge","Streamline"],"picked":"Electrodynamics","floor":5},{"not_picked":["Sunder","Force Field"],"picked":"Melter","floor":7},{"not_picked":["Gash","Hologram"],"picked":"Reinforced Body","floor":11},{"not_picked":["Conserve Battery","Turbo"],"picked":"Core Surge","floor":12},{"not_picked":["Redo","Leap"],"picked":"Auto Shields","floor":13},{"not_picked":["Seek","Hyperbeam"],"picked":"Rainbow","floor":16},{"not_picked":["Gash","Rebound"],"picked":"Compile Driver","floor":18}],"player_experience":2873448,"relics_obtained":[{"floor":7,"key":"Akabeko"},{"floor":9,"key":"Ancient Tea Set"},{"floor":13,"key":"MealTicket"}],"event_choices":[{"damage_healed":0,"gold_gain":0,"player_choice":"Take Wound","damage_taken":0,"relics_obtained":["Golden Idol"],"max_hp_gain":0,"max_hp_loss":0,"event_name":"Golden Idol","floor":2,"gold_loss":0,"cards_obtained":["Injury"]},{"damage_healed":0,"gold_gain":150,"player_choice":"AGREE","damage_taken":0,"max_hp_gain":0,"max_hp_loss":0,"event_name":"Liars Game","floor":14,"gold_loss":0,"cards_obtained":["Doubt"]}],"is_beta":false,"boss_relics":[{"not_picked":["Black Star","Calling Bell"],"picked":"Inserter"}],"items_purged_floors":[],"is_endless":false,"potions_floor_spawned":[7,11,13,16,18],"killed_by":"3 Byrds","ascension_level":20}}