{"host":"4mwxwqvoirj3cq7x","time":1612427132,"event":{"mods":["BaseMod","KinomotoSakuraMod(Ä¾Ö®±¾Ó£)","Minty Spire (QoL Compilation)","StSLib"],"gold_per_floor":[115,30,30,54,54,54,54,73,73,73,23,48,13,53,53,144,144,165,165,215,140,161,161,182,213,283,283,314,314,314,589,589,680,680,703,719,743,743,743,782,782,805,829,24,24,47,66,97,97,97],"floor_reached":51,"language":"ZHS","playtime":1827,"items_purged":["ClowCardTheJump","Regret"],"score":1508,"play_id":"e429ee4a-fd96-4fa0-acab-2c5d9bca2163","local_time":"20210204162532","is_ascension_mode":true,"campfire_choices":[{"data":"ClowCardTheFlower","floor":6.0,"key":"SMITH"},{"data":"ClowCardTheChange","floor":10.0,"key":"SMITH"},{"data":"ClowCardTheArrow","floor":15.0,"key":"SMITH"},{"data":"ClowCardTheFly","floor":23,"key":"SMITH"},{"data":"ClowCardTheFreeze","floor":27,"key":"SMITH"},{"data":"SpellCardSeal","floor":29,"key":"SMITH"},{"data":"ClowCardTheJump","floor":32,"key":"SMITH"},{"data":"ClowCardTheDash","floor":41,"key":"SMITH"},{"floor":45,"key":"REST"},{"data":"1","floor":49,"key":"LIFT"}],"circlet_count":0,"master_deck":["SakuraCardTheArrow+","SakuraCardTheFreeze+","SakuraCardTheSword+","AscendersBane","SpellCardSeal+1","SpellCardRelease","ClowCardTheChange+1","ClowCardTheBubbles","ClowCardTheFlower+1","ClowCardTheJump+1","ClowCardTheFly+1","ClowCardTheFloat","ClowCardTheSweet+1","ClowCardTheMove+1","ClowCardTheDash+1","ClowCardTheFreeze+","ClowCardTheLittle","ClowCardTheDash","ClowCardTheIllusion+1","ClowCardTheWatery"],"relics":["KSMOD_SealedBook","KSMOD_SealedWand","NeowsBlessing","Golden Idol","Art of War","Thread and Needle","Pandora\u0027s Box","Enchiridion","KSMOD_YukitosBentoBox","Gambling Chip","The Courier","Bottled Tornado","KSMOD_DarknessWand","Blood Vial","Potion Belt","Letter Opener","War Paint","KSMOD_SwordJade","Girya","Turnip"],"acts_visited":["Exordium","TheCity","TheBeyond"],"potions_floor_usage":[25,46,50],"damage_taken":[{"damage":0.0,"enemies":"2 Louse","floor":1.0,"turns":1.0},{"damage":0.0,"enemies":"Jaw Worm","floor":4.0,"turns":2.0},{"damage":0.0,"enemies":"Cultist","floor":8.0,"turns":1.0},{"damage":0.0,"enemies":"3 Louse","floor":12.0,"turns":2.0},{"damage":10.0,"enemies":"3 Sentries","floor":14.0,"turns":4.0},{"damage":0,"enemies":"Slime Boss","floor":16,"turns":4},{"damage":1,"enemies":"Chosen","floor":18,"turns":3},{"damage":3,"enemies":"Shell Parasite","floor":22,"turns":3},{"damage":0,"enemies":"Cultist and Chosen","floor":24,"turns":3},{"damage":1,"enemies":"Slavers","floor":25,"turns":5},{"damage":0,"enemies":"Gremlin Leader","floor":28,"turns":3},{"damage":25,"enemies":"Collector","floor":33,"turns":5},{"damage":0,"enemies":"Orb Walker","floor":35,"turns":2},{"damage":0,"enemies":"3 Darklings","floor":36,"turns":2},{"damage":6,"enemies":"Transient","floor":37,"turns":6},{"damage":26,"enemies":"Reptomancer","floor":40,"turns":5},{"damage":24,"enemies":"Sphere and 2 Shapes","floor":42,"turns":4},{"damage":22,"enemies":"Writhing Mass","floor":46,"turns":2},{"damage":0,"enemies":"Maw","floor":47,"turns":2},{"damage":0,"enemies":"Mind Bloom Boss Battle","floor":48,"turns":2},{"damage":16,"enemies":"Donu and Deca","floor":50,"turns":7}],"seed_played":"1707343596458915816","potions_obtained":[{"floor":4.0,"key":"AttackPotion"},{"floor":16,"key":"Ancient Potion"},{"floor":18,"key":"SteroidPotion"},{"floor":25,"key":"CultistPotion"},{"floor":42,"key":"DistilledChaos"},{"floor":46,"key":"Weak Potion"},{"floor":47,"key":"FairyPotion"},{"floor":48,"key":"Strength Potion"}],"is_trial":false,"path_per_floor":["M","$","?","M","?","R","?","M","T","R","$","M","?","E","R","B",null,"M","?","?","$","M","R","M","E","T","R","E","R","?","?","R","B",null,"M","M","M","?","?","E","R","M","T","$","R","M","M","?","R","B",null],"character_chosen":"KINOMOTOSAKURA","items_purchased":["ClowCardTheBubbles","ClowCardTheArrow","Letter Opener","War Paint","KSMOD_SwordJade","Girya"],"campfire_rested":1,"item_purchase_floors":[2,11,44,44,44,44],"current_hp_per_floor":[59,59,37,37,37,37,37,37,37,37,37,37,53,43,43,43,60,59,38,38,38,38,38,48,52,52,52,52,52,52,52,52,27,56,56,56,55,55,55,34,34,17,17,17,35,20,27,34,34,25],"gold":97,"neow_bonus":"THREE_ENEMY_KILL","is_daily":false,"chose_seed":false,"campfire_upgraded":8,"win_rate":0.0,"timestamp":1612427132,"path_taken":["M","$","?","M","?","R","?","M","T","R","$","?","?","E","R","BOSS","M","?","?","?","M","R","M","E","T","R","E","R","?","?","R","BOSS","M","?","M","?","?","E","R","M","T","$","R","?","M","?","R","BOSS"],"items_purchased_type":["Card","Card","Relic","Relic","Relic","Relic"],"build_version":"2020-12-22","purchased_purges":2,"victory":true,"max_hp_per_floor":[65,65,65,65,65,65,65,65,65,65,65,65,65,65,65,65,65,65,65,65,65,65,65,65,65,65,65,65,65,65,65,65,65,65,65,65,65,62,62,62,62,62,62,62,62,62,62,62,62,62],"card_choices":[{"not_picked":["ClowCardTheLock","ClowCardTheMirror"],"picked":"ClowCardTheChange","floor":1.0},{"not_picked":["ClowCardTheBubbles","ClowCardTheWindy","ClowCardTheIllusion"],"picked":"SKIP","floor":4.0},{"not_picked":["ClowCardTheFlower","ClowCardTheSong","ClowCardTheStorm"],"picked":"SKIP","floor":8.0},{"not_picked":["ClowCardThePower","ClowCardTheSand"],"picked":"ClowCardTheFly","floor":12.0},{"not_picked":["ClowCardTheChange","ClowCardTheFight"],"picked":"ClowCardTheFloat","floor":14.0},{"not_picked":["ClowCardTheThunder","ClowCardTheThrough"],"picked":"ClowCardTheCreate","floor":16},{"not_picked":["ClowCardTheGlow","ClowCardTheBubbles","ClowCardTheMist+1"],"picked":"SKIP","floor":18},{"not_picked":["ClowCardTheDream","ClowCardTheMirror"],"picked":"ClowCardTheSweet","floor":22},{"not_picked":["ClowCardTheBig","ClowCardTheDream"],"picked":"ClowCardTheMove+1","floor":24},{"not_picked":["ClowCardThePower","ClowCardTheRain"],"picked":"ClowCardTheFreeze","floor":25},{"not_picked":["ClowCardTheArrow+1","ClowCardTheLibra","ClowCardTheTime"],"picked":"SKIP","floor":28},{"not_picked":["ClowCardTheTime","ClowCardTheFight"],"picked":"ClowCardTheDash","floor":33},{"not_picked":["ClowCardTheWood+1","ClowCardTheLibra+1","ClowCardTheSweet"],"picked":"SKIP","floor":35},{"not_picked":["ClowCardTheDream","ClowCardTheMirror+1","ClowCardTheLibra"],"picked":"SKIP","floor":36},{"not_picked":["ClowCardTheCloud+1","ClowCardTheThunder","ClowCardTheFirey"],"picked":"SKIP","floor":37},{"not_picked":["ClowCardTheCloud+1","ClowCardTheThunder","ClowCardTheFirey"],"picked":"SKIP","floor":37},{"not_picked":["ClowCardTheFirey","ClowCardTheMirror","ClowCardTheSilent"],"picked":"SKIP","floor":40},{"not_picked":["ClowCardTheLibra","ClowCardTheDream"],"picked":"ClowCardTheLittle","floor":42},{"not_picked":["ClowCardTheSilent","ClowCardTheDash","ClowCardTheJump"],"picked":"SKIP","floor":46},{"not_picked":["ClowCardTheSilent","ClowCardTheJump"],"picked":"ClowCardTheDash","floor":46},{"not_picked":["ClowCardTheLock+1","ClowCardTheErase+1"],"picked":"ClowCardTheIllusion+1","floor":47},{"not_picked":["ClowCardTheCloud","ClowCardTheGlow+1"],"picked":"ClowCardTheWatery","floor":48}],"player_experience":631223,"relics_obtained":[{"floor":9.0,"key":"Art of War"},{"floor":14.0,"key":"Thread and Needle"},{"floor":19,"key":"Enchiridion"},{"floor":22,"key":"KSMOD_YukitosBentoBox"},{"floor":25,"key":"Gambling Chip"},{"floor":26,"key":"The Courier"},{"floor":28,"key":"Bottled Tornado"},{"floor":40,"key":"Blood Vial"},{"floor":43,"key":"Potion Belt"},{"floor":48,"key":"Turnip"}],"event_choices":[{"damage_healed":0.0,"max_hp_gain":0.0,"max_hp_loss":0.0,"gold_gain":0.0,"event_name":"Golden Idol","player_choice":"Take Damage","floor":3.0,"gold_loss":0.0,"damage_taken":22.0,"relics_obtained":["Golden Idol"]},{"damage_healed":0.0,"max_hp_gain":0.0,"max_hp_loss":0.0,"gold_gain":0.0,"cards_transformed":["ClowCardTheSword"],"event_name":"Living Wall","player_choice":"Change","floor":5.0,"gold_loss":0.0,"damage_taken":0.0,"cards_obtained":["ClowCardTheFlower"]},{"damage_healed":0.0,"max_hp_gain":0.0,"max_hp_loss":0.0,"gold_gain":0.0,"cards_transformed":["ClowCardTheShield"],"event_name":"Transmorgrifier","player_choice":"Transformed","floor":7.0,"gold_loss":0.0,"damage_taken":0.0,"cards_obtained":["ClowCardTheJump"]},{"damage_healed":16.0,"max_hp_gain":0.0,"max_hp_loss":0.0,"gold_gain":0.0,"event_name":"The Cleric","player_choice":"Healed","floor":13.0,"gold_loss":35.0,"damage_taken":0.0},{"damage_healed":0,"gold_gain":0,"player_choice":"Obtained Book","damage_taken":21,"max_hp_gain":0,"max_hp_loss":0,"event_name":"Cursed Tome","floor":19,"gold_loss":0},{"damage_healed":0,"gold_gain":50,"player_choice":"Stole From Cult","damage_taken":0,"max_hp_gain":0,"max_hp_loss":0,"event_name":"Nest","floor":20,"gold_loss":0},{"damage_healed":0,"gold_gain":0,"player_choice":"Ignored","damage_taken":0,"max_hp_gain":0,"max_hp_loss":0,"event_name":"Ghosts","floor":30,"gold_loss":0},{"damage_healed":0,"gold_gain":275,"player_choice":"Desecrate","damage_taken":0,"max_hp_gain":0,"max_hp_loss":0,"event_name":"Golden Shrine","floor":31,"gold_loss":0,"cards_obtained":["Regret"]},{"damage_healed":0,"gold_gain":0,"player_choice":"Max HP","damage_taken":0,"max_hp_gain":0,"max_hp_loss":3,"event_name":"Winding Halls","floor":38,"gold_loss":0},{"damage_healed":0,"gold_gain":0,"player_choice":"Copied","damage_taken":0,"max_hp_gain":0,"max_hp_loss":0,"event_name":"Duplicator","floor":39,"gold_loss":0,"cards_obtained":["ClowCardTheFreeze"]},{"damage_healed":0,"gold_gain":0,"player_choice":"Fight","damage_taken":0,"max_hp_gain":0,"max_hp_loss":0,"event_name":"MindBloom","floor":48,"gold_loss":0}],"is_beta":false,"boss_relics":[{"not_picked":["SlaversCollar","Runic Pyramid"],"picked":"Pandora\u0027s Box"},{"not_picked":["Fusion Hammer","Tiny House"],"picked":"KSMOD_DarknessWand"}],"items_purged_floors":[21,44],"is_endless":false,"potions_floor_spawned":[4,16,18,24,25,28,37,42,46,47,48],"ascension_level":17}}