{"host":"rsbhidffjle4v6w5","time":1612462512,"event":{"mods":["Act Like it!","Ascension Reborn","BaseMod","Better Note","Better Third Choice","BetterRewards","Block Reminder","Colored Map","Minty Spire (QoL Compilation)","Quick Restart","Replay The Spire","StSLib"],"gold_per_floor":[115,139,151,151,151,151,151,151,151,151,151,151,192,281,323,135,135,286,286,303,373,391,420,159,202,202,202,232,232,260,204,88,116,116,266,266,290,254,254,409,173,173,203,203,233,233,633,370,370,370,370,370,370,370,370,33,68,68],"floor_reached":59,"language":"ENG","playtime":2088,"items_purged":["Decay","ReplayTheSpireMod:Restless Dread"],"score":1655,"play_id":"2464aa11-008c-45f3-90fe-7bf0c74de850","local_time":"20210204211512","is_ascension_mode":true,"campfire_choices":[{"floor":6.0,"key":"RECALL"},{"floor":8.0,"key":"REST"},{"floor":12.0,"key":"REST"},{"floor":17.0,"key":"REST"},{"data":"Whirlwind","floor":26.0,"key":"SMITH"},{"floor":34.0,"key":"DIG"},{"data":"Bludgeon","floor":42,"key":"SMITH"},{"data":"Pommel Strike","floor":44,"key":"SMITH"},{"floor":46,"key":"REST"},{"data":"Disarm","floor":49,"key":"SMITH"},{"data":"Disarm","floor":51,"key":"SMITH"},{"floor":55,"key":"REST"}],"circlet_count":0,"master_deck":["Strike_R+1","Strike_R+1","Strike_R+1","Strike_R+2","Defend_R+2","Defend_R+2","Defend_R+1","Defend_R+2","Bash+1","AscMod:ascendersbane","Twin Strike+1","Whirlwind+1","Corruption","Havoc+1","Clothesline+1","Double Tap+1","Pommel Strike+1","Shrug It Off+1","Bludgeon+1","Shrug It Off","Disarm+1","Disarm+1","Looming Evil","Doubt","Pain","Shame","Carnage+1","Flash of Steel","Burning Pact","Feel No Pain","Headbutt+1","Decay","Writhe"],"relics":["Burning Blood","TungstenRod","Ginger","Oddly Smooth Stone","Replay:Bottled Steam","Ancient Tea Set","Quantum Egg","Mark of Pain","Chemical X","Replay:Rubber Ducky","Anchor","Dream Catcher","Omamori","Vajra","Mercury Hourglass","Cursed Key","Du-Vu Doll","Garlic","Gremlin Food","Membership Card","Potion Belt","Centennial Puzzle","Simple Rune","War Paint","Pet Ghost"],"acts_visited":["Exordium","TheCity","TheBeyond","TheEnding"],"potions_floor_usage":[52,53,57,58,58,58,58],"damage_taken":[{"damage":0.0,"enemies":"Jaw Worm","floor":1.0,"turns":4.0},{"damage":4.0,"enemies":"2 Louse","floor":2.0,"turns":2.0},{"damage":0.0,"enemies":"Cultist","floor":3.0,"turns":2.0},{"damage":76.0,"enemies":"3 Sentries","floor":13.0,"turns":17.0},{"damage":16.0,"enemies":"Lagavulin","floor":15.0,"turns":8.0},{"damage":72.0,"enemies":"Fading Forest","floor":18.0,"turns":11.0},{"damage":0.0,"enemies":"Chosen","floor":20.0,"turns":3.0},{"damage":0.0,"enemies":"3 Byrds","floor":22.0,"turns":6.0},{"damage":21.0,"enemies":"Sentry and Sphere","floor":23.0,"turns":6.0},{"damage":29.0,"enemies":"Slavers","floor":25.0,"turns":4.0},{"damage":0.0,"enemies":"Centurion and Healer","floor":30.0,"turns":4.0},{"damage":0.0,"enemies":"3 Cultists","floor":33.0,"turns":1.0},{"damage":35.0,"enemies":"Automaton","floor":35.0,"turns":7.0},{"damage":0.0,"enemies":"3 Shapes","floor":37.0,"turns":6.0},{"damage":0,"enemies":"Orb Walker","floor":43,"turns":2},{"damage":63,"enemies":"Awakened One","floor":52,"turns":10},{"damage":31,"enemies":"Time Eater","floor":53,"turns":8},{"damage":26,"enemies":"Shield and Spear","floor":57,"turns":5},{"damage":116,"enemies":"The Heart","floor":58,"turns":9}],"seed_played":"2663826676095448143","potions_obtained":[{"floor":1.0,"key":"Regen Potion"},{"floor":1.0,"key":"SkillPotion"},{"floor":2.0,"key":"ColorlessPotion"},{"floor":3.0,"key":"FearPotion"},{"floor":13.0,"key":"Dexterity Potion"},{"floor":15.0,"key":"Adrenaline Potion"},{"floor":15.0,"key":"Adrenaline Potion"},{"floor":18.0,"key":"SteroidPotion"},{"floor":20.0,"key":"SteroidPotion"},{"floor":22.0,"key":"Ancient Potion"},{"floor":23.0,"key":"GamblersBrew"},{"floor":25.0,"key":"Weak Potion"},{"floor":25.0,"key":"BloodPotion"},{"floor":30.0,"key":"Regen Potion"},{"floor":30.0,"key":"Block Potion"},{"floor":33.0,"key":"CultistPotion"},{"floor":33.0,"key":"Flashbang"},{"floor":35.0,"key":"Fire Potion"},{"floor":37.0,"key":"Fruit Juice"},{"floor":37.0,"key":"FearPotion"},{"floor":57,"key":"Ancient Potion"}],"is_trial":false,"path_per_floor":["M","M","M","?","?","R","?","R","PTL","PTL","T","R","E","T","E","$","R","B",null,"M","?","M","M","$","E","R","?","T","?","M","$","$","M","R_BF","B",null,"M","$","?","?","$","R","M","R","T","R","?","$","R","?","R","B","B",null,"R","$","E","B",null],"character_chosen":"IRONCLAD","items_purchased":["Quantum Egg","Chemical X","PowerPotion","Replay:Rubber Ducky","Vajra","Shrug It Off","Du-Vu Doll","Membership Card","Potion Belt","Centennial Puzzle","SteroidPotion","Disarm","Simple Rune","War Paint","BlessingOfTheForge","BloodPotion","Swift Potion","Flash of Steel","Burning Pact","Feel No Pain"],"campfire_rested":5,"item_purchase_floors":[16,24,24,24,32,38,41,48,48,48,48,48,56,56,56,56,56,56,56,56],"current_hp_per_floor":[93,93,93,93,93,93,70,93,93,93,93,93,25,25,17,17,55,40,98,98,98,98,85,85,91,91,91,91,91,98,98,98,98,98,78,103,108,108,103,79,79,79,87,87,87,103,103,103,103,103,103,55,39,113,113,113,95,25],"gold":68,"neow_bonus":"TEN_PERCENT_HP_BONUS","is_daily":false,"chose_seed":false,"campfire_upgraded":5,"win_rate":0.0,"timestamp":1612462512,"path_taken":["M","M","M","?","?","R","?","R","PTL","PTL","T","R","E","?","E","$","R","BOSS","M","?","?","M","$","E","R","?","T","?","M","?","$","?","R_BF","BOSS","M","$","?","?","$","R","?","R","T","R","?","?","R","?","R","BOSS","BOSS","R","$","E","BOSS"],"items_purchased_type":["Relic","Relic","Potion","Relic","Relic","Card","Relic","Relic","Relic","Relic","Potion","Card","Relic","Relic","Potion","Potion","Potion","Card","Card","Card"],"build_version":"2020-12-22","purchased_purges":2,"victory":true,"max_hp_per_floor":[93,93,93,93,93,93,93,93,93,93,93,93,93,93,93,93,93,98,98,98,98,98,98,98,98,98,98,98,98,98,98,98,98,98,103,103,108,108,103,103,103,103,103,103,103,103,103,103,103,103,103,108,113,113,113,113,113,118],"card_choices":[{"not_picked":["Flex","Thunderclap"],"picked":"Twin Strike","floor":1.0},{"not_picked":["Warcry","Wild Strike","Spot Weakness"],"picked":"SKIP","floor":2.0},{"not_picked":["Feel No Pain","Searing Blow","Thunderclap"],"picked":"SKIP","floor":3.0},{"not_picked":["Twin Strike","Heavy Blade"],"picked":"Whirlwind","floor":13.0},{"not_picked":["Burning Pact","ReplayTheSpireMod:Muscle Training","Searing Blow"],"picked":"SKIP","floor":15.0},{"not_picked":["Berserk","Feed"],"picked":"Corruption","floor":18.0},{"not_picked":["Feel No Pain","Infernal Blade"],"picked":"ReplayTheSpireMod:Stacked","floor":20.0},{"not_picked":["Clash+1","Anger","Intimidate"],"picked":"SKIP","floor":22.0},{"not_picked":["Wild Strike+1","Twin Strike"],"picked":"Havoc+1","floor":23.0},{"not_picked":["Perfected Strike","Cleave+1","ReplayTheSpireMod:Corrosion Curse"],"picked":"SKIP","floor":25.0},{"not_picked":["Second Wind","Abandon+1"],"picked":"Clothesline+1","floor":30.0},{"not_picked":["True Grit","Body Slam","Flex"],"picked":"SKIP","floor":33.0},{"not_picked":["Hemogenesis","Barricade"],"picked":"Double Tap","floor":35.0},{"not_picked":["Perfected Strike+1","Metallicize"],"picked":"Pommel Strike","floor":37.0},{"not_picked":["Sword Boomerang","Heavy Blade"],"picked":"Bludgeon","floor":40},{"not_picked":["Thunderclap","Heavy Blade"],"picked":"Shrug It Off","floor":43},{"not_picked":["Entrench+1","Blood for Blood"],"picked":"Carnage+1","floor":55},{"not_picked":["Havoc","Flex"],"picked":"Headbutt+1","floor":57}],"player_experience":1119096,"relics_obtained":[{"floor":11.0,"key":"TungstenRod"},{"floor":13.0,"key":"Ginger"},{"floor":14.0,"key":"Oddly Smooth Stone"},{"floor":14.0,"key":"Replay:Bottled Steam"},{"floor":15.0,"key":"Ancient Tea Set"},{"floor":25.0,"key":"Anchor"},{"floor":28.0,"key":"Dream Catcher"},{"floor":28.0,"key":"Omamori"},{"floor":34.0,"key":"Mercury Hourglass"},{"floor":45,"key":"Garlic"},{"floor":45,"key":"Gremlin Food"},{"floor":57,"key":"Pet Ghost"}],"event_choices":[{"damage_healed":93.0,"max_hp_gain":0.0,"max_hp_loss":93.0,"gold_gain":0.0,"event_name":"betterThird:BetterShining","player_choice":"Leave","floor":5.0,"gold_loss":0.0,"damage_taken":0.0},{"damage_healed":0.0,"max_hp_gain":0.0,"max_hp_loss":0.0,"gold_gain":0.0,"event_name":"Golden Idol","player_choice":"Take Damage","floor":7.0,"gold_loss":0.0,"damage_taken":23.0,"relics_obtained":["Golden Idol"]},{"damage_healed":0.0,"max_hp_gain":0.0,"max_hp_loss":0.0,"gold_gain":100.0,"event_name":"The Joust","player_choice":"Bet on Murderer","floor":21.0,"gold_loss":50.0,"damage_taken":0.0},{"damage_healed":0.0,"max_hp_gain":0.0,"max_hp_loss":0.0,"gold_gain":0.0,"event_name":"Forgotten Altar","player_choice":"Smashed Altar","floor":27.0,"gold_loss":0.0,"damage_taken":0.0,"cards_obtained":["Decay"]},{"damage_healed":0.0,"max_hp_gain":0.0,"max_hp_loss":5.0,"gold_gain":0.0,"event_name":"Winding Halls","player_choice":"Max HP","floor":39.0,"gold_loss":0.0,"damage_taken":0.0},{"damage_healed":0,"gold_gain":333,"player_choice":"Gave Idol","damage_taken":0,"max_hp_gain":0,"max_hp_loss":0,"event_name":"The Moai Head","floor":47,"relics_lost":["Golden Idol"],"gold_loss":0},{"cards_removed":["ReplayTheSpireMod:Stacked"],"damage_healed":0,"gold_gain":0,"player_choice":"Removed Skill","damage_taken":0,"max_hp_gain":0,"max_hp_loss":0,"event_name":"Falling","floor":50,"gold_loss":0}],"is_beta":false,"boss_relics":[{"not_picked":["GraspOfShadows"],"picked":"Accursed"},{"not_picked":["GraspOfShadows"],"picked":"Accursed"},{"not_picked":["Runic Pyramid","Abe\u0027s Treasure"],"picked":"Mark of Pain"},{"not_picked":["GraspOfShadows"],"picked":"Scatterbrain"},{"not_picked":["GraspOfShadows"],"picked":"Scatterbrain"},{"not_picked":["Electric Blood","Replay:Ancient Bell"],"picked":"Cursed Key"}],"items_purged_floors":[31,56],"is_endless":false,"potions_floor_spawned":[1,3,15,18,25,30,33,37],"ascension_level":0}}