{"host":"ufpbcvppfed80z13","time":1612400236,"event":{"mods":["BaseMod","Minty Spire (QoL Compilation)","Replay The Spire","StSLib"],"gold_per_floor":[115,115,322,346,362,362,396,396,422,422,433,448,468,481,481,582,582,594,614,10,10,10,10,29,29,29,29,46,46,46],"floor_reached":29,"language":"ENG","playtime":1022,"items_purged":["Regret"],"score":363,"play_id":"3250ac20-1282-470d-adf3-def97cba81c9","local_time":"20210204005716","is_ascension_mode":true,"campfire_choices":[{"data":"Brutality","floor":6,"key":"SMITH"},{"data":"Spot Weakness","floor":8,"key":"SMITH"},{"data":"Perfected Strike","floor":10,"key":"SMITH"},{"data":"Demonic Infusion","floor":23,"key":"SMITH"},{"data":"Eclipse","floor":25,"key":"SMITH"}],"circlet_count":0,"master_deck":["Strike_R","Strike_R","Strike_R","Strike_R","Strike_R","Defend_R","Defend_R","Defend_R","Defend_R","Bash+1","Burning Pact","Perfected Strike+1","Brutality+1","Spot Weakness+1","Iron Wave","ReplayTheSpireMod:Strike From Hell","ReplayTheSpireMod:Stacked+1","ReplayTheSpireMod:Stacked","Demonic Infusion+1","CurseOfTheBell","Sword Boomerang","Run Through","Feel No Pain","Seeing Red","ReplayTheSpireMod:Limb From Limb","Havoc","Cleave","Shame","Eclipse+1","Havoc+1"],"relics":["Burning Blood","NeowsBlessing","Boot","ReplayTheSpireMod:Ninjato","Dream Catcher","Calling Bell","Tiny Chest","Shuriken","Torii","ReplayTheSpireMod:CursedCoin","Blood Vial","Oddly Smooth Stone","ReplayTheSpireMod:Lightbulb","Replay:Bottled Flurry","MealTicket"],"acts_visited":["Exordium","TheCity"],"potions_floor_usage":[11,12,28,29],"damage_taken":[{"damage":0,"enemies":"Small Slimes","floor":1,"turns":1},{"damage":0,"enemies":"Jaw Worm","floor":5,"turns":1},{"damage":0,"enemies":"Gremlin Nob","floor":7,"turns":1},{"damage":3,"enemies":"2 Louse","floor":11,"turns":2},{"damage":24,"enemies":"Exordium Thugs","floor":12,"turns":3},{"damage":11,"enemies":"Red Slaver","floor":13,"turns":3},{"damage":14,"enemies":"Looter","floor":14,"turns":3},{"damage":45,"enemies":"Fading Forest","floor":16,"turns":11},{"damage":18,"enemies":"Spheric Guardian","floor":18,"turns":5},{"damage":16,"enemies":"Chosen","floor":19,"turns":4},{"damage":64,"enemies":"Shelled Parasite and Fungi","floor":24,"turns":7},{"damage":15,"enemies":"3 Cultists","floor":28,"turns":4},{"damage":49,"enemies":"Gremlin Leader","floor":29,"turns":5}],"seed_played":"2295510202384730979","potions_obtained":[{"floor":5,"key":"Energy Potion"},{"floor":11,"key":"Fire Potion"},{"floor":13,"key":"Weak Potion"},{"floor":14,"key":"SpeedPotion"},{"floor":18,"key":"PowerPotion"}],"is_trial":false,"path_per_floor":["M","?","?","T","M","R","E","R","T","R","M","M","M","M","R","B",null,"M","M","$","?","T","R","M","R","T","$","M","E"],"character_chosen":"IRONCLAD","items_purchased":["ReplayTheSpireMod:CursedCoin","Blood Vial","Oddly Smooth Stone","Feel No Pain","Seeing Red","ReplayTheSpireMod:Limb From Limb","Havoc","FairyPotion","Cleave"],"campfire_rested":0,"item_purchase_floors":[20,20,20,20,20,20,20,20,20],"current_hp_per_floor":[78,78,78,78,80,80,80,80,80,80,80,62,57,49,73,44,71,59,49,49,49,49,49,29,29,29,44,37,0,0],"gold":46,"neow_bonus":"THREE_ENEMY_KILL","is_daily":false,"chose_seed":false,"campfire_upgraded":5,"win_rate":0.0,"timestamp":1612400236,"path_taken":["M","?","?","?","M","R","E","R","T","R","?","M","M","M","R","BOSS","M","M","$","?","?","R","M","R","T","$","M","E"],"items_purchased_type":["Relic","Relic","Relic","Card","Card","Card","Card","Potion","Card"],"build_version":"2020-12-22","purchased_purges":1,"victory":false,"max_hp_per_floor":[80,80,80,80,80,80,80,80,80,80,80,80,80,80,80,80,80,80,80,80,80,80,80,80,80,80,80,80,80,80],"card_choices":[{"not_picked":["Havoc","Flex"],"picked":"Burning Pact","floor":1},{"not_picked":["Havoc","Power Through"],"picked":"Perfected Strike","floor":3},{"not_picked":["Anger","Warcry"],"picked":"Brutality","floor":5},{"not_picked":["Heavy Blade","Rupture"],"picked":"Spot Weakness","floor":7},{"not_picked":["Run Through","Flex"],"picked":"Iron Wave","floor":11},{"not_picked":["Dual Wield","Fire Breathing","Dark Embrace"],"picked":"SKIP","floor":12},{"not_picked":["Clothesline","Second Wind"],"picked":"ReplayTheSpireMod:Strike From Hell","floor":13},{"not_picked":["Anger","Searing Blow"],"picked":"ReplayTheSpireMod:Stacked","floor":14},{"not_picked":["Thunderclap","Heavy Blade"],"picked":"ReplayTheSpireMod:Stacked","floor":15},{"not_picked":["Double Tap","Exhume"],"picked":"Demonic Infusion","floor":16},{"not_picked":["ReplayTheSpireMod:Strike From Hell","Warcry+1"],"picked":"Sword Boomerang","floor":18},{"not_picked":["Heavy Blade","Havoc"],"picked":"Run Through","floor":19},{"not_picked":["ReplayTheSpireMod:Strike From Hell","True Grit+1"],"picked":"Eclipse","floor":24},{"not_picked":["Pommel Strike","Run Through"],"picked":"Havoc+1","floor":28}],"player_experience":102638,"relics_obtained":[{"floor":4,"key":"Boot"},{"floor":7,"key":"ReplayTheSpireMod:Ninjato"},{"floor":9,"key":"Dream Catcher"},{"floor":17,"key":"Tiny Chest"},{"floor":17,"key":"Shuriken"},{"floor":17,"key":"Torii"},{"floor":22,"key":"Replay:Bottled Flurry"},{"floor":26,"key":"MealTicket"}],"event_choices":[{"damage_healed":0,"gold_gain":0,"player_choice":"Grow","damage_taken":0,"max_hp_gain":0,"max_hp_loss":0,"event_name":"Living Wall","floor":2,"gold_loss":0,"cards_upgraded":["Bash"]},{"damage_healed":0,"gold_gain":0,"player_choice":"Stole Relic","damage_taken":0,"relics_obtained":["ReplayTheSpireMod:Lightbulb"],"max_hp_gain":0,"max_hp_loss":0,"event_name":"Addict","floor":21,"gold_loss":0,"cards_obtained":["Shame"]}],"is_beta":false,"boss_relics":[{"not_picked":["Replay:Drink Me","Runic Dome"],"picked":"Calling Bell"}],"items_purged_floors":[20],"is_endless":false,"potions_floor_spawned":[5,11,13,14,18,19],"killed_by":"Gremlin Leader","ascension_level":9}}