{"host":"f5gffvlv6a66yqkd","time":1612438317,"event":{"mods":["2.2 Compatiblity","BaseMod","Colored Map","Custom Start","DeckTracker","Keyboard Shortcuts","Minty Spire (QoL Compilation)","Permanent Neow","Quick Restart","Relic Stats","StSLib","SuperFastMode"],"gold_per_floor":[118,135,149,149,164,164,194,213,213,213,223,255,255,289,289,366,366,386,396,412,428,446,446,446,446],"floor_reached":24,"language":"KOR","playtime":876,"items_purged":[],"score":544,"play_id":"1e0138ab-4220-4fd7-bb76-df4b8fb6f60e","local_time":"20210204203157","is_ascension_mode":true,"campfire_choices":[{"data":"Eruption","floor":6.0,"key":"SMITH"},{"data":"CrushJoints","floor":10.0,"key":"SMITH"},{"data":"WheelKick","floor":13.0,"key":"SMITH"},{"data":"EmptyFist","floor":15.0,"key":"SMITH"},{"data":"Ragnarok","floor":23,"key":"SMITH"}],"circlet_count":0,"master_deck":["AscendersBane","Strike_P","Strike_P","Strike_P","Strike_P","Defend_P","Defend_P","Defend_P","Eruption+1","Vigilance","Vault","CrushJoints+1","FollowUp","DeusExMachina","CutThroughFate","EmptyFist+1","WheelKick+1","Halt","EmptyBody","Ragnarok+1"],"relics":["PureWater","Akabeko","Kunai","Pantograph","Omamori","Coffee Dripper"],"acts_visited":["Exordium","TheCity"],"potions_floor_usage":[24],"damage_taken":[{"damage":5.0,"enemies":"2 Louse","floor":1.0,"turns":4.0},{"damage":0.0,"enemies":"Cultist","floor":2.0,"turns":2.0},{"damage":0.0,"enemies":"Jaw Worm","floor":3.0,"turns":4.0},{"damage":8.0,"enemies":"Blue Slaver","floor":5.0,"turns":4.0},{"damage":7.0,"enemies":"Lagavulin","floor":7.0,"turns":5.0},{"damage":1.0,"enemies":"Lots of Slimes","floor":8.0,"turns":3.0},{"damage":0.0,"enemies":"2 Fungi Beasts","floor":11.0,"turns":3.0},{"damage":0.0,"enemies":"Gremlin Nob","floor":12.0,"turns":3.0},{"damage":0.0,"enemies":"Lagavulin","floor":14.0,"turns":2.0},{"damage":24.0,"enemies":"Hexaghost","floor":16.0,"turns":4.0},{"damage":0.0,"enemies":"Chosen","floor":18.0,"turns":3.0},{"damage":0.0,"enemies":"Shell Parasite","floor":19.0,"turns":1.0},{"damage":0.0,"enemies":"Snecko","floor":20.0,"turns":3.0},{"damage":14.0,"enemies":"Centurion and Healer","floor":21.0,"turns":5.0},{"damage":22,"enemies":"Snake Plant","floor":22,"turns":4},{"damage":42,"enemies":"Gremlin Leader","floor":24,"turns":6}],"seed_played":"-2264406276301902277","potions_obtained":[{"floor":3.0,"key":"Energy Potion"},{"floor":5.0,"key":"Swift Potion"},{"floor":7.0,"key":"Swift Potion"},{"floor":8.0,"key":"SpeedPotion"},{"floor":14.0,"key":"Regen Potion"},{"floor":16.0,"key":"Block Potion"}],"is_trial":false,"path_per_floor":["M","M","M","?","M","R","E","M","T","R","M","E","R","E","R","B",null,"M","M","M","M","M","R","E"],"character_chosen":"WATCHER","items_purchased":[],"campfire_rested":0,"item_purchase_floors":[],"current_hp_per_floor":[38,38,38,38,30,30,23,22,22,22,22,22,22,22,22,23,57,57,57,57,43,21,21,0,0],"gold":446,"neow_bonus":"THREE_RARE_CARDS","is_daily":false,"chose_seed":false,"campfire_upgraded":5,"win_rate":0.0,"timestamp":1612438317,"path_taken":["M","M","M","?","M","R","E","M","T","R","M","E","R","E","R","BOSS","BOSS","M","?","M","M","M","R","E"],"items_purchased_type":[],"build_version":"2020-12-22","purchased_purges":0,"victory":false,"max_hp_per_floor":[68,68,68,68,68,68,68,68,68,68,68,68,68,68,68,68,68,68,68,68,68,68,68,68,68],"relic_stats":{"counters":[16,56],"Pantograph":25,"Kunai":[21],"obtain_stats":[{"Pantograph":12,"Omamori":14,"Coffee Dripper":17,"Kunai":9,"PureWater":0,"Akabeko":7},{"Pantograph":8,"Omamori":9,"Coffee Dripper":10,"Kunai":6,"PureWater":0,"Akabeko":5},{"Pantograph":28,"Omamori":30,"Coffee Dripper":34,"Kunai":22,"PureWater":0,"Akabeko":19}]},"card_choices":[{"not_picked":["Alpha","Scrawl"],"picked":"Vault","floor":0.0},{"not_picked":["Sanctity","ThirdEye"],"picked":"CrushJoints","floor":1.0},{"not_picked":["DeceiveReality","Crescendo"],"picked":"FollowUp","floor":2.0},{"not_picked":["Worship","Halt"],"picked":"DeusExMachina","floor":3.0},{"not_picked":["SandsOfTime","ThirdEye"],"picked":"CutThroughFate","floor":5.0},{"not_picked":["Collect","CutThroughFate","Pray"],"picked":"SKIP","floor":7.0},{"not_picked":["FlyingSleeves","CarveReality"],"picked":"EmptyFist","floor":8.0},{"not_picked":["JustLucky","Crescendo","Evaluate"],"picked":"SKIP","floor":11.0},{"not_picked":["ClearTheMind","ThirdEye"],"picked":"WheelKick","floor":12.0},{"not_picked":["SandsOfTime","Indignation","Wireheading"],"picked":"SKIP","floor":14.0},{"not_picked":["SandsOfTime","Indignation","Wireheading"],"picked":"SKIP","floor":14.0},{"not_picked":["FollowUp","PathToVictory","BowlingBash"],"picked":"SKIP","floor":18.0},{"not_picked":["Pray","SashWhip"],"picked":"Halt","floor":19.0},{"not_picked":["DeceiveReality","WheelKick","ReachHeaven"],"picked":"SKIP","floor":20.0},{"not_picked":["Protect","EmptyMind"],"picked":"EmptyBody","floor":21.0},{"not_picked":["DeceiveReality","FlurryOfBlows"],"picked":"Ragnarok","floor":22}],"player_experience":1637402,"relics_obtained":[{"floor":7.0,"key":"Akabeko"},{"floor":9.0,"key":"Kunai"},{"floor":12.0,"key":"Pantograph"},{"floor":14.0,"key":"Omamori"}],"event_choices":[{"cards_removed":["Defend_P"],"damage_healed":0.0,"max_hp_gain":0.0,"max_hp_loss":0.0,"gold_gain":0.0,"event_name":"Purifier","player_choice":"Purged","floor":4.0,"gold_loss":0.0,"damage_taken":0.0}],"is_beta":false,"boss_relics":[{"not_picked":["Velvet Choker","Runic Dome"],"picked":"Coffee Dripper"}],"items_purged_floors":[],"is_endless":false,"potions_floor_spawned":[3,5,7,8,14,16,18,20],"killed_by":"Gremlin Leader","ascension_level":20}}