{"host":"syozzdlzcqop4jia","time":1612401515,"event":{"mods":["BaseMod","Colored Map","Colored Powertips","Minty Spire (QoL Compilation)","Quick Restart"],"gold_per_floor":[119,133,150,150,168,200,72,72,72,85,85,85,104,119,119,215,215,233,81,81,95,107,107,123,123,148,167,167,186,186,186],"floor_reached":30,"language":"ENG","playtime":1759,"items_purged":["Defend_R"],"score":295,"play_id":"bb6880c3-b08b-4942-8649-ee84baa590f9","local_time":"20210204021835","is_ascension_mode":true,"campfire_choices":[{"floor":8,"key":"REST"},{"data":"Spot Weakness","floor":12,"key":"SMITH"},{"data":"Twin Strike","floor":15,"key":"SMITH"},{"floor":23,"key":"REST"},{"floor":25,"key":"REST"}],"circlet_count":0,"master_deck":["Strike_R","Strike_R","Strike_R","Strike_R","Strike_R","Defend_R","Defend_R","Defend_R","Bash","Spot Weakness+1","Shrug It Off","Rage","Bash","Anger","Pommel Strike","Pommel Strike+1","Twin Strike+1","Cleave","Demon Form","Twin Strike","Inflame","Anger","Twin Strike","Shame","Anger+1","Clothesline","Uppercut"],"relics":["Burning Blood","Potion Belt","Sundial","Cursed Key","Nunchaku","HornCleat","PreservedInsect"],"acts_visited":["Exordium","TheCity"],"potions_floor_usage":[6,22],"damage_taken":[{"damage":0,"enemies":"Small Slimes","floor":1,"turns":3},{"damage":7,"enemies":"Cultist","floor":2,"turns":5},{"damage":2,"enemies":"Jaw Worm","floor":3,"turns":6},{"damage":3,"enemies":"Looter","floor":5,"turns":4},{"damage":32,"enemies":"Gremlin Nob","floor":6,"turns":5},{"damage":20,"enemies":"Lots of Slimes","floor":10,"turns":4},{"damage":12,"enemies":"Large Slime","floor":13,"turns":4},{"damage":1,"enemies":"Exordium Thugs","floor":14,"turns":4},{"damage":27,"enemies":"Slime Boss","floor":16,"turns":9},{"damage":7,"enemies":"Chosen","floor":18,"turns":4},{"damage":12,"enemies":"2 Thieves","floor":21,"turns":3},{"damage":19,"enemies":"Snake Plant","floor":22,"turns":4},{"damage":51,"enemies":"Snecko","floor":24,"turns":6},{"damage":17,"enemies":"Centurion and Healer","floor":27,"turns":3},{"damage":21,"enemies":"Snake Plant","floor":29,"turns":5},{"damage":30,"enemies":"Cultist and Chosen","floor":30,"turns":5}],"seed_played":"1331761801057485182","potions_obtained":[{"floor":1,"key":"BlessingOfTheForge"},{"floor":3,"key":"Block Potion"},{"floor":10,"key":"SteroidPotion"},{"floor":13,"key":"Block Potion"},{"floor":16,"key":"FearPotion"},{"floor":21,"key":"ElixirPotion"},{"floor":24,"key":"CultistPotion"}],"is_trial":false,"path_per_floor":["M","M","M","?","M","E","$","R","T","M","?","R","M","M","R","B",null,"M","$","?","M","M","R","M","R","T","M","?","M","M"],"character_chosen":"IRONCLAD","items_purchased":["Pommel Strike","Nunchaku"],"campfire_rested":3,"item_purchase_floors":[7,19],"current_hp_per_floor":[80,79,80,80,80,54,54,78,78,64,64,64,58,63,63,42,71,70,70,70,64,51,75,30,54,54,43,43,28,0,0],"gold":186,"neow_bonus":"THREE_CARDS","is_daily":false,"chose_seed":false,"campfire_upgraded":2,"win_rate":0.0,"timestamp":1612401515,"path_taken":["M","M","M","?","M","E","?","R","T","M","?","R","M","M","R","BOSS","M","$","?","M","M","R","M","R","T","M","?","M","M"],"items_purchased_type":["Card","Relic"],"build_version":"2020-12-22","purchased_purges":1,"victory":false,"max_hp_per_floor":[80,80,80,80,80,80,80,80,80,80,80,80,80,80,80,80,80,80,80,80,80,80,80,80,80,80,80,80,80,80,80],"card_choices":[{"not_picked":["Iron Wave","Searing Blow"],"picked":"Spot Weakness","floor":0},{"not_picked":["Dark Embrace","Uppercut"],"picked":"Shrug It Off","floor":1},{"not_picked":["Searing Blow","Hemokinesis"],"picked":"Rage","floor":2},{"not_picked":["Evolve","Body Slam","Bloodletting"],"picked":"SKIP","floor":3},{"not_picked":["Thunderclap","Body Slam","Whirlwind"],"picked":"SKIP","floor":5},{"not_picked":["Headbutt","Cleave"],"picked":"Anger","floor":6},{"not_picked":["Clash","Headbutt"],"picked":"Pommel Strike","floor":10},{"not_picked":["Dropkick","Seeing Red"],"picked":"Twin Strike","floor":13},{"not_picked":["Body Slam","Havoc"],"picked":"Cleave","floor":14},{"not_picked":["Feed","Double Tap"],"picked":"Demon Form","floor":16},{"not_picked":["Armaments+1","Warcry"],"picked":"Twin Strike","floor":18},{"not_picked":["Flex","Twin Strike"],"picked":"Inflame","floor":21},{"not_picked":["Clash","Ghostly Armor"],"picked":"Anger","floor":22},{"not_picked":["Warcry","Juggernaut"],"picked":"Twin Strike","floor":24},{"not_picked":["Perfected Strike","Fire Breathing"],"picked":"Anger+1","floor":27},{"not_picked":["Headbutt","Clash"],"picked":"Uppercut","floor":29}],"player_experience":527350,"relics_obtained":[{"floor":6,"key":"Potion Belt"},{"floor":9,"key":"Sundial"},{"floor":26,"key":"PreservedInsect"}],"event_choices":[{"damage_healed":0,"gold_gain":0,"player_choice":"1 cards matched","damage_taken":0,"max_hp_gain":0,"max_hp_loss":0,"event_name":"Match and Keep!","floor":4,"gold_loss":0,"cards_obtained":["Bash"]},{"damage_healed":0,"gold_gain":0,"player_choice":"Grow","damage_taken":0,"max_hp_gain":0,"max_hp_loss":0,"event_name":"Living Wall","floor":11,"gold_loss":0,"cards_upgraded":["Pommel Strike"]},{"damage_healed":0,"gold_gain":0,"player_choice":"Opened","damage_taken":0,"relics_obtained":["HornCleat"],"max_hp_gain":0,"max_hp_loss":0,"event_name":"The Mausoleum","floor":20,"gold_loss":0},{"damage_healed":0,"gold_gain":0,"player_choice":"1 cards matched","damage_taken":0,"max_hp_gain":0,"max_hp_loss":0,"event_name":"Match and Keep!","floor":28,"gold_loss":0,"cards_obtained":["Clothesline"]}],"is_beta":false,"boss_relics":[{"not_picked":["Black Blood","Coffee Dripper"],"picked":"Cursed Key"}],"items_purged_floors":[7],"is_endless":false,"potions_floor_spawned":[1,3,10,13,16,21,24,29],"killed_by":"Cultist and Chosen","ascension_level":5}}