{"host":"j4tm1fhkymdbe3p9","time":1612417612,"event":{"mods":["A Magickal Journey","BaseMod","Better Third Choice","BetterRewards","Chen","Downfall","Hermit","Hubris","Infinite Spire","Koishi","Luminous","Marisa????????","Mimic Mod","Minty Spire (QoL Compilation)","Reimu??????","Remilia??????","Replay The Spire","Shade Mod","Shop Mod","StSLib","The Administrix","The Animator","The Blackbeard","The Bladedancer","The Construct","The Cursed","The Disciple","The Druid","The Exalted","The Gatherer","The Hierophant","The Mystic","The Necromancer","The Runesmith","The Servant 0.9.4","The Spell Scribe","TheSwordswoman","??????REMEMod"],"gold_per_floor":[116,116,129,129,145,176,176,176,201,234,257,257,281,304,304,423,423,436,436,436,447,447,447,464,490,490,490,501,519,369,388,388,510,510,559,611,611,663,722,801,569,569,569,640,692,692,749,812,812,812],"floor_reached":51,"language":"ENG","playtime":4663,"items_purged":["Strike_R"],"score":616,"play_id":"51bb5cc6-8d98-42d9-803f-0666901b7a1a","local_time":"20210204004652","is_ascension_mode":false,"campfire_choices":[{"floor":8,"key":"REST"},{"floor":12,"key":"REST"},{"floor":15,"key":"REST"},{"floor":23,"key":"REST"},{"floor":27,"key":"REST"},{"floor":32,"key":"REST"},{"data":"Havoc","floor":42,"key":"SMITH"},{"data":"REME_TheLastStrike","floor":49,"key":"SMITH"}],"circlet_count":0,"master_deck":["Defend_R+1","Defend_R","Defend_R+1","Defend_R","Bash","ReplayTheSpireMod:Speed Training","Offering","Flame Barrier","True Grit","Massacre+1","True Grit","Shrug It Off","Replay:Undeath\u0027s Touch","Havoc+1","Replay:Many Hands","Shrug It Off","Fiend Fire","Wild Strike+1","Battle Trance+1","Abandon+1","Burning Pact","REME_SingleHolding","Disarm+1","Abandon+1","Second Wind","Demon Form+1","REME_TheLastStrike+1","Havoc+1","Sentinel+1","Pommel Strike+1","True Grit+1","Inflame+1","Seeing Red"],"relics":["Burning Blood","REME_ComplimentaryCards","Blood Vial","Bloody Idol","infinitespire:Beetle Shell","Dead Branch","Astrolabe","Gremlin Food","hubris:BottledRain","infinitespire:EvilPickle","ChewingGum","Another Sword","infinitespire:Broken Mirror","REME_CardOfGreed","hubris:64BitClover","Anchor"],"acts_visited":["Exordium","TheCity","TheBeyond"],"potions_floor_usage":[10,16,25,33,33,35,39,40,50],"damage_taken":[{"damage":7,"enemies":"2 Louse","floor":1,"turns":3},{"damage":6,"enemies":"Cultist","floor":3,"turns":4},{"damage":15,"enemies":"Small Slimes","floor":5,"turns":5},{"damage":19,"enemies":"Replay:BlueRogue","floor":6,"turns":10},{"damage":40,"enemies":"Gremlin Nob","floor":10,"turns":5},{"damage":11,"enemies":"2 Fungi Beasts","floor":11,"turns":7},{"damage":12,"enemies":"Looter","floor":13,"turns":4},{"damage":20,"enemies":"Lots of Slimes","floor":14,"turns":6},{"damage":21,"enemies":"Slime Boss","floor":16,"turns":9},{"damage":32,"enemies":"2 Thieves","floor":18,"turns":3},{"damage":18,"enemies":"Shell Parasite","floor":21,"turns":3},{"damage":24,"enemies":"Shelled Parasite and Fungi","floor":24,"turns":3},{"damage":20,"enemies":"Book of Stabbing","floor":25,"turns":6},{"damage":30,"enemies":"Centurion and Healer","floor":28,"turns":5},{"damage":24,"enemies":"3 Cultists","floor":29,"turns":5},{"damage":6,"enemies":"Snake Plant","floor":31,"turns":1},{"damage":41,"enemies":"Pondfish","floor":33,"turns":5},{"damage":6,"enemies":"Orb Walker","floor":35,"turns":2},{"damage":18,"enemies":"2 Orb Walkers","floor":36,"turns":3},{"damage":6,"enemies":"3 Shapes","floor":38,"turns":3},{"damage":6,"enemies":"Sphere and 2 Shapes","floor":39,"turns":3},{"damage":12,"enemies":"Reptomancer","floor":40,"turns":2},{"damage":12,"enemies":"Giant Head","floor":44,"turns":2},{"damage":25,"enemies":"Transient","floor":45,"turns":2},{"damage":10,"enemies":"4 Shapes","floor":47,"turns":2},{"damage":7,"enemies":"3 Darklings","floor":48,"turns":2},{"damage":35,"enemies":"Replay:Hell Engine","floor":50,"turns":6}],"seed_played":"-4709129312116270114","potions_obtained":[{"floor":1,"key":"FearPotion"},{"floor":3,"key":"Adrenaline Potion"},{"floor":13,"key":"SteroidPotion"},{"floor":14,"key":"Strength Potion"},{"floor":16,"key":"REME_GoldPotion"},{"floor":24,"key":"Weak Potion"},{"floor":29,"key":"SkillPotion"},{"floor":33,"key":"Adrenaline Potion"},{"floor":35,"key":"Block Potion"},{"floor":36,"key":"Elixir"},{"floor":40,"key":"Weak Potion"},{"floor":47,"key":"FearPotion"}],"is_trial":false,"path_per_floor":["M","?","M","?","M","E","?","R","T","E","M","R","M","M","R","B",null,"M","?","?","M","?","R","M","E","T","R","M","M","$","M","R","B",null,"M","?","?","M","M","E","$","R","T","E","M","?","M","M","R","B",null],"character_chosen":"IRONCLAD","items_purchased":["Demon Form","REME_CardOfGreed"],"campfire_rested":6,"item_purchase_floors":[30,41],"current_hp_per_floor":[71,71,71,71,62,49,31,52,52,20,17,38,34,22,43,30,72,46,46,46,41,41,62,51,44,44,65,48,37,37,44,65,44,74,74,67,67,74,74,74,74,74,74,74,65,65,73,74,74,45],"gold":812,"neow_bonus":"THREE_RARE_CARDS","is_daily":false,"chose_seed":false,"campfire_upgraded":2,"win_rate":0.0,"timestamp":1612417612,"path_taken":["M","?","?","?","M","E","?","R","T","E","M","R","M","M","R","BOSS","M","?","?","M","?","R","?","E","T","R","M","?","$","M","R","BOSS","M","?","?","?","M","E","$","R","T","E","M","?","M","M","R","BOSS"],"items_purchased_type":["Card","Relic"],"build_version":"2020-12-22","purchased_purges":1,"victory":true,"max_hp_per_floor":[72,72,72,72,72,72,72,72,72,72,72,72,72,72,72,72,72,72,72,72,72,72,72,72,72,72,72,72,72,72,72,72,74,74,74,74,74,74,74,74,74,74,74,74,74,74,74,74,74,74],"card_choices":[{"not_picked":["Berserk","Exhume"],"picked":"Offering","floor":0},{"not_picked":["Shrug It Off","Warcry"],"picked":"Flame Barrier","floor":1},{"not_picked":["Intimidate","Clash"],"picked":"True Grit","floor":3},{"not_picked":["Second Wind","Battle Trance"],"picked":"True Grit","floor":5},{"not_picked":["Flex","Ghostly Armor"],"picked":"Shrug It Off","floor":6},{"not_picked":["Cleave","Anger"],"picked":"Replay:Undeath\u0027s Touch","floor":10},{"not_picked":["hubris:CleavingFinish","REME_Scribble"],"picked":"Havoc","floor":11},{"not_picked":["Body Slam","Carnage"],"picked":"Replay:Many Hands","floor":13},{"not_picked":["Clash","True Grit"],"picked":"Shrug It Off","floor":14},{"not_picked":["Exhume","REME_TheLastStrike"],"picked":"Fiend Fire","floor":16},{"not_picked":["REME_Scribble","Thunderclap+1"],"picked":"Burning Pact","floor":18},{"not_picked":["Sentinel","Heavy Blade+1"],"picked":"REME_SingleHolding","floor":21},{"not_picked":["Sword Boomerang","Thunderclap+1","Clash+1"],"picked":"SKIP","floor":24},{"not_picked":["Heavy Blade","Wild Strike+1"],"picked":"Disarm+1","floor":25},{"not_picked":["True Grit","ReplayTheSpireMod:LeadingStrike+1"],"picked":"Abandon+1","floor":28},{"not_picked":["ReplayTheSpireMod:Limb From Limb","Spot Weakness"],"picked":"Second Wind","floor":29},{"not_picked":["Searing Blow","Headbutt+1","Hemokinesis+1"],"picked":"SKIP","floor":31},{"not_picked":["Feed","Berserk"],"picked":"REME_TheLastStrike","floor":33},{"not_picked":["Carnage","Twin Strike"],"picked":"Havoc","floor":35},{"not_picked":["ReplayTheSpireMod:Limb From Limb","Perfected Strike"],"picked":"Sentinel+1","floor":36},{"not_picked":["Metallicize+1","Replay:Undeath\u0027s Touch","Perfected Strike+1"],"picked":"SKIP","floor":38},{"not_picked":["Metallicize+1","Replay:Undeath\u0027s Touch","Perfected Strike+1"],"picked":"SKIP","floor":38},{"not_picked":["Body Slam","Pommel Strike","Disarm"],"picked":"SKIP","floor":39},{"not_picked":["Twin Strike","Ghostly Armor+1"],"picked":"Pommel Strike+1","floor":40},{"not_picked":["Clothesline+1","Run Through"],"picked":"True Grit+1","floor":44},{"not_picked":["Hemokinesis","Wild Strike","Armaments+1"],"picked":"SKIP","floor":45},{"not_picked":["Replay:Undeath\u0027s Touch","Twin Strike"],"picked":"Inflame+1","floor":47},{"not_picked":["Perfected Strike","Iron Wave+1"],"picked":"Seeing Red","floor":48}],"player_experience":598320,"relics_obtained":[{"floor":6,"key":"Blood Vial"},{"floor":9,"key":"infinitespire:Beetle Shell"},{"floor":10,"key":"Dead Branch"},{"floor":25,"key":"Gremlin Food"},{"floor":26,"key":"hubris:BottledRain"},{"floor":36,"key":"Another Sword"},{"floor":40,"key":"infinitespire:Broken Mirror"},{"floor":43,"key":"hubris:64BitClover"},{"floor":44,"key":"Anchor"}],"event_choices":[{"damage_healed":0,"gold_gain":0,"player_choice":"Ignored","damage_taken":0,"max_hp_gain":0,"max_hp_loss":0,"event_name":"NoteForYourself","floor":2,"gold_loss":0},{"damage_healed":0,"gold_gain":0,"player_choice":"Take Damage","damage_taken":18,"relics_obtained":["Golden Idol"],"max_hp_gain":0,"max_hp_loss":0,"event_name":"Golden Idol","floor":7,"gold_loss":0},{"damage_healed":0,"gold_gain":0,"player_choice":"Gave Idol","damage_taken":0,"relics_obtained":["Bloody Idol"],"max_hp_gain":0,"max_hp_loss":0,"event_name":"Forgotten Altar","floor":20,"relics_lost":["Golden Idol"],"gold_loss":0},{"damage_healed":0,"gold_gain":0,"player_choice":"Upgraded","damage_taken":0,"max_hp_gain":0,"max_hp_loss":0,"event_name":"Upgrade Shrine","floor":22,"gold_loss":0,"cards_upgraded":["Havoc"]},{"damage_healed":0,"gold_gain":0,"player_choice":"Fight","damage_taken":0,"max_hp_gain":0,"max_hp_loss":0,"event_name":"Mysterious Sphere","floor":36,"gold_loss":0},{"damage_healed":0,"gold_gain":0,"player_choice":"Upgraded","damage_taken":0,"max_hp_gain":0,"max_hp_loss":0,"event_name":"Upgrade Shrine","floor":37,"gold_loss":0,"cards_upgraded":["Demon Form"]}],"is_beta":false,"boss_relics":[{"not_picked":["Tiny House","hubris:HollowSoul"],"picked":"Astrolabe"},{"not_picked":["Replay:Drink Me","Runic Cube"],"picked":"ChewingGum"}],"items_purged_floors":[41],"is_endless":false,"potions_floor_spawned":[1,3,13,14,16,24,29,33,35,36,40,47],"ascension_level":0}}