{"host":"s8caws4n06h39s1x","time":1612449733,"event":{"mods":["BaseMod","Colored Powertips","Highlight Path","Minty Spire (QoL Compilation)","Quick Restart"],"gold_per_floor":[119,129,304,25,100,126,126,126,150,13,38,38,63,82,82,180,180,190,190,190,0,18,48,48,21,21,21,32,32,32,32,32,133,133,153,164,0,0,10,42,42,67,117,117,135,135,167,99,99,99,99],"floor_reached":50,"language":"ENG","playtime":3012,"items_purged":["Doubt"],"score":638,"play_id":"c57ba95b-e03b-4dac-a57c-5dca1e40ef5e","local_time":"20210204154213","is_ascension_mode":true,"campfire_choices":[{"floor":8,"key":"REST"},{"floor":12,"key":"REST"},{"floor":15,"key":"REST"},{"floor":24,"key":"REST"},{"floor":30,"key":"REST"},{"data":"A Thousand Cuts","floor":32,"key":"SMITH"},{"floor":41,"key":"REST"},{"floor":44,"key":"REST"},{"floor":46,"key":"REST"},{"floor":49,"key":"REST"}],"circlet_count":0,"master_deck":["Defend_G+1","Defend_G+1","Defend_G+1","Defend_G+1","Defend_G+1","Survivor","Neutralize","Terror","Deflect","Noxious Fumes","Bandage Up","Dodge and Roll","Bandage Up","A Thousand Cuts+1","Deflect+1","Dodge and Roll+1","A Thousand Cuts","Quick Slash+1","Shame","Deflect","Corpse Explosion","Backstab","Doubt","Outmaneuver+1","Bite","Bite","Bite","Bite","Bite","A Thousand Cuts+1","Concentrate","Infinite Blades+1","Madness","Madness","Cloak And Dagger","Well Laid Plans+1","Caltrops+1","Regret","After Image+1","Cloak And Dagger","Footwork+1"],"relics":["Ring of the Snake","Juzu Bracelet","Toy Ornithopter","Vajra","Cursed Key","War Paint","Matryoshka","Frozen Egg 2","Regal Pillow","InkBottle","Nloth\u0027s Gift","Fusion Hammer","Red Mask","Unceasing Top","Boot","Anchor","Happy Flower","Nunchaku"],"acts_visited":["Exordium","TheCity","TheBeyond"],"potions_floor_usage":[33,33,42],"damage_taken":[{"damage":0,"enemies":"2 Louse","floor":1,"turns":4},{"damage":0,"enemies":"Small Slimes","floor":2,"turns":4},{"damage":35,"enemies":"Lagavulin","floor":6,"turns":8},{"damage":34,"enemies":"Gremlin Nob","floor":11,"turns":5},{"damage":23,"enemies":"3 Sentries","floor":13,"turns":8},{"damage":6,"enemies":"Cultist","floor":14,"turns":3},{"damage":38,"enemies":"Hexaghost","floor":16,"turns":15},{"damage":20,"enemies":"Shell Parasite","floor":18,"turns":7},{"damage":20,"enemies":"Spheric Guardian","floor":22,"turns":6},{"damage":46,"enemies":"Slavers","floor":23,"turns":7},{"damage":12,"enemies":"Cultist and Chosen","floor":28,"turns":6},{"damage":69,"enemies":"Automaton","floor":33,"turns":12},{"damage":10,"enemies":"Orb Walker","floor":35,"turns":4},{"damage":18,"enemies":"3 Darklings","floor":36,"turns":3},{"damage":31,"enemies":"Sphere and 2 Shapes","floor":39,"turns":7},{"damage":41,"enemies":"Reptomancer","floor":40,"turns":6},{"damage":45,"enemies":"Giant Head","floor":42,"turns":8},{"damage":4,"enemies":"4 Shapes","floor":45,"turns":5},{"damage":22,"enemies":"Nemesis","floor":47,"turns":6},{"damage":96,"enemies":"Awakened One","floor":50,"turns":8}],"seed_played":"7742083619907570974","potions_obtained":[{"floor":2,"key":"GamblersBrew"},{"floor":6,"key":"EssenceOfSteel"},{"floor":7,"key":"Poison Potion"},{"floor":33,"key":"BlessingOfTheForge"},{"floor":35,"key":"Strength Potion"},{"floor":45,"key":"Ancient Potion"}],"is_trial":true,"path_per_floor":["M","M","?","$","?","E","?","R","T","$","E","R","E","M","R","B",null,"M","?","?","$","M","E","R","$","T","?","M","?","R","$","R","B",null,"M","M","?","?","M","E","R","E","T","R","M","R","E","$","R","B"],"character_chosen":"THE_SILENT","items_purchased":["Noxious Fumes","Juzu Bracelet","Bandage Up","Bandage Up","Matryoshka","Backstab","Footwork+1"],"campfire_rested":9,"item_purchase_floors":[4,4,4,10,21,25,48],"current_hp_per_floor":[70,70,70,70,59,28,28,49,49,49,21,42,29,33,54,26,70,54,54,54,54,44,8,29,29,29,29,27,27,63,63,63,35,70,70,54,54,45,34,11,47,35,35,70,70,70,64,64,70,0,0],"gold":99,"neow_bonus":"","is_daily":false,"chose_seed":false,"campfire_upgraded":1,"win_rate":0.0,"timestamp":1612449733,"path_taken":["M","M","?","$","?","E","?","R","T","$","E","R","E","M","R","BOSS","M","?","?","?","M","E","R","$","T","?","M","?","R","$","R","BOSS","M","M","?","?","M","E","R","E","T","R","M","R","E","$","R","BOSS"],"items_purchased_type":["Card","Relic","Card","Card","Relic","Card","Card"],"build_version":"2020-12-22","purchased_purges":1,"victory":false,"max_hp_per_floor":[70,70,70,70,70,70,70,70,70,70,70,70,70,70,70,70,70,70,70,70,70,70,70,70,70,70,70,70,70,70,70,70,70,70,70,70,70,70,70,70,70,70,70,70,70,70,70,70,70,70,70],"card_choices":[{"not_picked":["Dagger Throw","Quick Slash"],"picked":"Terror","floor":1},{"not_picked":["Bane","Prepared"],"picked":"Deflect","floor":2},{"not_picked":["Calculated Gamble","Distraction"],"picked":"Dodge and Roll","floor":6},{"not_picked":["Well Laid Plans","Backflip"],"picked":"A Thousand Cuts","floor":11},{"not_picked":["Setup","Deadly Poison"],"picked":"Deflect","floor":13},{"not_picked":["Expertise","Prepared"],"picked":"Dodge and Roll","floor":14},{"not_picked":["Doppelganger","Die Die Die"],"picked":"A Thousand Cuts","floor":16},{"not_picked":["Bane","Escape Plan+1"],"picked":"Quick Slash+1","floor":18},{"not_picked":["Choke","Eviscerate"],"picked":"Deflect","floor":22},{"not_picked":["Riddle With Holes","Flechettes+1"],"picked":"Corpse Explosion","floor":23},{"not_picked":["Blade Dance","Dagger Spray"],"picked":"Outmaneuver+1","floor":28},{"not_picked":["Venomology","Burst"],"picked":"A Thousand Cuts+1","floor":33},{"not_picked":["Sucker Punch","Flying Knee+1"],"picked":"Concentrate","floor":35},{"not_picked":["Dash","Expertise+1"],"picked":"Infinite Blades+1","floor":36},{"not_picked":["Quick Slash+1","Bouncing Flask+1"],"picked":"Cloak And Dagger","floor":39},{"not_picked":["Heel Hook+1","Glass Knife"],"picked":"Well Laid Plans+1","floor":40},{"not_picked":["Distraction","Escape Plan"],"picked":"Caltrops+1","floor":42},{"not_picked":["Malaise","Heel Hook"],"picked":"After Image+1","floor":45},{"not_picked":["Prepared","Escape Plan"],"picked":"Cloak And Dagger","floor":47}],"player_experience":468567,"relics_obtained":[{"floor":6,"key":"The Courier"},{"floor":9,"key":"Blood Vial"},{"floor":11,"key":"Toy Ornithopter"},{"floor":13,"key":"Vajra"},{"floor":23,"key":"Frozen Egg 2"},{"floor":26,"key":"Regal Pillow"},{"floor":26,"key":"InkBottle"},{"floor":40,"key":"Unceasing Top"},{"floor":42,"key":"Boot"},{"floor":43,"key":"Anchor"},{"floor":43,"key":"Happy Flower"},{"floor":47,"key":"Nunchaku"}],"event_choices":[{"damage_healed":0,"gold_gain":175,"player_choice":"AGREE","damage_taken":0,"max_hp_gain":0,"max_hp_loss":0,"event_name":"Liars Game","floor":3,"gold_loss":0,"cards_obtained":["Doubt"]},{"damage_healed":0,"gold_gain":75,"player_choice":"Gather Gold","damage_taken":11,"max_hp_gain":0,"max_hp_loss":0,"event_name":"World of Goop","floor":5,"gold_loss":0},{"damage_healed":0,"gold_gain":0,"player_choice":"Got Potions","damage_taken":0,"max_hp_gain":0,"max_hp_loss":0,"event_name":"Lab","floor":7,"gold_loss":0},{"damage_healed":0,"gold_gain":0,"player_choice":"Simplicity","damage_taken":0,"max_hp_gain":0,"max_hp_loss":0,"event_name":"Back to Basics","floor":19,"gold_loss":0,"cards_upgraded":["Strike_G","Strike_G","Strike_G","Strike_G","Strike_G","Defend_G","Defend_G","Defend_G","Defend_G","Defend_G"]},{"damage_healed":0,"gold_gain":0,"player_choice":"Stole Relic","damage_taken":0,"relics_obtained":["War Paint"],"max_hp_gain":0,"max_hp_loss":0,"event_name":"Addict","floor":20,"gold_loss":0,"cards_obtained":["Shame"]},{"damage_healed":0,"gold_gain":0,"player_choice":"Traded Relic","damage_taken":0,"relics_obtained":["Nloth\u0027s Gift"],"max_hp_gain":0,"max_hp_loss":0,"event_name":"N\u0027loth","floor":27,"relics_lost":["The Courier"],"gold_loss":0},{"damage_healed":0,"gold_gain":0,"player_choice":"Became a vampire (Vial)","damage_taken":0,"max_hp_gain":0,"max_hp_loss":0,"event_name":"Vampires","floor":29,"relics_lost":["Blood Vial"],"gold_loss":0,"cards_obtained":["Bite","Bite","Bite","Bite","Bite"]},{"damage_healed":0,"gold_gain":0,"player_choice":"Paid","damage_taken":0,"relics_obtained":["Red Mask"],"max_hp_gain":0,"max_hp_loss":0,"event_name":"Tomb of Lord Red Mask","floor":37,"gold_loss":164},{"damage_healed":0,"gold_gain":0,"player_choice":"Embrace Madness","damage_taken":9,"max_hp_gain":0,"max_hp_loss":0,"event_name":"Winding Halls","floor":38,"gold_loss":0,"cards_obtained":["Madness","Madness"]}],"is_beta":false,"boss_relics":[{"not_picked":["SlaversCollar","Runic Pyramid"],"picked":"Cursed Key"},{"not_picked":["Runic Dome","Black Star"],"picked":"Fusion Hammer"}],"items_purged_floors":[10],"is_endless":true,"potions_floor_spawned":[2,6,11,22,33,35,45,47],"killed_by":"Awakened One","ascension_level":1}}