{"host":"szp1d6dso4pv7ddl","time":1612405442,"event":{"mods":["AchievementEnabler","Alarm Clock","BaseMod","Bestiary","Block Reminder","Colored Map","Colored Powertips","Curses Come First","Dark Map","Displayed Cursed Tome","Highlight Path","Minty Spire (QoL Compilation)","Permanent Neow","Quick Restart","Relic Sorter","Relic Stats","StSLib","Synergy Search"],"gold_per_floor":[109,89,39,39,58,58,2,37,37,56,66,66,83,100,100,100,100],"floor_reached":16,"language":"ENG","playtime":929,"items_purged":[],"score":189,"play_id":"be351c67-1929-4d75-bbab-8563ff435120","local_time":"20210203182402","is_ascension_mode":true,"campfire_choices":[{"data":"Dual Wield","floor":6,"key":"SMITH"},{"floor":12,"key":"REST"},{"data":"Havoc","floor":15,"key":"SMITH"}],"circlet_count":0,"master_deck":["AscendersBane","Strike_R","Strike_R","Strike_R","Strike_R","Strike_R","Defend_R","Defend_R","Defend_R","Defend_R","Bash","Shrug It Off","Havoc+1","Dual Wield+1","Thunderclap","Feed","Power Through","Ghostly Armor","Sword Boomerang","Flame Barrier"],"relics":["Burning Blood","Charon\u0027s Ashes","GremlinMask","Happy Flower","Pear"],"acts_visited":["Exordium"],"potions_floor_usage":[16],"damage_taken":[{"damage":7,"enemies":"Cultist","floor":1,"turns":4},{"damage":7,"enemies":"Jaw Worm","floor":5,"turns":6},{"damage":42,"enemies":"3 Sentries","floor":8,"turns":7},{"damage":1,"enemies":"2 Louse","floor":10,"turns":5},{"damage":11,"enemies":"Exordium Wildlife","floor":11,"turns":7},{"damage":2,"enemies":"Looter","floor":13,"turns":4},{"damage":11,"enemies":"Blue Slaver","floor":14,"turns":5},{"damage":59,"enemies":"The Guardian","floor":16,"turns":12}],"seed_played":"1599862120630926773","potions_obtained":[{"floor":2,"key":"SmokeBomb"},{"floor":10,"key":"DuplicationPotion"}],"is_trial":false,"path_per_floor":["M","?","$","?","M","R","$","E","T","M","M","R","M","M","R","B"],"character_chosen":"IRONCLAD","items_purchased":["Havoc","Thunderclap"],"campfire_rested":1,"item_purchase_floors":[3,7],"current_hp_per_floor":[49,49,49,49,48,48,48,12,22,30,28,55,59,57,57,0,0],"gold":100,"neow_bonus":"ONE_RARE_RELIC","is_daily":false,"chose_seed":false,"campfire_upgraded":2,"win_rate":0.0,"timestamp":1612405442,"path_taken":["M","?","?","?","?","R","$","E","T","M","M","R","M","M","R","BOSS"],"items_purchased_type":["Card","Card"],"build_version":"2020-12-22","purchased_purges":0,"victory":false,"max_hp_per_floor":[75,75,75,75,75,75,75,75,85,88,91,91,91,94,94,94,94],"relic_stats":{"Happy Flower":[11],"counters":[8,50],"Charon\u0027s Ashes":[99],"obtain_stats":[{"Pear":9,"Happy Flower":8,"GremlinMask":4,"Charon\u0027s Ashes":0,"Burning Blood":0},{"Pear":3,"Happy Flower":3,"GremlinMask":1,"Charon\u0027s Ashes":0,"Burning Blood":0},{"Pear":17,"Happy Flower":17,"GremlinMask":4,"Charon\u0027s Ashes":0,"Burning Blood":0}],"Burning Blood":42},"card_choices":[{"not_picked":["Armaments","Anger"],"picked":"Shrug It Off","floor":1},{"not_picked":["Cleave","Anger"],"picked":"Dual Wield","floor":5},{"not_picked":["Dropkick","Rage"],"picked":"Feed","floor":8},{"not_picked":["Shrug It Off","Searing Blow"],"picked":"Power Through","floor":10},{"not_picked":["Whirlwind","Clothesline"],"picked":"Ghostly Armor","floor":11},{"not_picked":["Thunderclap","Rage"],"picked":"Sword Boomerang","floor":13},{"not_picked":["Rampage","Fire Breathing"],"picked":"Flame Barrier","floor":14}],"player_experience":1361712,"relics_obtained":[{"floor":8,"key":"Happy Flower"},{"floor":9,"key":"Pear"}],"event_choices":[{"damage_healed":0,"gold_gain":0,"player_choice":"Bought 1 Potion","damage_taken":0,"max_hp_gain":0,"max_hp_loss":0,"event_name":"The Woman in Blue","floor":2,"gold_loss":0},{"damage_healed":0,"gold_gain":0,"player_choice":"Trade","damage_taken":0,"relics_obtained":["GremlinMask"],"max_hp_gain":0,"max_hp_loss":0,"event_name":"FaceTrader","floor":4,"gold_loss":0}],"is_beta":false,"boss_relics":[],"items_purged_floors":[],"is_endless":false,"potions_floor_spawned":[10,14],"killed_by":"The Guardian","ascension_level":17}}