{"host":"s24sb66hw4a4sfft","time":1612402202,"event":{"mods":["AchievementEnabler","BaseMod","Colored Map","Colored Powertips","Googly Eyes","Hermit","Hubris","Minty Spire (QoL Compilation)","Quick Restart","Shop Mod","StSLib","The Poker Player"],"gold_per_floor":[117,117,117,117,134,154,172,184,184,35,61,61,93,107,107,107,107],"floor_reached":16,"language":"ENG","playtime":568,"items_purged":["Strike_G"],"score":185,"play_id":"6d673d1b-23b1-4435-a53c-6893fc6146d1","local_time":"20210203203002","is_ascension_mode":true,"campfire_choices":[{"floor":12,"key":"REST"},{"floor":15,"key":"REST"}],"circlet_count":0,"master_deck":["AscendersBane","Strike_G+1","Strike_G","Strike_G","Defend_G","Defend_G","Defend_G","Defend_G","Survivor","Neutralize","Backstab+1","Dagger Spray","Blade Dance","hubris:Sniper","Dash","hubris:Sniper","Poisoned Stab"],"relics":["Ring of the Snake","NeowsBlessing","hubris:Icosahedron","Happy Flower","Whetstone","Gambling Chip"],"acts_visited":["Exordium"],"potions_floor_usage":[7,8,11,11],"damage_taken":[{"damage":0,"enemies":"Jaw Worm","floor":1,"turns":1},{"damage":0,"enemies":"Small Slimes","floor":5,"turns":1},{"damage":0,"enemies":"Cultist","floor":6,"turns":1},{"damage":14,"enemies":"Gremlin Gang","floor":7,"turns":4},{"damage":38,"enemies":"Exordium Thugs","floor":8,"turns":7},{"damage":7,"enemies":"3 Sentries","floor":11,"turns":6},{"damage":30,"enemies":"Gremlin Nob","floor":13,"turns":5},{"damage":0,"enemies":"Looter","floor":14,"turns":2},{"damage":31,"enemies":"The Guardian","floor":16,"turns":7}],"seed_played":"-3996722364877796477","potions_obtained":[{"floor":1,"key":"SkillPotion"},{"floor":5,"key":"Fire Potion"},{"floor":8,"key":"Fire Potion"}],"is_trial":false,"path_per_floor":["M","?","?","?","M","M","M","M","T","$","E","R","E","M","R","B"],"character_chosen":"THE_SILENT","items_purchased":["Regen Potion"],"campfire_rested":2,"item_purchase_floors":[10],"current_hp_per_floor":[63,63,63,63,63,63,49,11,11,11,19,40,10,10,31,0,0],"gold":107,"neow_bonus":"THREE_ENEMY_KILL","is_daily":false,"chose_seed":false,"campfire_upgraded":0,"win_rate":0.0,"timestamp":1612402202,"path_taken":["M","?","?","?","?","M","?","M","T","?","E","R","E","M","R","BOSS"],"items_purchased_type":["Potion"],"build_version":"2020-12-22","purchased_purges":1,"victory":false,"max_hp_per_floor":[70,70,70,70,70,70,70,70,70,70,70,70,70,70,70,70,70],"card_choices":[{"not_picked":["Dodge and Roll","Quick Slash"],"picked":"Backstab","floor":1},{"not_picked":["Noxious Fumes","Flechettes"],"picked":"Dagger Spray","floor":5},{"not_picked":["Leg Sweep","Catalyst"],"picked":"Blade Dance","floor":6},{"not_picked":["Backflip","Underhanded Strike"],"picked":"hubris:Sniper","floor":7},{"not_picked":["Flying Knee","Catalyst"],"picked":"Dash","floor":8},{"not_picked":["Deflect","Grand Finale","Endless Agony"],"picked":"SKIP","floor":11},{"not_picked":["Deadly Poison","Deflect"],"picked":"hubris:Sniper","floor":13},{"not_picked":["Skewer","Endless Agony"],"picked":"Poisoned Stab","floor":14}],"player_experience":569957,"relics_obtained":[{"floor":9,"key":"Happy Flower"},{"floor":11,"key":"Whetstone"},{"floor":13,"key":"Gambling Chip"}],"event_choices":[{"cards_removed":["Strike_G"],"damage_healed":0,"gold_gain":0,"player_choice":"Forget","damage_taken":0,"max_hp_gain":0,"max_hp_loss":0,"event_name":"Living Wall","floor":2,"gold_loss":0},{"cards_removed":["Defend_G"],"damage_healed":0,"gold_gain":0,"player_choice":"Offered Basic","damage_taken":0,"max_hp_gain":0,"max_hp_loss":0,"event_name":"Bonfire Elementals","floor":4,"gold_loss":0}],"is_beta":false,"boss_relics":[],"items_purged_floors":[10],"is_endless":false,"potions_floor_spawned":[1,5,6,8],"killed_by":"The Guardian","ascension_level":13}}