{"host":"bf5upntvbdompq33","time":1612414069,"event":{"mods":["BaseMod","Colored Map","Colored Powertips","Curses Come First","Minty Spire (QoL Compilation)","Replay The Spire","StSLib","The Animator","The Disciple","The Dragon Tamer","The Hierophant","The Marked","The Mystic","The Necromancer","The Servant 0.9.4"],"gold_per_floor":[115,115,132,26,74,90,90,90,90,36,36,10,41,56,76,351,351,450,450,466,484,502,301,241,241,241],"floor_reached":25,"language":"ENG","playtime":1104,"items_purged":["Strike_B"],"score":201,"play_id":"03553308-d39b-4cb5-9f2d-c8f3e75a44c0","local_time":"20210203214749","is_ascension_mode":false,"campfire_choices":[{"data":"Dualcast","floor":9,"key":"SMITH"},{"data":"Lockon","floor":17,"key":"SMITH"}],"circlet_count":0,"master_deck":["Strike_B","Strike_B","Defend_B","Defend_B","Defend_B+1","Defend_B+1","Zap","Dualcast+1","Glacier","Conserve Battery","Static Discharge","Doom and Gloom","Doom and Gloom","Compile Driver","Cold Snap+1","Steam","Lockon+1","Reinforced Body","Regret","Echo Form","Melter","FIFO Queue+1","Defragment","Defragment","Double Energy","Hologram"],"relics":["Cracked Core","NeowsBlessing","War Paint","Blue Doll","Replay:Mystery Machine","Replay:Bronze Core"],"acts_visited":["Exordium","TheCity"],"potions_floor_usage":[20],"damage_taken":[{"damage":0,"enemies":"2 Louse","floor":1,"turns":1},{"damage":0,"enemies":"Cultist","floor":3,"turns":1},{"damage":0,"enemies":"Jaw Worm","floor":6,"turns":1},{"damage":11,"enemies":"3 Sentries","floor":13,"turns":5},{"damage":2,"enemies":"Red Slaver","floor":14,"turns":4},{"damage":1,"enemies":"Exordium Wildlife","floor":15,"turns":4},{"damage":40,"enemies":"Hexaghost","floor":18,"turns":8},{"damage":13,"enemies":"3 Byrds","floor":20,"turns":3},{"damage":8,"enemies":"Shell Parasite","floor":21,"turns":7},{"damage":13,"enemies":"Snake Plant","floor":22,"turns":4},{"damage":69,"enemies":"Gremlin Leader","floor":25,"turns":6}],"seed_played":"4439196709050777919","potions_obtained":[{"floor":1,"key":"Weak Potion"},{"floor":3,"key":"PowerPotion"},{"floor":13,"key":"Ancient Potion"},{"floor":21,"key":"FairyPotion"}],"is_trial":false,"path_per_floor":["M","?","M","$","T","M","PTL","PTL","R","$","T","$","E","M","M","?","R","B",null,"M","M","M","$","?","E"],"character_chosen":"DEFECT","items_purchased":["Static Discharge","Doom and Gloom","Compile Driver","Cold Snap+1","Defragment","Double Energy","Hologram"],"campfire_rested":0,"item_purchase_floors":[4,4,10,12,23,23,23],"current_hp_per_floor":[75,75,75,75,75,75,75,75,75,75,75,75,64,62,61,61,61,21,75,62,54,41,41,41,0,0],"gold":241,"neow_bonus":"THREE_ENEMY_KILL","is_daily":false,"chose_seed":false,"campfire_upgraded":2,"win_rate":0.0,"timestamp":1612414069,"path_taken":["M","?","M","$","?","M","PTL","PTL","R","?","T","$","E","?","M","?","R","BOSS","M","M","M","$","?","E"],"items_purchased_type":["Card","Card","Card","Card","Card","Card","Card"],"build_version":"2020-12-22","purchased_purges":1,"victory":false,"max_hp_per_floor":[75,75,75,75,75,75,75,75,75,75,75,75,75,75,75,75,75,75,75,75,75,75,75,75,75,75],"card_choices":[{"not_picked":["Fusion","Go for the Eyes"],"picked":"Glacier","floor":1},{"not_picked":["FIFO Queue","Cold Snap"],"picked":"Conserve Battery","floor":3},{"not_picked":["Reinforced Body","BootSequence"],"picked":"Doom and Gloom","floor":6},{"not_picked":["Beam Cell","Gash"],"picked":"Steam","floor":13},{"not_picked":["Double Energy","Gash"],"picked":"Lockon","floor":14},{"not_picked":["Cold Snap","Steam"],"picked":"Reinforced Body","floor":15},{"not_picked":["Creative AI","Rainbow"],"picked":"Echo Form","floor":18},{"not_picked":["Recycle","Steam","Stack"],"picked":"SKIP","floor":20},{"not_picked":["Barrage+1","Coolheaded"],"picked":"Melter","floor":21},{"not_picked":["Force Field","Panic Button"],"picked":"FIFO Queue+1","floor":22}],"player_experience":1389246,"relics_obtained":[{"floor":5,"key":"War Paint"},{"floor":11,"key":"Blue Doll"},{"floor":13,"key":"Replay:Mystery Machine"}],"event_choices":[{"cards_removed":["Strike_B"],"damage_healed":0,"gold_gain":0,"player_choice":"Purged","damage_taken":0,"max_hp_gain":0,"max_hp_loss":0,"event_name":"Purifier","floor":2,"gold_loss":0},{"damage_healed":0,"gold_gain":275,"player_choice":"Desecrate","damage_taken":0,"max_hp_gain":0,"max_hp_loss":0,"event_name":"Golden Shrine","floor":16,"gold_loss":0,"cards_obtained":["Regret"]}],"is_beta":false,"boss_relics":[{"not_picked":["Honey Jar","Runic Pyramid"],"picked":"Replay:Bronze Core"}],"items_purged_floors":[23],"is_endless":false,"potions_floor_spawned":[1,3,13,21],"killed_by":"Gremlin Leader","ascension_level":0}}