{"host":"0k696jvpnlqjk4gh","time":1612432569,"event":{"mods":["AchievementEnabler","BaseMod","Colored Map","Colored Powertips","Minty Spire (QoL Compilation)","Quick Restart"],"gold_per_floor":[115,415,425,439,439,439,466,478,478,491,506,506,506,586,586,586,586],"floor_reached":16,"language":"ENG","playtime":1343,"items_purged":[],"score":122,"play_id":"1b142b21-752b-4c48-84f5-dcbc66e0791e","local_time":"20210204095609","is_ascension_mode":true,"campfire_choices":[{"floor":6,"key":"REST"},{"floor":13,"key":"REST"},{"floor":15,"key":"REST"}],"circlet_count":0,"master_deck":["Strike_G","Strike_G","Strike_G","Strike_G","Strike_G","Defend_G","Defend_G","Defend_G","Defend_G","Defend_G","Survivor","Neutralize","Outmaneuver","Regret","Slice","Distraction","Sucker Punch","Slice"],"relics":["WristBlade","Old Coin","Bottled Flame","Eternal Feather","Singing Bowl"],"acts_visited":["Exordium"],"potions_floor_usage":[4,7,7,7,7,10,11],"damage_taken":[{"damage":1,"enemies":"2 Louse","floor":1,"turns":3},{"damage":13,"enemies":"Small Slimes","floor":3,"turns":6},{"damage":11,"enemies":"Cultist","floor":4,"turns":5},{"damage":41,"enemies":"Lagavulin","floor":7,"turns":11},{"damage":4,"enemies":"Large Slime","floor":8,"turns":6},{"damage":7,"enemies":"Blue Slaver","floor":10,"turns":2},{"damage":5,"enemies":"Lots of Slimes","floor":11,"turns":3},{"damage":65,"enemies":"The Guardian","floor":16,"turns":15}],"seed_played":"-7040913583440112729","potions_obtained":[{"floor":3,"key":"DistilledChaos"},{"floor":5,"key":"Swift Potion"},{"floor":5,"key":"Dexterity Potion"},{"floor":5,"key":"GhostInAJar"},{"floor":7,"key":"Fruit Juice"},{"floor":8,"key":"DistilledChaos"},{"floor":10,"key":"Fire Potion"}],"is_trial":false,"path_per_floor":["M","?","M","M","?","R","E","M","T","M","M","?","R","T","R","B"],"character_chosen":"THE_SILENT","items_purchased":[],"campfire_rested":3,"item_purchase_floors":[],"current_hp_per_floor":[69,69,56,45,45,66,30,26,26,19,14,2,33,33,64,0,0],"gold":586,"neow_bonus":"BOSS_RELIC","is_daily":false,"chose_seed":false,"campfire_upgraded":0,"win_rate":0.0,"timestamp":1612432569,"path_taken":["M","?","M","M","?","R","E","M","T","?","M","?","R","?","R","BOSS"],"items_purchased_type":[],"build_version":"2020-12-22","purchased_purges":0,"victory":false,"max_hp_per_floor":[70,70,70,70,70,70,75,75,75,75,75,75,75,75,75,75,75],"card_choices":[{"not_picked":["Deadly Poison","Crippling Poison"],"picked":"Outmaneuver","floor":1},{"not_picked":["Dagger Spray","Heel Hook","Acrobatics"],"picked":"SKIP","floor":3},{"not_picked":["Underhanded Strike","Sucker Punch"],"picked":"Slice","floor":4},{"not_picked":["Underhanded Strike","Poisoned Stab"],"picked":"Distraction","floor":7},{"not_picked":["Caltrops","Riddle With Holes"],"picked":"Sucker Punch","floor":8},{"not_picked":["Eviscerate","Deadly Poison","Sucker Punch"],"picked":"SKIP","floor":10},{"not_picked":["Noxious Fumes","Bouncing Flask"],"picked":"Slice","floor":11}],"player_experience":146976,"relics_obtained":[{"floor":7,"key":"Bottled Flame"},{"floor":9,"key":"Eternal Feather"},{"floor":14,"key":"Singing Bowl"}],"event_choices":[{"damage_healed":0,"gold_gain":0,"player_choice":"Box","damage_taken":0,"relics_obtained":["Old Coin"],"max_hp_gain":0,"max_hp_loss":0,"event_name":"Big Fish","floor":2,"gold_loss":0,"cards_obtained":["Regret"]},{"damage_healed":0,"gold_gain":0,"player_choice":"Got Potions","damage_taken":0,"max_hp_gain":0,"max_hp_loss":0,"event_name":"Lab","floor":5,"gold_loss":0},{"damage_healed":0,"gold_gain":0,"player_choice":"Fled","damage_taken":12,"max_hp_gain":0,"max_hp_loss":0,"event_name":"Scrap Ooze","floor":12,"gold_loss":0}],"is_beta":false,"boss_relics":[],"items_purged_floors":[],"is_endless":false,"potions_floor_spawned":[3,7,8,10],"killed_by":"The Guardian","ascension_level":4}}