{"host":"0tiuc76yumknr6qf","time":1612402818,"event":{"mods":["BaseMod","Bestiary","Colored Map","DeckTracker","Highlight Path","Minty Spire (QoL Compilation)","StSLib"],"gold_per_floor":[116,116,129,71,83,83,108,108,159,48,65,78,106,123,123,200,200,212,32,50,50,50,83,101,126,180,226,255,301,313,357,378,473,485,525,571,17,17,67,76,111,120,120,144,153,153,153],"floor_reached":46,"language":"ENG","playtime":2812,"items_purged":[],"score":1233,"play_id":"e197dc73-a785-4a0b-8c82-ae6109d2d311","local_time":"20210203194018","is_ascension_mode":true,"campfire_choices":[{"floor":6.0,"key":"RECALL"},{"floor":15.0,"key":"REST"},{"floor":30,"key":"REST"},{"floor":32,"key":"REST"},{"floor":40,"key":"REST"},{"floor":42,"key":"REST"},{"floor":45,"key":"REST"}],"circlet_count":0,"master_deck":["AscendersBane","Defend_B+1","Defend_B+1","Defend_B+1","Defend_B+1","Zap","Dualcast+1","Undo","Sweeping Beam","Cold Snap","Rip and Tear","Cold Snap","Ball Lightning","Rip and Tear","Cold Snap","Go for the Eyes","Ball Lightning","Leap","BootSequence","Core Surge","Reinforced Body","Apotheosis","Genetic Algorithm+1","Bite","Bite","Bite","Bite","Bite","Seek","Turbo+1","FTL","Biased Cognition","Double Energy+1","Go for the Eyes+1","Echo Form","Capacitor","Hologram+1","Glacier+1","Defragment","Conserve Battery+1","Loop","Defragment","Hologram+1"],"relics":["Fusion Hammer","Dream Catcher","Vajra","Art of War","Black Star","Gambling Chip","Akabeko","Shuriken","MealTicket","MawBank","Eternal Feather","Toxic Egg 2","StrikeDummy","Orichalcum","CeramicFish","Meat on the Bone","Nuclear Battery","Ginger","OrangePellets","TungstenRod","War Paint","Question Card"],"acts_visited":["Exordium","TheCity","TheBeyond"],"potions_floor_usage":[25,33,46],"damage_taken":[{"damage":2.0,"enemies":"Jaw Worm","floor":1.0,"turns":4.0},{"damage":0.0,"enemies":"Small Slimes","floor":3.0,"turns":4.0},{"damage":0.0,"enemies":"2 Louse","floor":5.0,"turns":2.0},{"damage":27.0,"enemies":"3 Sentries","floor":7.0,"turns":9.0},{"damage":9.0,"enemies":"Blue Slaver","floor":11.0,"turns":2.0},{"damage":0.0,"enemies":"Looter","floor":12.0,"turns":2.0},{"damage":3.0,"enemies":"Lagavulin","floor":13.0,"turns":6.0},{"damage":13.0,"enemies":"Gremlin Gang","floor":14.0,"turns":4.0},{"damage":32.0,"enemies":"Hexaghost","floor":16.0,"turns":11.0},{"damage":3.0,"enemies":"2 Thieves","floor":18.0,"turns":4.0},{"damage":2.0,"enemies":"Chosen","floor":20.0,"turns":3.0},{"damage":18.0,"enemies":"Gremlin Leader","floor":23.0,"turns":6.0},{"damage":12.0,"enemies":"Snecko","floor":24.0,"turns":5.0},{"damage":13,"enemies":"Slavers","floor":25,"turns":6},{"damage":0,"enemies":"Gremlin Leader","floor":27,"turns":7},{"damage":0,"enemies":"3 Cultists","floor":28,"turns":3},{"damage":20,"enemies":"Slavers","floor":29,"turns":6},{"damage":18,"enemies":"Gremlin Leader","floor":31,"turns":5},{"damage":56,"enemies":"Collector","floor":33,"turns":12},{"damage":0,"enemies":"Orb Walker","floor":35,"turns":3},{"damage":0,"enemies":"Mind Bloom Boss Battle","floor":36,"turns":6},{"damage":17,"enemies":"Reptomancer","floor":41,"turns":6},{"damage":0,"enemies":"3 Shapes","floor":44,"turns":7},{"damage":64,"enemies":"2 Orb Walkers","floor":46,"turns":5}],"seed_played":"8430775628342539090","potions_obtained":[{"floor":3.0,"key":"Weak Potion"},{"floor":7.0,"key":"Ancient Potion"},{"floor":12.0,"key":"Fruit Juice"},{"floor":13.0,"key":"PowerPotion"},{"floor":18.0,"key":"SteroidPotion"},{"floor":20.0,"key":"Strength Potion"},{"floor":27,"key":"Weak Potion"},{"floor":35,"key":"Weak Potion"}],"is_trial":false,"path_per_floor":["M","?","M","$","M","R","E","?","T","$","M","M","E","M","R","B",null,"M","$","M","?","?","E","M","E","T","E","M","E","R","E","R","B",null,"M","?","$","?","?","R","E","R","T","M","R","?"],"character_chosen":"DEFECT","items_purchased":["Cold Snap","Ball Lightning","Rip and Tear","Apotheosis","OrangePellets","Glacier+1","TungstenRod"],"campfire_rested":6,"item_purchase_floors":[4,10,10,19,37,37,37],"current_hp_per_floor":[62,67,67,67,67,67,40,33,33,33,24,24,21,8,30,3,62,59,59,57,56,56,53,44,45,45,56,56,48,56,50,56,33,50,50,56,56,53,53,53,49,53,53,53,53,0,0],"gold":153,"neow_bonus":"BOSS_RELIC","is_daily":false,"chose_seed":false,"campfire_upgraded":0,"win_rate":0.0,"timestamp":1612402818,"path_taken":["M","?","M","$","M","R","E","?","T","$","M","M","E","M","R","BOSS","M","$","M","?","?","E","M","E","T","E","M","E","R","E","R","BOSS","M","?","$","?","?","R","E","R","T","?","R","?"],"items_purchased_type":["Card","Card","Card","Card","Relic","Card","Relic"],"build_version":"2020-12-22","purchased_purges":0,"victory":false,"max_hp_per_floor":[71,76,76,76,76,76,76,76,76,76,76,76,76,76,76,81,81,81,81,81,56,56,56,56,56,56,56,56,56,56,56,56,56,56,56,56,56,53,53,53,53,53,53,53,53,53,53],"card_choices":[{"not_picked":["Rebound","Steam"],"picked":"Undo","floor":1.0},{"not_picked":["Barrage","Stack"],"picked":"Sweeping Beam","floor":3.0},{"not_picked":["Barrage","Redo"],"picked":"Rip and Tear","floor":5.0},{"not_picked":["Thunder Strike","Tempest"],"picked":"Cold Snap","floor":7.0},{"not_picked":["Steam Power","Darkness"],"picked":"Cold Snap","floor":11.0},{"not_picked":["Turbo","Blizzard"],"picked":"Go for the Eyes","floor":12.0},{"not_picked":["Heatsinks","Rip and Tear"],"picked":"Ball Lightning","floor":13.0},{"not_picked":["Redo","Hologram"],"picked":"Leap","floor":14.0},{"not_picked":["Chill","Steam"],"picked":"BootSequence","floor":15.0},{"not_picked":["Thunder Strike","All For One"],"picked":"Core Surge","floor":16.0},{"not_picked":["Leap","Chaos"],"picked":"Reinforced Body","floor":18.0},{"not_picked":["FTL","Skim"],"picked":"Genetic Algorithm","floor":20.0},{"not_picked":["Aggregate","Sweeping Beam","Gash"],"picked":"SKIP","floor":23.0},{"not_picked":["Melter","Static Discharge","Sweeping Beam+1"],"picked":"SKIP","floor":24.0},{"not_picked":["Loop","Leap+1"],"picked":"Seek","floor":25},{"not_picked":["Rebound","Streamline+1"],"picked":"Turbo+1","floor":27},{"not_picked":["Stack+1","Redo+1"],"picked":"FTL","floor":28},{"not_picked":["Gash","Melter"],"picked":"Biased Cognition","floor":29},{"not_picked":["Streamline","Rebound"],"picked":"Double Energy+1","floor":30},{"not_picked":["Genetic Algorithm+1","Lockon","Gash+1"],"picked":"SKIP","floor":31},{"not_picked":["Steam+1","Ball Lightning"],"picked":"Go for the Eyes+1","floor":32},{"not_picked":["Multi-Cast+1","Meteor Strike"],"picked":"Echo Form","floor":33},{"not_picked":["Streamline","Double Energy+1"],"picked":"Capacitor","floor":35},{"not_picked":["Double Energy+1","Auto Shields+1"],"picked":"Hologram+1","floor":36},{"not_picked":["Scrape","Double Energy+1"],"picked":"Defragment","floor":40},{"not_picked":["Steam+1","Lockon"],"picked":"Conserve Battery+1","floor":41},{"not_picked":["Leap+1","Turbo+1","Tempest+1"],"picked":"Loop","floor":42},{"not_picked":["Conserve Battery+1","Beam Cell","Compile Driver"],"picked":"Defragment","floor":44},{"not_picked":["Steam Power+1","Go for the Eyes","Stack+1"],"picked":"Hologram+1","floor":45}],"player_experience":1936146,"relics_obtained":[{"floor":7.0,"key":"Dream Catcher"},{"floor":9.0,"key":"Vajra"},{"floor":13.0,"key":"Art of War"},{"floor":23.0,"key":"Gambling Chip"},{"floor":23.0,"key":"Akabeko"},{"floor":25,"key":"Shuriken"},{"floor":25,"key":"MealTicket"},{"floor":26,"key":"MawBank"},{"floor":27,"key":"Eternal Feather"},{"floor":27,"key":"Toxic Egg 2"},{"floor":29,"key":"StrikeDummy"},{"floor":29,"key":"Orichalcum"},{"floor":31,"key":"CeramicFish"},{"floor":31,"key":"Meat on the Bone"},{"floor":36,"key":"Ginger"},{"floor":41,"key":"War Paint"},{"floor":41,"key":"Question Card"}],"event_choices":[{"damage_healed":0.0,"max_hp_gain":5.0,"max_hp_loss":0.0,"gold_gain":0.0,"event_name":"Big Fish","player_choice":"Donut","floor":2.0,"gold_loss":0.0,"damage_taken":0.0},{"cards_removed":["Strike_B"],"damage_healed":0.0,"max_hp_gain":0.0,"max_hp_loss":0.0,"gold_gain":0.0,"event_name":"Golden Wing","player_choice":"Card Removal","floor":8.0,"gold_loss":0.0,"damage_taken":7.0},{"damage_healed":0.0,"max_hp_gain":0.0,"max_hp_loss":25.0,"gold_gain":0.0,"event_name":"Vampires","player_choice":"Became a vampire","floor":21.0,"gold_loss":0.0,"damage_taken":0.0,"cards_obtained":["Bite","Bite","Bite","Bite","Bite"]},{"damage_healed":0.0,"max_hp_gain":0.0,"max_hp_loss":0.0,"gold_gain":0.0,"event_name":"Back to Basics","player_choice":"Simplicity","floor":22.0,"gold_loss":0.0,"damage_taken":0.0,"cards_upgraded":["Defend_B","Defend_B","Defend_B","Defend_B"]},{"damage_healed":0,"gold_gain":0,"player_choice":"Fight","damage_taken":0,"max_hp_gain":0,"max_hp_loss":0,"event_name":"MindBloom","floor":36,"gold_loss":0},{"damage_healed":0,"gold_gain":0,"player_choice":"Max HP","damage_taken":0,"max_hp_gain":0,"max_hp_loss":3,"event_name":"Winding Halls","floor":38,"gold_loss":0},{"damage_healed":0,"gold_gain":50,"player_choice":"Pray","damage_taken":0,"max_hp_gain":0,"max_hp_loss":0,"event_name":"Golden Shrine","floor":39,"gold_loss":0},{"damage_healed":0,"gold_gain":0,"player_choice":"Fight","damage_taken":0,"max_hp_gain":0,"max_hp_loss":0,"event_name":"Mysterious Sphere","floor":46,"gold_loss":0}],"is_beta":false,"boss_relics":[{"not_picked":["SacredBark","Velvet Choker"],"picked":"Black Star"},{"not_picked":["Busted Crown","Sozu"],"picked":"Nuclear Battery"}],"items_purged_floors":[],"is_endless":false,"potions_floor_spawned":[3,7,12,13,18,20,27,35],"killed_by":"2 Orb Walkers","ascension_level":20}}