{"host":"zsnmfqgcm92hlreo","time":1612481294,"event":{"mods":["AchievementEnabler","BaseMod","Bestiary","Block Reminder","Colored Map","Colored Powertips","Minty Spire (QoL Compilation)","Permanent Neow","Quick Restart","Relic Stats","StSLib","Weighted Paths"],"gold_per_floor":[118,132,144,154,165,165,165],"floor_reached":6,"language":"ENG","playtime":237,"items_purged":[],"score":80,"play_id":"ef653969-8cc6-4b2d-8185-a63317b069cd","local_time":"20210204172814","is_ascension_mode":true,"campfire_choices":[],"circlet_count":0,"master_deck":["AscendersBane","Strike_P","Strike_P","Strike_P","Strike_P","Defend_P","Defend_P","Defend_P","Defend_P","Eruption","Vigilance","MentalFortress","Sanctity","BowlingBash","CarveReality","ThirdEye"],"relics":["Fusion Hammer"],"acts_visited":["Exordium"],"potions_floor_usage":[],"damage_taken":[{"damage":0.0,"enemies":"Cultist","floor":1.0,"turns":2.0},{"damage":0.0,"enemies":"2 Louse","floor":2.0,"turns":2.0},{"damage":1.0,"enemies":"Jaw Worm","floor":3.0,"turns":4.0},{"damage":31.0,"enemies":"Exordium Thugs","floor":4.0,"turns":4.0},{"damage":2,"enemies":"Blue Slaver","floor":5,"turns":5},{"damage":56,"enemies":"Gremlin Nob","floor":6,"turns":3}],"seed_played":"4604243901213554806","potions_obtained":[{"floor":5,"key":"BottledMiracle"}],"is_trial":false,"path_per_floor":["M","M","M","M","M","E"],"character_chosen":"WATCHER","items_purchased":[],"campfire_rested":0,"item_purchase_floors":[],"current_hp_per_floor":[61,61,60,29,27,0,0],"gold":165,"neow_bonus":"BOSS_RELIC","is_daily":false,"chose_seed":false,"campfire_upgraded":0,"win_rate":0.0,"timestamp":1612481294,"path_taken":["M","M","M","M","M","E"],"items_purchased_type":[],"build_version":"2020-12-22","purchased_purges":0,"victory":false,"max_hp_per_floor":[68,68,68,68,68,68,68],"relic_stats":{"counters":[6,20],"obtain_stats":[{"Fusion Hammer":0,"PureWater":0},{"Fusion Hammer":0,"PureWater":0},{"Fusion Hammer":0,"PureWater":0}]},"card_choices":[{"not_picked":["FlyingSleeves","Evaluate"],"picked":"MentalFortress","floor":1.0},{"not_picked":["CrushJoints","JustLucky"],"picked":"Sanctity","floor":2.0},{"not_picked":["Nirvana","SashWhip"],"picked":"BowlingBash","floor":3.0},{"not_picked":["FollowUp","ClearTheMind"],"picked":"CarveReality","floor":4.0},{"not_picked":["PathToVictory","FollowUp"],"picked":"ThirdEye","floor":5}],"player_experience":1019331,"relics_obtained":[],"event_choices":[],"is_beta":false,"boss_relics":[],"items_purged_floors":[],"is_endless":false,"potions_floor_spawned":[5],"killed_by":"Gremlin Nob","ascension_level":20}}