{"host":"x5w9zppki4gdwvc7","time":1612424192,"event":{"mods":["AchievementEnabler","BaseMod","Colored Powertips","DeckTracker","Minty Spire (QoL Compilation)","SuperFastMode"],"gold_per_floor":[109,129,79,93,108,108,140,140,164,179,32,32,207,226,226,226,226],"floor_reached":16,"language":"ENG","playtime":588,"items_purged":[],"score":122,"play_id":"18956d87-16fb-4c0d-832d-96df520e148a","local_time":"20210204083632","is_ascension_mode":true,"campfire_choices":[{"data":"Bash","floor":6,"key":"SMITH"},{"floor":8,"key":"REST"},{"floor":15,"key":"REST"}],"circlet_count":0,"master_deck":["Strike_R","Strike_R","Strike_R","Strike_R","Defend_R","Defend_R","Defend_R","Defend_R","Bash+1","Limit Break","Intimidate","Pommel Strike","Doubt","Body Slam"],"relics":["Burning Blood","Blood Vial","Akabeko","Membership Card"],"acts_visited":["Exordium"],"potions_floor_usage":[16,16,16],"damage_taken":[{"damage":11,"enemies":"2 Louse","floor":1,"turns":4},{"damage":8,"enemies":"Small Slimes","floor":2,"turns":5},{"damage":14,"enemies":"Jaw Worm","floor":4,"turns":4},{"damage":19,"enemies":"Exordium Wildlife","floor":5,"turns":6},{"damage":45,"enemies":"3 Sentries","floor":7,"turns":9},{"damage":38,"enemies":"Exordium Thugs","floor":10,"turns":8},{"damage":4,"enemies":"2 Fungi Beasts","floor":14,"turns":4},{"damage":46,"enemies":"Slime Boss","floor":16,"turns":9}],"seed_played":"-3041750441287237649","potions_obtained":[{"floor":1,"key":"Dexterity Potion"},{"floor":5,"key":"SteroidPotion"},{"floor":7,"key":"SteroidPotion"}],"is_trial":false,"path_per_floor":["M","M","?","M","M","R","E","R","T","M","$","?","?","M","R","B"],"character_chosen":"IRONCLAD","items_purchased":["Membership Card"],"campfire_rested":2,"item_purchase_floors":[11],"current_hp_per_floor":[75,73,73,65,52,52,13,37,37,7,7,7,7,11,35,0,0],"gold":226,"neow_bonus":"ONE_RANDOM_RARE_CARD","is_daily":false,"chose_seed":false,"campfire_upgraded":1,"win_rate":0.0,"timestamp":1612424192,"path_taken":["M","M","?","M","M","R","E","R","T","M","$","?","?","M","R","BOSS"],"items_purchased_type":["Relic"],"build_version":"2020-12-22","purchased_purges":0,"victory":false,"max_hp_per_floor":[80,80,80,80,80,80,80,80,80,80,80,80,80,80,80,80,80],"card_choices":[{"not_picked":["Dark Embrace","Fire Breathing"],"picked":"Intimidate","floor":1},{"not_picked":["Armaments","Dark Embrace","True Grit"],"picked":"SKIP","floor":2},{"not_picked":["Metallicize","Armaments"],"picked":"Pommel Strike","floor":4},{"not_picked":["Metallicize","Sentinel","Havoc"],"picked":"SKIP","floor":5},{"not_picked":["Dark Embrace","Hemokinesis","Headbutt"],"picked":"SKIP","floor":7},{"not_picked":["Headbutt","Second Wind","Burning Pact"],"picked":"SKIP","floor":10},{"not_picked":["Thunderclap","Hemokinesis"],"picked":"Body Slam","floor":14}],"player_experience":450625,"relics_obtained":[{"floor":7,"key":"Blood Vial"},{"floor":9,"key":"Akabeko"}],"event_choices":[{"cards_removed":["Strike_R"],"damage_healed":0,"gold_gain":0,"player_choice":"Card Removal","damage_taken":0,"max_hp_gain":0,"max_hp_loss":0,"event_name":"The Cleric","floor":3,"gold_loss":50},{"damage_healed":0,"gold_gain":0,"player_choice":"Fled","damage_taken":0,"max_hp_gain":0,"max_hp_loss":0,"event_name":"Scrap Ooze","floor":12,"gold_loss":0},{"damage_healed":0,"gold_gain":175,"player_choice":"AGREE","damage_taken":0,"max_hp_gain":0,"max_hp_loss":0,"event_name":"Liars Game","floor":13,"gold_loss":0,"cards_obtained":["Doubt"]}],"is_beta":false,"boss_relics":[],"items_purged_floors":[],"is_endless":false,"potions_floor_spawned":[1,5,7],"killed_by":"Slime Boss","ascension_level":4}}