{"host":"61r95uy0hn86b9iu","time":1612411043,"event":{"mods":["AchievementEnabler","BaseMod","Better Vampires","BetterRewards","Colored Powertips","Hubris","Minty Spire (QoL Compilation)","Shop Mod","StSLib"],"gold_per_floor":[115,40,190,190,208,208,238,238,238,238,268,286,298,85,85,162,162,177,210,5,5,5,5,5,25,49,63,63,78,88,102,102,102,102],"floor_reached":33,"language":"ENG","playtime":1022,"items_purged":["Doubt"],"score":692,"play_id":"b83c2cc1-41d9-4271-950e-9cff61e21f88","local_time":"20210203215723","is_ascension_mode":true,"campfire_choices":[{"data":"Lockon","floor":6.0,"key":"SMITH"},{"floor":8.0,"key":"REST"},{"floor":10.0,"key":"REST"},{"floor":15.0,"key":"REST"},{"floor":23.0,"key":"REST"},{"data":"Metamorphosis","floor":24.0,"key":"SMITH"},{"floor":28.0,"key":"REST"},{"floor":32.0,"key":"REST"}],"circlet_count":0,"master_deck":["AscendersBane","Strike_B","Defend_B","Defend_B","Defend_B","Defend_B","Zap","Dualcast","Static Discharge+1","Lockon+1","Coolheaded","Conserve Battery","FTL","Consume","Metamorphosis+1","Core Surge","Meteor Strike","All For One","Glacier"],"relics":["Cracked Core","Membership Card","Oddly Smooth Stone","Gambling Chip","hubris:CuriousFeather","StoneCalendar","hubris:TenFootPole","MerchantsRug","Red Mask","WingedGreaves","Peace Pipe","Happy Flower"],"acts_visited":["Exordium","TheCity"],"potions_floor_usage":[33],"damage_taken":[{"damage":6.0,"enemies":"Jaw Worm","floor":1.0,"turns":2.0},{"damage":0.0,"enemies":"Small Slimes","floor":5.0,"turns":2.0},{"damage":28.0,"enemies":"Lagavulin","floor":7.0,"turns":5.0},{"damage":35.0,"enemies":"Gremlin Nob","floor":11.0,"turns":3.0},{"damage":0.0,"enemies":"2 Louse","floor":12.0,"turns":2.0},{"damage":5.0,"enemies":"Blue Slaver","floor":13.0,"turns":3.0},{"damage":14.0,"enemies":"Hexaghost","floor":16.0,"turns":6.0},{"damage":6.0,"enemies":"Chosen","floor":18.0,"turns":4.0},{"damage":30.0,"enemies":"Masked Bandits","floor":19.0,"turns":3.0},{"damage":18.0,"enemies":"3 Byrds","floor":25.0,"turns":4.0},{"damage":18.0,"enemies":"Snake Plant","floor":27.0,"turns":3.0},{"damage":32.0,"enemies":"3 Cultists","floor":29.0,"turns":5.0},{"damage":6.0,"enemies":"Centurion and Healer","floor":30.0,"turns":6.0},{"damage":10.0,"enemies":"Shelled Parasite and Fungi","floor":31.0,"turns":6.0},{"damage":48,"enemies":"Automaton","floor":33,"turns":6}],"seed_played":"8194130990819646766","potions_obtained":[{"floor":12.0,"key":"Weak Potion"},{"floor":13.0,"key":"Block Potion"},{"floor":22.0,"key":"ColorlessPotion"},{"floor":22.0,"key":"FairyPotion"},{"floor":29.0,"key":"DuplicationPotion"},{"floor":31.0,"key":"Fire Potion"}],"is_trial":false,"path_per_floor":["M","?","?","?","M","R","E","R","T","R","E","M","M","$","R","B",null,"M","?","$","?","?","R","R","M","T","M","R","M","M","M","R","B"],"character_chosen":"DEFECT","items_purchased":["Membership Card","Static Discharge","Oddly Smooth Stone","MerchantsRug","Metamorphosis","WingedGreaves","Peace Pipe"],"campfire_rested":6,"item_purchase_floors":[0,0,0,14,14,20,20],"current_hp_per_floor":[51,51,51,51,51,51,23,44,44,65,30,30,25,25,46,32,61,55,25,25,25,25,46,46,28,28,10,31,21,15,5,26,0,0],"gold":102,"neow_bonus":"","is_daily":false,"chose_seed":false,"campfire_upgraded":2,"win_rate":0.0,"timestamp":1612411043,"path_taken":["M","?","?","?","M","R","E","R","T","R","E","M","M","?","R","BOSS","M","?","$","?","?","R","R","?","T","M","R","M","M","M","R","BOSS"],"items_purchased_type":["Relic","Card","Relic","Relic","Card","Relic","Relic"],"build_version":"2020-12-22","purchased_purges":1,"victory":false,"max_hp_per_floor":[71,71,71,71,71,71,71,71,71,71,71,71,71,71,71,71,71,71,71,71,71,71,71,71,71,71,71,71,71,71,71,71,71,71],"card_choices":[{"not_picked":["Double Energy","Loop"],"picked":"Lockon","floor":1.0},{"not_picked":["Hologram","Gash"],"picked":"Coolheaded","floor":5.0},{"not_picked":["Blizzard","Leap"],"picked":"Conserve Battery","floor":7.0},{"not_picked":["Redo","Ball Lightning"],"picked":"FTL","floor":11.0},{"not_picked":["Cold Snap","Conserve Battery","Go for the Eyes"],"picked":"SKIP","floor":12.0},{"not_picked":["Coolheaded","Compile Driver"],"picked":"Consume","floor":13.0},{"not_picked":["Creative AI","hubris:DoWhile"],"picked":"Core Surge","floor":16.0},{"not_picked":["Rebound","Cold Snap","Stack"],"picked":"SKIP","floor":18.0},{"not_picked":["Redo","Go for the Eyes","Melter+1"],"picked":"SKIP","floor":25.0},{"not_picked":["Coolheaded","Rebound+1"],"picked":"Glacier","floor":27.0},{"not_picked":["hubris:Ukulele","Beam Cell","Cold Snap"],"picked":"SKIP","floor":29.0},{"not_picked":["Ball Lightning","Redo+1","Sweeping Beam"],"picked":"SKIP","floor":30.0},{"not_picked":["Sweeping Beam","Cold Snap","Rip and Tear"],"picked":"SKIP","floor":31.0}],"player_experience":3344640,"relics_obtained":[{"floor":7.0,"key":"hubris:CuriousFeather"},{"floor":9.0,"key":"StoneCalendar"},{"floor":11.0,"key":"hubris:TenFootPole"},{"floor":19.0,"key":"Red Mask"},{"floor":26.0,"key":"Happy Flower"}],"event_choices":[{"cards_removed":["Strike_B"],"damage_healed":0.0,"max_hp_gain":0.0,"max_hp_loss":0.0,"gold_gain":0.0,"event_name":"The Cleric","player_choice":"Card Removal","floor":2.0,"gold_loss":75.0,"damage_taken":0.0},{"damage_healed":0.0,"max_hp_gain":0.0,"max_hp_loss":0.0,"gold_gain":150.0,"event_name":"Liars Game","player_choice":"AGREE","floor":3.0,"gold_loss":0.0,"damage_taken":0.0,"cards_obtained":["Doubt"]},{"damage_healed":0.0,"max_hp_gain":0.0,"max_hp_loss":0.0,"gold_gain":0.0,"event_name":"Masked Bandits","player_choice":"Fought Bandits","floor":19.0,"gold_loss":0.0,"damage_taken":0.0},{"damage_healed":0.0,"max_hp_gain":0.0,"max_hp_loss":0.0,"gold_gain":0.0,"cards_transformed":["Strike_B","Strike_B"],"event_name":"Drug Dealer","player_choice":"Became Test Subject","floor":21.0,"gold_loss":0.0,"damage_taken":0.0,"cards_obtained":["Meteor Strike","All For One"]},{"damage_healed":0.0,"max_hp_gain":0.0,"max_hp_loss":0.0,"gold_gain":0.0,"event_name":"Lab","player_choice":"Got Potions","floor":22.0,"gold_loss":0.0,"damage_taken":0.0}],"is_beta":false,"boss_relics":[{"not_picked":["hubris:GrandSneckoEye","Snecko Eye"],"picked":"Cursed Key"}],"items_purged_floors":[14],"is_endless":false,"potions_floor_spawned":[12,13,27,29,31],"killed_by":"Automaton","ascension_level":19}}