{"host":"6a9c3xws62y7efyw","time":1612419413,"event":{"mods":["BaseMod","Colored Map","Minty Spire (QoL Compilation)","Relic Stats","StSLib"],"gold_per_floor":[113,24,35,51,51,51,83,83,83,83,141,151,151,167,167,241,241,254,35,53,103,1,18,46,46,46],"floor_reached":25,"language":"ENG","playtime":1026,"items_purged":[],"score":442,"play_id":"c1c2ec7e-deae-4e65-b850-d2a2eb02c338","local_time":"20210203221653","is_ascension_mode":true,"campfire_choices":[{"data":"Backstab","floor":6,"key":"SMITH"},{"floor":8,"key":"REST"},{"data":"Neutralize","floor":10,"key":"SMITH"},{"data":"Crippling Poison","floor":13,"key":"SMITH"},{"data":"Bane","floor":15,"key":"SMITH"}],"circlet_count":0,"master_deck":["AscendersBane","Strike_G","Strike_G","Strike_G","Strike_G","Strike_G","Defend_G","Defend_G","Defend_G","Defend_G","Defend_G","Survivor","Neutralize+1","Noxious Fumes+1","Backstab+1","Well Laid Plans","Backflip","Bane+1","Deflect","Crippling Poison+1","Deflect","Malaise","Slice","Infinite Blades","Storm of Steel","Prepared","Leg Sweep+1","Underhanded Strike","Dash","Blade Dance","Cloak And Dagger+1"],"relics":["Ring of the Snake","NeowsBlessing","Tingsha","Ice Cream","Kunai","Coffee Dripper","Question Card"],"acts_visited":["Exordium","TheCity"],"potions_floor_usage":[7,11,23,24,24,25],"damage_taken":[{"damage":0,"enemies":"Cultist","floor":1,"turns":1},{"damage":0,"enemies":"Small Slimes","floor":3,"turns":1},{"damage":0,"enemies":"Jaw Worm","floor":4,"turns":1},{"damage":46,"enemies":"Gremlin Nob","floor":7,"turns":5},{"damage":5,"enemies":"3 Sentries","floor":11,"turns":7},{"damage":12,"enemies":"Exordium Thugs","floor":12,"turns":5},{"damage":0,"enemies":"Large Slime","floor":14,"turns":5},{"damage":14,"enemies":"Hexaghost","floor":16,"turns":10},{"damage":0,"enemies":"3 Byrds","floor":18,"turns":5},{"damage":11,"enemies":"Shell Parasite","floor":20,"turns":6},{"damage":23,"enemies":"Shelled Parasite and Fungi","floor":23,"turns":5},{"damage":16,"enemies":"Gremlin Leader","floor":24,"turns":6},{"damage":16,"enemies":"Masked Bandits","floor":25,"turns":3}],"seed_played":"8035047687213431261","potions_obtained":[{"floor":3,"key":"PowerPotion"},{"floor":14,"key":"Explosive Potion"},{"floor":16,"key":"Fruit Juice"},{"floor":23,"key":"SkillPotion"},{"floor":24,"key":"SkillPotion"}],"is_trial":false,"path_per_floor":["M","$","M","M","?","R","E","R","T","R","?","M","R","M","R","B",null,"M","$","M","?","$","M","E","?"],"character_chosen":"THE_SILENT","items_purchased":["Backstab","Explosive Potion","Infinite Blades","Storm of Steel","Prepared","Underhanded Strike","Dash"],"campfire_rested":1,"item_purchase_floors":[2,2,19,19,19,22,22],"current_hp_per_floor":[59,59,59,59,59,59,13,32,32,32,27,15,15,15,15,1,50,50,50,39,39,39,21,5,0,0],"gold":46,"neow_bonus":"THREE_ENEMY_KILL","is_daily":false,"chose_seed":false,"campfire_upgraded":4,"win_rate":0.0,"timestamp":1612419413,"path_taken":["M","$","M","?","?","R","E","R","T","R","?","M","R","M","R","BOSS","M","$","M","?","?","M","E","?"],"items_purchased_type":["Card","Potion","Card","Card","Card","Card","Card"],"build_version":"2020-12-22","purchased_purges":0,"victory":false,"max_hp_per_floor":[66,66,66,66,66,66,66,66,66,66,66,66,66,66,66,66,66,66,66,66,66,66,71,71,71,71],"relic_stats":{"counters":[13,60],"Tingsha":[61],"Kunai":[21],"Question Card":0,"obtain_stats":[{"Ice Cream":9,"NeowsBlessing":0,"Tingsha":7,"Coffee Dripper":17,"Kunai":11,"Question Card":24,"Ring of the Snake":0},{"Ice Cream":4,"NeowsBlessing":0,"Tingsha":4,"Coffee Dripper":8,"Kunai":4,"Question Card":12,"Ring of the Snake":0},{"Ice Cream":8,"NeowsBlessing":0,"Tingsha":8,"Coffee Dripper":35,"Kunai":8,"Question Card":57,"Ring of the Snake":0}],"Ring of the Snake":[26]},"card_choices":[{"not_picked":["Dagger Spray","Flying Knee"],"picked":"Noxious Fumes","floor":1},{"not_picked":["Dagger Throw","Deflect"],"picked":"Well Laid Plans","floor":3},{"not_picked":["Accuracy","Acrobatics"],"picked":"Backflip","floor":4},{"not_picked":["Riddle With Holes","PiercingWail"],"picked":"Bane","floor":7},{"not_picked":["Grand Finale","Finisher"],"picked":"Deflect","floor":11},{"not_picked":["Riddle With Holes","Escape Plan"],"picked":"Crippling Poison","floor":12},{"not_picked":["Finisher","PiercingWail"],"picked":"Deflect","floor":14},{"not_picked":["Grand Finale","Doppelganger"],"picked":"Malaise","floor":16},{"not_picked":["Well Laid Plans","Terror"],"picked":"Slice","floor":18},{"not_picked":["Flying Knee","Dodge and Roll"],"picked":"Leg Sweep+1","floor":20},{"not_picked":["Dash","Dodge and Roll"],"picked":"Blade Dance","floor":23},{"not_picked":["Predator","Quick Slash"],"picked":"Cloak And Dagger+1","floor":24}],"player_experience":1479070,"relics_obtained":[{"floor":7,"key":"Tingsha"},{"floor":9,"key":"Ice Cream"},{"floor":24,"key":"Question Card"}],"event_choices":[{"damage_healed":0,"gold_gain":0,"player_choice":"Grow","damage_taken":0,"max_hp_gain":0,"max_hp_loss":0,"event_name":"Living Wall","floor":5,"gold_loss":0,"cards_upgraded":["Noxious Fumes"]},{"damage_healed":0,"gold_gain":0,"player_choice":"Searched \u00272\u0027 times","damage_taken":0,"relics_obtained":["Kunai"],"max_hp_gain":0,"max_hp_loss":0,"event_name":"Dead Adventurer","floor":11,"gold_loss":0},{"damage_healed":0,"gold_gain":50,"player_choice":"Pray","damage_taken":0,"max_hp_gain":0,"max_hp_loss":0,"event_name":"Golden Shrine","floor":21,"gold_loss":0},{"damage_healed":0,"gold_gain":0,"player_choice":"Fought Bandits","damage_taken":0,"max_hp_gain":0,"max_hp_loss":0,"event_name":"Masked Bandits","floor":25,"gold_loss":0}],"is_beta":false,"boss_relics":[{"not_picked":["HoveringKite","SlaversCollar"],"picked":"Coffee Dripper"}],"items_purged_floors":[],"is_endless":false,"potions_floor_spawned":[3,4,14,16,23,24],"killed_by":"Masked Bandits","ascension_level":20}}