{"host":"2se5dq1do2gp0x9k","time":1612413677,"event":{"mods":["AchievementEnabler","BaseMod","Block Reminder","Colored Map","Colored Powertips","Minty Spire (QoL Compilation)","Relic Stats","StSLib","SuperFastMode"],"gold_per_floor":[115,132,156,306,318,318,318,318],"floor_reached":7,"language":"ENG","playtime":143,"items_purged":[],"score":82,"play_id":"752d55d6-63ee-4454-8e92-f0b5d5941b82","local_time":"20210203204117","is_ascension_mode":true,"campfire_choices":[{"data":"Zap","floor":6,"key":"SMITH"}],"circlet_count":0,"master_deck":["AscendersBane","Strike_B","Strike_B","Strike_B","Strike_B","Defend_B","Defend_B","Defend_B","Defend_B","Zap+1","Dualcast","Undo","Compile Driver","Doubt","Conserve Battery"],"relics":["Sozu","Regal Pillow"],"acts_visited":["Exordium"],"potions_floor_usage":[],"damage_taken":[{"damage":0,"enemies":"Cultist","floor":1,"turns":4},{"damage":0,"enemies":"Small Slimes","floor":2,"turns":3},{"damage":2,"enemies":"Jaw Worm","floor":5,"turns":5},{"damage":70,"enemies":"Gremlin Nob","floor":7,"turns":4}],"seed_played":"-6815737488253819459","potions_obtained":[],"is_trial":false,"path_per_floor":["M","M","T","?","M","R","E"],"character_chosen":"DEFECT","items_purchased":[],"campfire_rested":0,"item_purchase_floors":[],"current_hp_per_floor":[64,64,64,64,62,62,0,0],"gold":318,"neow_bonus":"BOSS_RELIC","is_daily":false,"chose_seed":false,"campfire_upgraded":1,"win_rate":0.0,"timestamp":1612413677,"path_taken":["M","M","?","?","M","R","E"],"items_purchased_type":[],"build_version":"2020-12-22","purchased_purges":0,"victory":false,"max_hp_per_floor":[71,71,71,71,71,71,71,71],"relic_stats":{"Sozu":1,"Regal Pillow":0,"counters":[4,16],"obtain_stats":[{"Sozu":0,"Regal Pillow":3,"Cracked Core":0},{"Sozu":0,"Regal Pillow":2,"Cracked Core":0},{"Sozu":0,"Regal Pillow":7,"Cracked Core":0}]},"card_choices":[{"not_picked":["Barrage","Hologram"],"picked":"Undo","floor":1},{"not_picked":["Force Field","Beam Cell"],"picked":"Compile Driver","floor":2},{"not_picked":["Redo","Barrage"],"picked":"Conserve Battery","floor":5}],"player_experience":4062713,"relics_obtained":[{"floor":3,"key":"Regal Pillow"}],"event_choices":[{"damage_healed":0,"gold_gain":150,"player_choice":"AGREE","damage_taken":0,"max_hp_gain":0,"max_hp_loss":0,"event_name":"Liars Game","floor":4,"gold_loss":0,"cards_obtained":["Doubt"]}],"is_beta":false,"boss_relics":[],"items_purged_floors":[],"is_endless":false,"potions_floor_spawned":[1],"killed_by":"Gremlin Nob","ascension_level":20}}