{"host":"vqgrg90fv56geajp","time":1612451414,"event":{"mods":["BaseMod","Colored Map","Colored Powertips","Minty Spire (QoL Compilation)","Quick Restart","Rare Cards Sparkle","Relic Stats"],"gold_per_floor":[109,109,128,128,3,33,33,63,63,78,96,96,110,124,124,124,124],"floor_reached":16,"language":"ENG","playtime":1091,"items_purged":[],"score":224,"play_id":"981c74e2-e69d-4ad9-888e-6f806c87069e","local_time":"20210204171014","is_ascension_mode":true,"campfire_choices":[{"floor":7,"key":"REST"},{"floor":12,"key":"REST"},{"floor":15,"key":"REST"}],"circlet_count":0,"master_deck":["AscendersBane","Strike_G","Strike_G","Strike_G","Strike_G","Strike_G","Defend_G","Defend_G","Defend_G","Defend_G","Survivor","Neutralize","Choke","Underhanded Strike","Well Laid Plans","Eviscerate","Calculated Gamble","Underhanded Strike","Leg Sweep","Infinite Blades","Calculated Gamble"],"relics":["Ring of the Snake","Pocketwatch","Ginger","Strawberry","Incense Burner","Question Card"],"acts_visited":["Exordium"],"potions_floor_usage":[8,14,14],"damage_taken":[{"damage":8,"enemies":"2 Louse","floor":1,"turns":3},{"damage":1,"enemies":"Small Slimes","floor":3,"turns":3},{"damage":19,"enemies":"3 Sentries","floor":6,"turns":9},{"damage":34,"enemies":"Gremlin Nob","floor":8,"turns":5},{"damage":0,"enemies":"Jaw Worm","floor":10,"turns":4},{"damage":5,"enemies":"Gremlin Gang","floor":11,"turns":6},{"damage":1,"enemies":"Blue Slaver","floor":13,"turns":4},{"damage":0,"enemies":"Lots of Slimes","floor":14,"turns":4},{"damage":41,"enemies":"Hexaghost","floor":16,"turns":15}],"seed_played":"6296511946435394820","potions_obtained":[{"floor":6,"key":"EssenceOfSteel"},{"floor":10,"key":"SpeedPotion"},{"floor":13,"key":"Poison Potion"},{"floor":14,"key":"SpeedPotion"}],"is_trial":false,"path_per_floor":["M","?","M","?","$","E","R","E","T","M","M","R","M","M","R","B"],"character_chosen":"THE_SILENT","items_purchased":["Well Laid Plans","Eviscerate"],"campfire_rested":3,"item_purchase_floors":[5,5],"current_hp_per_floor":[51,44,43,32,32,20,40,6,6,6,1,21,20,20,40,0,0],"gold":124,"neow_bonus":"ONE_RARE_RELIC","is_daily":false,"chose_seed":false,"campfire_upgraded":0,"win_rate":0.0,"timestamp":1612451414,"path_taken":["M","?","M","?","?","E","R","E","T","M","M","R","M","M","R","BOSS"],"items_purchased_type":["Card","Card"],"build_version":"2020-12-22","purchased_purges":0,"victory":false,"max_hp_per_floor":[60,60,60,60,60,67,67,67,67,67,67,67,67,67,67,67,67],"relic_stats":{"counters":[9,53],"Ginger":[6],"Question Card":4,"obtain_stats":[{"Strawberry":6,"Incense Burner":8,"Ginger":4,"Question Card":9,"Ring of the Snake":0,"Pocketwatch":0},{"Strawberry":3,"Incense Burner":4,"Ginger":2,"Question Card":4,"Ring of the Snake":0,"Pocketwatch":0},{"Strawberry":15,"Incense Burner":20,"Ginger":6,"Question Card":20,"Ring of the Snake":0,"Pocketwatch":0}],"Ring of the Snake":[18],"Pocketwatch":[93]},"card_choices":[{"not_picked":["Blade Dance","Reflex"],"picked":"Choke","floor":1},{"not_picked":["PiercingWail","Deflect"],"picked":"Underhanded Strike","floor":3},{"not_picked":["Flechettes","Sucker Punch","Acrobatics"],"picked":"SKIP","floor":6},{"not_picked":["Doppelganger","Setup"],"picked":"Calculated Gamble","floor":8},{"not_picked":["Poisoned Stab","Flying Knee","Masterful Stab"],"picked":"Underhanded Strike","floor":10},{"not_picked":["Dagger Spray","Acrobatics","Deflect"],"picked":"Leg Sweep","floor":11},{"not_picked":["Tactician","Poisoned Stab","Grand Finale"],"picked":"Infinite Blades","floor":13},{"not_picked":["Underhanded Strike","Expertise","Choke"],"picked":"Calculated Gamble","floor":14}],"player_experience":2551560,"relics_obtained":[{"floor":6,"key":"Strawberry"},{"floor":8,"key":"Incense Burner"},{"floor":9,"key":"Question Card"}],"event_choices":[{"cards_removed":["Defend_G"],"damage_healed":0,"gold_gain":0,"player_choice":"Card Removal","damage_taken":7,"max_hp_gain":0,"max_hp_loss":0,"event_name":"Golden Wing","floor":2,"gold_loss":0},{"damage_healed":0,"gold_gain":0,"player_choice":"Success","damage_taken":11,"relics_obtained":["Ginger"],"max_hp_gain":0,"max_hp_loss":0,"event_name":"Scrap Ooze","floor":4,"gold_loss":0}],"is_beta":false,"boss_relics":[],"items_purged_floors":[],"is_endless":false,"potions_floor_spawned":[6,10,13,14],"killed_by":"Hexaghost","ascension_level":20}}