{"host":"xx5zt3jtdyh8iun7","time":1612466164,"event":{"mods":["AchievementEnabler","Act Like it!","BaseMod","Downfall","Hallownest","Minty Spire (QoL Compilation)","StSLib","The Dragon Tamer","The Marked"],"gold_per_floor":[114,184,114,132,57,57,92,92,92,192,223,238,238,238,238,343,343,357,312,322,372,392,392,427,427,427,131,131,131,147,21,21,117,117,221,233,6,100,191,191,286,286,286,379,464,49,141,56,56,56],"floor_reached":51,"language":"ENG","playtime":5426,"items_purged":["DTMod:Strike","DTMod:Strike","DTMod:Strike"],"score":750,"play_id":"6515bb62-8861-453b-b79d-0ec9cfb01a96","local_time":"20210204201604","is_ascension_mode":false,"metric_token":595,"campfire_choices":[{"data":"DTMod:TriAttack","floor":6.0,"key":"SMITH"},{"data":"DTMod:Dissolve","floor":8.0,"key":"SMITH"},{"data":"DTMod:Training","floor":13.0,"key":"SMITH"},{"data":"DTMod:Astonish","floor":15.0,"key":"SMITH"},{"floor":23,"key":"REST"},{"floor":25,"key":"REST"},{"floor":32,"key":"REST"},{"data":"DTMod:HeadStart","floor":40,"key":"SMITH"},{"floor":42,"key":"REST"},{"floor":49,"key":"REST"}],"dtmod_dragon_data":[28,50,1,4,12,1],"circlet_count":0,"master_deck":["DTMod:Strike","DTMod:DoubleHit","DTMod:TargetDefense","DTMod:TargetDefense","DTMod:TargetDefense","DTMod:TargetDefense","DTMod:SwitchingTactic","DTMod:QuickFly","DTMod:Safeguard","DTMod:Dissolve+1","DTMod:TriAttack+1","DTMod:Feint","DTMod:Astonish+1","DTMod:MasterPlan","DTMod:Training+1","DTMod:StunTrap","DTMod:DarkBreath+1","DTMod:Weaken","DTMod:Hide+1","DTMod:LightShield","DTMod:LastStand","DTMod:Conduct","DTMod:DragonDance","DTMod:BalancedStrike+1","DTMod:ShieldDrain","DTMod:Cover","DTMod:TriAttack","CurseOfTheBell","DTMod:QuickFly+1","DTMod:HeadStart+1","DTMod:LightShield","DTMod:BurningEnergy+1","DTMod:InvisibleFlame+1","DTMod:Weaken+1","DTMod:InvisibleFlame","DTMod:QuickFly+1","DTMod:ShadowImage","DTMod:Adaptation","DTMod:Multitask","Dark Shackles","DTMod:Shift+1","Hallownest:skillKingdomsEdgeMap"],"relics":["DTMod:PactStone","NeowsBlessing","Prayer Wheel","Dead Branch","Mummified Hand","Hallownest:SalubrasBlessingRelic","DTMod:TheChair","Torii","Ornamental Fan","Nunchaku","WarpedTongs","Calling Bell","MawBank","Blue Candle","CaptainsWheel","DTMod:AncientBone","Whetstone"],"acts_visited":["Hallownest:Greenpath","Hallownest:CityofTears","Hallownest:KingdomsEdge"],"potions_floor_usage":[18,21,24,38,39,50,50],"damage_taken":[{"damage":0.0,"enemies":"Hallownest:2_MossCreeps","floor":1.0,"turns":2.0},{"damage":0.0,"enemies":"Hallownest:monsterHuskWarrior","floor":4.0,"turns":1.0},{"damage":0.0,"enemies":"Hallownest:eliteMossKnight","floor":7.0,"turns":1.0},{"damage":0.0,"enemies":"Hallownest:eliteCrystalGuardian","floor":11.0,"turns":7.0},{"damage":0.0,"enemies":"Hallownest:2_Tiktiks_and_1_Crawlid","floor":12.0,"turns":4.0},{"damage":30.0,"enemies":"Hallownest:BossBrokenVessel","floor":16.0,"turns":13.0},{"damage":1,"enemies":"Hallownest:3_Youths","floor":18,"turns":7},{"damage":0,"enemies":"Hallownest:2_Mistakes","floor":20,"turns":5},{"damage":0,"enemies":"Hallownest:Glutton_and_Coward","floor":21,"turns":4},{"damage":0,"enemies":"Hallownest:monsterShrumalOgre","floor":22,"turns":8},{"damage":0,"enemies":"Hallownest:eliteWatcherKnight","floor":24,"turns":14},{"damage":0,"enemies":"Hallownest:3_Mistakes","floor":30,"turns":9},{"damage":4,"enemies":"Hallownest:BossGrimm","floor":33,"turns":10},{"damage":13,"enemies":"Hallownest:2_Littles","floor":35,"turns":6},{"damage":0,"enemies":"Hallownest:Shield_Heavy","floor":38,"turns":5},{"damage":0,"enemies":"Hallownest:2_Soldiers_and_1_Guardian","floor":39,"turns":6},{"damage":11,"enemies":"Hallownest:Xero_Hu_Marmu","floor":41,"turns":6},{"damage":0,"enemies":"Hallownest:Slobbering_and_Violent","floor":44,"turns":5},{"damage":0,"enemies":"Hallownest:2_Great","floor":45,"turns":3},{"damage":0,"enemies":"Hallownest:monsterPrimalAspid","floor":47,"turns":4},{"damage":9,"enemies":"Hallownest:BossGreyPrinceZote","floor":50,"turns":6}],"seed_played":"5830440209512340245","potions_obtained":[{"floor":1.0,"key":"PowerPotion"},{"floor":12.0,"key":"Ancient Potion"},{"floor":16.0,"key":"Explosive Potion"},{"floor":18,"key":"FearPotion"},{"floor":21,"key":"sneckomod:MuddlingPotion"},{"floor":33,"key":"GamblersBrew"},{"floor":35,"key":"bronze:BurnAndBuffPotion"}],"is_trial":false,"path_per_floor":["M","?","$","M","$","R","E","R","T","?","E","M","R","?","R","B",null,"M","?","M","M","M","R","E","R","T","$","?","?","M","$","R","B",null,"M","?","$","M","M","R","M","R","T","M","M","$","M","?","R","B",null],"character_chosen":"THE_DT","items_purchased":["DTMod:Safeguard","DTMod:TriAttack","DTMod:BalancedStrike","Nunchaku","DTMod:Cover","DTMod:HeadStart","DTMod:LightShield","Whetstone","Dark Shackles","Energy Potion"],"campfire_rested":5,"item_purchase_floors":[3,5,27,27,31,37,37,46,46,46],"current_hp_per_floor":[45,45,45,45,45,45,45,45,45,45,45,45,45,45,45,15,45,44,44,44,44,44,47,47,49,49,49,49,45,45,45,51,47,51,38,38,38,38,38,38,27,44,44,44,44,44,44,44,55,46],"gold":56,"neow_bonus":"THREE_ENEMY_KILL","is_daily":false,"chose_seed":false,"campfire_upgraded":5,"win_rate":0.0,"timestamp":1612466164,"path_taken":["M","?","$","M","$","R","E","R","T","?","E","M","R","?","R","BOSS","M","?","M","M","?","R","E","R","T","$","?","?","M","$","R","BOSS","M","?","$","M","M","R","M","R","T","M","M","$","M","?","R","BOSS"],"items_purchased_type":["Card","Card","Card","Relic","Card","Card","Card","Relic","Card","Potion"],"build_version":"2020-12-22","purchased_purges":3,"victory":true,"max_hp_per_floor":[45,45,45,45,45,45,45,45,45,45,45,45,45,45,45,45,45,45,45,45,45,45,47,47,49,49,49,49,49,49,49,51,51,51,51,51,51,51,51,51,51,53,53,53,53,53,53,53,55,55],"card_choices":[{"not_picked":["DTMod:GhostSkin","DTMod:BuildUp"],"picked":"DTMod:QuickFly","floor":1.0},{"not_picked":["DTMod:WarmUp","DTMod:Coolant"],"picked":"DTMod:Dissolve","floor":4.0},{"not_picked":["DTMod:LowKick","DTMod:BlazingStrike"],"picked":"DTMod:Feint","floor":7.0},{"not_picked":["DTMod:TauntingStrike","DTMod:FlameSlash"],"picked":"DTMod:Astonish","floor":11.0},{"not_picked":["DTMod:BurningEnergy","DTMod:ComboAttack"],"picked":"DTMod:MasterPlan","floor":12.0},{"not_picked":["DTMod:BlazingStrike","DTMod:Shift"],"picked":"DTMod:Training","floor":12.0},{"not_picked":["DTMod:Outburst","DTMod:ExcessFootwork"],"picked":"DTMod:StunTrap","floor":16.0},{"not_picked":["DTMod:BlueScale","DTMod:BuildUp+1"],"picked":"DTMod:DarkBreath","floor":18},{"not_picked":["DTMod:BlazingStrike","DTMod:CleansingStrike"],"picked":"DTMod:Weaken","floor":18},{"not_picked":["DTMod:Feint","DTMod:BurningForce"],"picked":"DTMod:Hide+1","floor":20},{"not_picked":["DTMod:BurningEnergy","DTMod:Feint","DTMod:BuildUp"],"picked":"SKIP","floor":20},{"not_picked":["DTMod:TagTeam","DTMod:Cover"],"picked":"DTMod:LightShield","floor":21},{"not_picked":["DTMod:MasterPlan","DTMod:Weaken+1"],"picked":"DTMod:LastStand","floor":21},{"not_picked":["DTMod:BizarreTactic","DTMod:HeatWave"],"picked":"DTMod:Conduct","floor":22},{"not_picked":["DTMod:BurningForce","DTMod:EchoTactic"],"picked":"DTMod:DragonDance","floor":22},{"not_picked":["DTMod:FlameSlash","DTMod:DarkBreath","DTMod:BreakAttack"],"picked":"SKIP","floor":24},{"not_picked":["DTMod:Cover","DTMod:BizarreTactic+1"],"picked":"DTMod:ShieldDrain","floor":30},{"not_picked":["DTMod:Feint","DTMod:BizarreTactic","DTMod:SealedStrike"],"picked":"SKIP","floor":30},{"not_picked":["DTMod:EchoTactic","DTMod:SealedStrike"],"picked":"DTMod:TriAttack","floor":33},{"not_picked":["DTMod:StarRain+1","DTMod:PurifyingFlame+1"],"picked":"DTMod:QuickFly+1","floor":35},{"not_picked":["DTMod:Cover","DTMod:Weaken","DTMod:LowKick"],"picked":"SKIP","floor":35},{"not_picked":["DTMod:StarRain+1","DTMod:FlameSlash+1"],"picked":"DTMod:BurningEnergy+1","floor":38},{"not_picked":["DTMod:LowKick","DTMod:FlameSlash"],"picked":"DTMod:InvisibleFlame+1","floor":38},{"not_picked":["DTMod:HeatWave+1","DTMod:FlameSlash"],"picked":"DTMod:Weaken+1","floor":39},{"not_picked":["DTMod:ForkedFire","DTMod:Hide"],"picked":"DTMod:InvisibleFlame","floor":39},{"not_picked":["DTMod:MaximumCharge+1","DTMod:CleansingStrike+1"],"picked":"DTMod:QuickFly+1","floor":41},{"not_picked":["DTMod:CalculatedDefense","DTMod:Overwhelm","DTMod:BreakAttack"],"picked":"SKIP","floor":41},{"not_picked":["DTMod:CleansingStrike+1","DTMod:BreakAttack+1"],"picked":"DTMod:ShadowImage","floor":44},{"not_picked":["DTMod:BurningEnergy+1","DTMod:BreakAttack"],"picked":"DTMod:Adaptation","floor":44},{"not_picked":["DTMod:BurningEnergy","DTMod:BizarreTactic+1"],"picked":"DTMod:Multitask","floor":45},{"not_picked":["DTMod:FlameSlash","DTMod:DarkBreath+1","DTMod:BurningEnergy+1"],"picked":"SKIP","floor":45},{"not_picked":["DTMod:Punisher+1","DTMod:MasterPlan"],"picked":"DTMod:Shift+1","floor":47},{"not_picked":["DTMod:Punisher","DTMod:ForkedFire+1","DTMod:Hide+1"],"picked":"SKIP","floor":47}],"player_experience":871350,"relics_obtained":[{"floor":7.0,"key":"Prayer Wheel"},{"floor":9.0,"key":"Dead Branch"},{"floor":11.0,"key":"Mummified Hand"},{"floor":24,"key":"Torii"},{"floor":26,"key":"Ornamental Fan"},{"floor":34,"key":"MawBank"},{"floor":34,"key":"Blue Candle"},{"floor":34,"key":"CaptainsWheel"},{"floor":43,"key":"DTMod:AncientBone"}],"event_choices":[],"is_beta":false,"boss_relics":[{"not_picked":["SacredBark","Runic Pyramid"],"picked":"DTMod:TheChair"},{"not_picked":["bronze:MakeshiftBattery","DTMod:MagicStone"],"picked":"Calling Bell"}],"items_purged_floors":[27,31,46],"is_endless":false,"potions_floor_spawned":[1,12,16,18,21,33,35],"ascension_level":0}}