{"host":"q0ahhcf6jhp3yzzb","time":1612397459,"event":{"mods":["Ascension Unlocker","BaseMod","Bestiary","Minty Spire (QoL Compilation)","Relic Stats","StSLib"],"gold_per_floor":[218,230,247,42,52,80,80,108,108,108,138,138,138,150,150,225,225,240,252,252,268,282,282,292,306,329,340,340,3,31,50,50,129,129,142,161,181,181,206,206,241,256,256,256,273,273,273],"floor_reached":46,"language":"ENG","playtime":3452,"items_purged":["Strike_G"],"score":1017,"play_id":"6e6d9ff7-00c6-4aec-ad95-d52f4ba26c8f","local_time":"20210203171059","is_ascension_mode":true,"campfire_choices":[{"floor":7.0,"key":"REST"},{"floor":10.0,"key":"REST"},{"data":"Neutralize","floor":12.0,"key":"SMITH"},{"floor":15.0,"key":"REST"},{"floor":23.0,"key":"RECALL"},{"floor":32,"key":"REST"},{"floor":40,"key":"REST"}],"circlet_count":0,"master_deck":["AscendersBane","Strike_G","Strike_G","Strike_G","Strike_G","Defend_G","Defend_G","Defend_G","Defend_G","Defend_G","Survivor","Neutralize+1","Dash","Blade Dance","Predator","Footwork+1","Deflect","Blade Dance","All Out Attack","After Image","Dagger Spray","Glass Knife","Dodge and Roll+1","Leg Sweep+1","Noxious Fumes","Footwork","Backflip","Terror","After Image","Finisher","Corpse Explosion","Dodge and Roll+1","Bouncing Flask","Footwork","Well Laid Plans+1","Venomology"],"relics":["Ring of the Snake","Shuriken","Turnip","Pocketwatch","Sundial","Fusion Hammer","Akabeko","Art of War","DollysMirror","PreservedInsect","Omamori","SacredBark","Incense Burner","Dream Catcher","Mummified Hand"],"acts_visited":["Exordium","TheCity","TheBeyond"],"potions_floor_usage":[30,45,46],"damage_taken":[{"damage":4.0,"enemies":"Cultist","floor":1.0,"turns":5.0},{"damage":0.0,"enemies":"Jaw Worm","floor":2.0,"turns":5.0},{"damage":0.0,"enemies":"2 Louse","floor":3.0,"turns":3.0},{"damage":6.0,"enemies":"Lots of Slimes","floor":5.0,"turns":6.0},{"damage":37.0,"enemies":"Lagavulin","floor":6.0,"turns":10.0},{"damage":11.0,"enemies":"Gremlin Nob","floor":8.0,"turns":3.0},{"damage":9.0,"enemies":"3 Sentries","floor":11.0,"turns":7.0},{"damage":0.0,"enemies":"Blue Slaver","floor":14.0,"turns":4.0},{"damage":9.0,"enemies":"Slime Boss","floor":16.0,"turns":8.0},{"damage":2.0,"enemies":"Chosen","floor":18.0,"turns":5.0},{"damage":1.0,"enemies":"3 Byrds","floor":19.0,"turns":5.0},{"damage":0.0,"enemies":"Cultist and Chosen","floor":21.0,"turns":3.0},{"damage":0.0,"enemies":"Snecko","floor":22.0,"turns":5.0},{"damage":0.0,"enemies":"Snake Plant","floor":24.0,"turns":7.0},{"damage":5.0,"enemies":"Sentry and Sphere","floor":25.0,"turns":6.0},{"damage":0.0,"enemies":"Snecko","floor":27.0,"turns":6.0},{"damage":6,"enemies":"Slavers","floor":30,"turns":3},{"damage":1,"enemies":"Centurion and Healer","floor":31,"turns":7},{"damage":9,"enemies":"Champ","floor":33,"turns":13},{"damage":0,"enemies":"Orb Walker","floor":35,"turns":3},{"damage":0,"enemies":"3 Shapes","floor":36,"turns":6},{"damage":20,"enemies":"Writhing Mass","floor":37,"turns":10},{"damage":0,"enemies":"Mind Bloom Boss Battle","floor":39,"turns":9},{"damage":33,"enemies":"Nemesis","floor":41,"turns":9},{"damage":18,"enemies":"4 Shapes","floor":42,"turns":8},{"damage":0,"enemies":"Jaw Worm Horde","floor":45,"turns":1},{"damage":11,"enemies":"Giant Head","floor":46,"turns":4}],"seed_played":"8655825929256219659","potions_obtained":[{"floor":3.0,"key":"PowerPotion"},{"floor":8.0,"key":"SneckoOil"},{"floor":14.0,"key":"Strength Potion"},{"floor":16.0,"key":"BlessingOfTheForge"},{"floor":18.0,"key":"FearPotion"},{"floor":20.0,"key":"SteroidPotion"},{"floor":21.0,"key":"Ancient Potion"},{"floor":25.0,"key":"Strength Potion"},{"floor":37,"key":"SteroidPotion"},{"floor":45,"key":"Weak Potion"}],"is_trial":false,"path_per_floor":["M","M","M","$","M","E","R","E","T","R","E","R","?","M","R","B",null,"M","M","?","M","M","R","M","M","T","M","?","$","E","M","R","B",null,"M","M","M","?","?","R","E","M","T","T","M","E"],"character_chosen":"THE_SILENT","items_purchased":["Footwork","SteroidPotion","DollysMirror","PreservedInsect"],"campfire_rested":5,"item_purchase_floors":[4,4,29,29],"current_hp_per_floor":[55,55,55,55,49,12,31,20,20,39,30,30,30,30,49,40,60,58,57,57,57,57,57,57,52,52,52,52,52,46,45,64,55,63,63,63,43,43,43,62,29,11,11,11,11,0,0],"gold":273,"neow_bonus":"HUNDRED_GOLD","is_daily":false,"chose_seed":false,"campfire_upgraded":1,"win_rate":0.0,"timestamp":1612397459,"path_taken":["M","M","M","$","M","E","R","E","T","R","E","R","?","M","R","BOSS","M","M","?","?","M","R","M","M","T","M","?","$","E","?","R","BOSS","M","M","M","?","?","R","E","M","T","?","M","E"],"items_purchased_type":["Card","Potion","Relic","Relic"],"build_version":"2020-12-22","purchased_purges":1,"victory":false,"max_hp_per_floor":[66,66,66,66,66,66,66,66,66,66,66,66,66,66,66,66,66,66,66,66,66,66,66,66,66,66,66,66,66,66,66,66,66,66,66,66,66,66,66,66,66,66,66,66,66,66,66],"relic_stats":{"Dream Catcher":0,"counters":[27,161],"Shuriken":[61],"Sundial":[14],"Mummified Hand":[8],"Turnip":[22],"PreservedInsect":220,"Art of War":[15],"obtain_stats":[{"SacredBark":34,"PreservedInsect":29,"Omamori":30,"Incense Burner":39,"Akabeko":26,"Dream Catcher":41,"Shuriken":6,"Sundial":11,"DollysMirror":29,"Mummified Hand":44,"Turnip":8,"Fusion Hammer":17,"Art of War":28,"Ring of the Snake":0,"Pocketwatch":9},{"SacredBark":19,"PreservedInsect":16,"Omamori":17,"Incense Burner":23,"Akabeko":15,"Dream Catcher":24,"Shuriken":5,"Sundial":7,"DollysMirror":16,"Mummified Hand":25,"Turnip":6,"Fusion Hammer":9,"Art of War":16,"Ring of the Snake":0,"Pocketwatch":6},{"SacredBark":111,"PreservedInsect":88,"Omamori":91,"Incense Burner":139,"Akabeko":82,"Dream Catcher":148,"Shuriken":29,"Sundial":39,"DollysMirror":88,"Mummified Hand":156,"Turnip":32,"Fusion Hammer":51,"Art of War":88,"Ring of the Snake":0,"Pocketwatch":32}],"Ring of the Snake":[54],"Pocketwatch":[162]},"card_choices":[{"not_picked":["Dodge and Roll","Backflip"],"picked":"Dash","floor":1.0},{"not_picked":["Deflect","Expertise"],"picked":"Blade Dance","floor":2.0},{"not_picked":["Concentrate","All Out Attack"],"picked":"Predator","floor":3.0},{"not_picked":["Skewer","Underhanded Strike"],"picked":"Deflect","floor":5.0},{"not_picked":["Endless Agony","Reflex"],"picked":"Blade Dance","floor":6.0},{"not_picked":["Underhanded Strike","Reflex"],"picked":"All Out Attack","floor":8.0},{"not_picked":["Finisher","Eviscerate"],"picked":"After Image","floor":11.0},{"not_picked":["Sucker Punch","Flying Knee"],"picked":"Dagger Spray","floor":14.0},{"not_picked":["Night Terror","Die Die Die"],"picked":"Glass Knife","floor":16.0},{"not_picked":["Bane","Quick Slash"],"picked":"Dodge and Roll+1","floor":18.0},{"not_picked":["Accuracy","Quick Slash"],"picked":"Leg Sweep+1","floor":19.0},{"not_picked":["Blade Dance","Acrobatics"],"picked":"Noxious Fumes","floor":21.0},{"not_picked":["Predator+1","Deflect"],"picked":"Footwork","floor":22.0},{"not_picked":["Poisoned Stab","Deflect"],"picked":"Backflip","floor":24.0},{"not_picked":["Grand Finale","Underhanded Strike+1"],"picked":"Terror","floor":25.0},{"not_picked":["Caltrops","Catalyst","Dodge and Roll"],"picked":"SKIP","floor":27.0},{"not_picked":["Caltrops","Catalyst","Dodge and Roll"],"picked":"SKIP","floor":27.0},{"not_picked":["Caltrops","Catalyst","Dodge and Roll"],"picked":"SKIP","floor":27.0},{"not_picked":["Flying Knee","Poisoned Stab+1"],"picked":"Finisher","floor":30},{"not_picked":["Dagger Spray","Dagger Throw","Prepared"],"picked":"SKIP","floor":31},{"not_picked":["Die Die Die","Phantasmal Killer"],"picked":"Corpse Explosion","floor":33},{"not_picked":["Calculated Gamble","Underhanded Strike"],"picked":"Dodge and Roll+1","floor":35},{"not_picked":["Slice","Reflex"],"picked":"Bouncing Flask","floor":36},{"not_picked":["Underhanded Strike","Poisoned Stab+1"],"picked":"Footwork","floor":37},{"not_picked":["Slice+1","Concentrate+1"],"picked":"Well Laid Plans+1","floor":41},{"not_picked":["Skewer","Well Laid Plans","Terror"],"picked":"SKIP","floor":42},{"not_picked":["Reflex","Backflip"],"picked":"Venomology","floor":45}],"player_experience":839057,"relics_obtained":[{"floor":6.0,"key":"Shuriken"},{"floor":8.0,"key":"Turnip"},{"floor":9.0,"key":"Pocketwatch"},{"floor":11.0,"key":"Sundial"},{"floor":26.0,"key":"Akabeko"},{"floor":28.0,"key":"Art of War"},{"floor":30,"key":"Omamori"},{"floor":39,"key":"Incense Burner"},{"floor":41,"key":"Dream Catcher"},{"floor":44,"key":"Mummified Hand"}],"event_choices":[{"damage_healed":0.0,"max_hp_gain":0.0,"max_hp_loss":0.0,"gold_gain":0.0,"event_name":"Living Wall","player_choice":"Grow","floor":13.0,"gold_loss":0.0,"damage_taken":0.0,"cards_upgraded":["Footwork"]},{"damage_healed":0.0,"max_hp_gain":0.0,"max_hp_loss":0.0,"gold_gain":0.0,"event_name":"Lab","player_choice":"Got Potions","floor":20.0,"gold_loss":0.0,"damage_taken":0.0},{"damage_healed":0.0,"max_hp_gain":0.0,"max_hp_loss":0.0,"gold_gain":0.0,"event_name":"Wheel of Change","player_choice":"Relic","floor":28.0,"gold_loss":0.0,"damage_taken":0.0},{"damage_healed":0,"gold_gain":0,"player_choice":"Ignored","damage_taken":0,"max_hp_gain":0,"max_hp_loss":0,"event_name":"Mysterious Sphere","floor":38,"gold_loss":0},{"damage_healed":0,"gold_gain":0,"player_choice":"Fight","damage_taken":0,"max_hp_gain":0,"max_hp_loss":0,"event_name":"MindBloom","floor":39,"gold_loss":0}],"is_beta":false,"boss_relics":[{"not_picked":["Velvet Choker","Runic Dome"],"picked":"Fusion Hammer"},{"not_picked":["Calling Bell","Runic Pyramid"],"picked":"SacredBark"}],"items_purged_floors":[4],"is_endless":false,"potions_floor_spawned":[3,8,14,16,18,21,25,37,39,41,42,45],"killed_by":"Giant Head","ascension_level":20}}