{"host":"r3eb5kff0hcmimdq","time":1612460949,"event":{"mods":["ATMod(阿瑾Mod)","AchievementEnabler","Act Like it!","Aspiration","BaseMod","Challenge The Spire","Colored Powertips","Conspire","Dota2Spire","Elementarium","Highlight Path","Luminous","Minty Spire (QoL Compilation)","MostiFishMod","Quick Restart","Rare Cards Sparkle","Reimu（博丽灵梦）","Relic Filter","Relic Filter Mod","Replay The Spire","RumiaBox-露米娅的神秘盒子","Shop Mod","Spicy Shops","StSLib","TestMod","The Jungle","The Senshi","【遗物卡牌】REMEMod","篝火指南"],"gold_per_floor":[116,116,116,136,311,327,356,3,48,8,24,24,66,466,141,243,243,256,256,56,76,76,76,106,106,129,157,172,199,214,224,56,160,160,175,188,98,111,124,149,149,198,221,234,269,19,334,134,134],"floor_reached":48,"language":"ZHS","playtime":1234,"items_purged":["Doubt","Injury","Overencumbered","Luminous:Defend_Luminous","Luminous:Light_Flash_Shower","Luminous:Light_Flash_Shower","Luminous:Defend_Luminous","Luminous:Light_Flash_Shower","Luminous:Defend_Luminous","Luminous:Defend_Luminous"],"score":798,"play_id":"849b72dc-129b-42f6-b39a-c65e75a85b04","local_time":"20210205014909","is_ascension_mode":false,"campfire_choices":[{"data":"ReplayTheSpireMod:Omega Cannon","floor":12.0,"key":"SMITH"},{"data":"Luminous:Lania_Blessing_Luminous","floor":23.0,"key":"SMITH"},{"data":"Luminous:Dark_Abyssal_Drop","floor":25.0,"key":"SMITH"}],"circlet_count":0,"master_deck":["Luminous:Dark_Abyssal_Drop","Luminous:Dark_Abyssal_Drop+1","Luminous:Dark_Abyssal_Drop","Luminous:Switch_Luminous","ReplayTheSpireMod:Omega Cannon+1","Luminous:Lania_Blessing_Luminous+1","ReplayTheSpireMod:IOU"],"relics":["Luminous:MirrorRelic","AT_ATBox","testmod-TestBox","RhineSuit","testmod-Hope","NeowsBlessing","SynthV:TestCard","Molten Egg 2","Pen Nib","MerchantsRug","Civilization","ReplayTheSpireMod:CursedCoin","aspiration:FutureDiary","PatriotShield","DaveBox","testmod-CrystalShield","Replay:Wax Seal"],"acts_visited":["Exordium","TheCity","TheBeyond"],"potions_floor_usage":[],"damage_taken":[{"damage":0.0,"enemies":"2 Louse","floor":1.0,"turns":1.0},{"damage":0.0,"enemies":"Jaw Worm","floor":4.0,"turns":1.0},{"damage":0.0,"enemies":"Small Slimes","floor":6.0,"turns":1.0},{"damage":2.0,"enemies":"Lagavulin","floor":7.0,"turns":5.0},{"damage":3.0,"enemies":"2 Fungi Beasts","floor":11.0,"turns":2.0},{"damage":8.0,"enemies":"Fading Forest","floor":16.0,"turns":11.0},{"damage":0.0,"enemies":"2 Thieves","floor":18.0,"turns":1.0},{"damage":0.0,"enemies":"Spheric Guardian","floor":21.0,"turns":1.0},{"damage":0.0,"enemies":"conspire:Head Lice","floor":24.0,"turns":4.0},{"damage":0.0,"enemies":"REME_1_Revenger","floor":27.0,"turns":1.0},{"damage":0.0,"enemies":"Snake Plant","floor":28.0,"turns":2.0},{"damage":1.0,"enemies":"Slavers","floor":29.0,"turns":2.0},{"damage":0.0,"enemies":"Cultist and Chosen","floor":30.0,"turns":2.0},{"damage":0.0,"enemies":"Centurion and Healer","floor":31.0,"turns":2.0},{"damage":0.0,"enemies":"Automaton","floor":33.0,"turns":6.0},{"damage":0.0,"enemies":"Orb Walker","floor":35.0,"turns":1.0},{"damage":0.0,"enemies":"3 Darklings","floor":36.0,"turns":1.0},{"damage":0.0,"enemies":"4 Shapes","floor":38.0,"turns":1.0},{"damage":0.0,"enemies":"Jaw Worm Horde","floor":39.0,"turns":1.0},{"damage":0.0,"enemies":"R_Hoarder","floor":40.0,"turns":2.0},{"damage":0.0,"enemies":"2 Orb Walkers","floor":42.0,"turns":1.0},{"damage":0.0,"enemies":"Transient","floor":44.0,"turns":3.0},{"damage":0.0,"enemies":"Nemesis","floor":45.0,"turns":1.0},{"damage":0,"enemies":"Maw","floor":48,"turns":1}],"seed_played":"-5192594543986471714","potions_obtained":[{"floor":4.0,"key":"SkillPotion"},{"floor":7.0,"key":"SteroidPotion"},{"floor":11.0,"key":"Strength Potion"},{"floor":18.0,"key":"Block Potion"},{"floor":28.0,"key":"SkillPotion"},{"floor":30.0,"key":"Reflective Coating"},{"floor":31.0,"key":"BlessingOfTheForge"},{"floor":33.0,"key":"Regen Potion"},{"floor":35.0,"key":"Regen Potion"},{"floor":38.0,"key":"LifebloodPotion"},{"floor":42.0,"key":"EssenceOfSteel"},{"floor":44.0,"key":"testmod-TimePotion"}],"is_trial":false,"path_per_floor":["M","?","?","M","?","M","E","$","T","R","M","R","$","?","R","B",null,"M","?","$","M","?","R","E","R","T","E","M","E","M","M","R","B",null,"M","M","$","M","M","E","?","?","T","M","E","R","$","M"],"character_chosen":"LuminousClass","items_purchased":["MerchantsRug","Civilization","ReplayTheSpireMod:CursedCoin","Replay:Wax Seal"],"campfire_rested":0,"item_purchase_floors":[8,8,13,47],"current_hp_per_floor":[75,75,72,72,72,72,70,70,70,70,69,69,69,69,69,71,79,83,83,83,88,88,88,93,93,93,98,103,108,113,118,118,123,123,128,133,133,138,143,148,148,153,153,158,163,163,163,163,163],"gold":134,"neow_bonus":"THREE_ENEMY_KILL","is_daily":false,"chose_seed":false,"campfire_upgraded":3,"win_rate":0.0,"timestamp":1612460949,"path_taken":["M","?","?","M","?","M","E","$","T","R","M","R","$","?","R","BOSS","M","?","$","M","?","R","E","R","T","E","M","E","M","M","R","BOSS","M","?","$","M","M","E","?","?","T","M","E","R","$","M"],"items_purchased_type":["Relic","Relic","Relic","Relic"],"build_version":"2020-12-22","purchased_purges":10,"victory":false,"max_hp_per_floor":[75,75,75,75,75,75,75,75,75,75,77,77,77,77,77,79,79,83,83,83,88,88,88,93,93,93,98,103,108,113,118,118,123,123,128,133,133,138,143,148,148,153,153,158,163,163,163,163,163],"card_choices":[{"not_picked":["Luminous:Tune_Luminous","Luminous:Dark_Moonlight_Spear","Luminous:Light_Sylvan_Lance"],"picked":"SKIP","floor":1.0},{"not_picked":["Luminous:Dark_Raid+1","Luminous:Light_Gather+1","Luminous:Light_Sylvan_Lance+1","Luminous:Light_Disperse+1","Luminous:Light_Wash_Luminous"],"picked":"SKIP","floor":4.0},{"not_picked":["Luminous:Dark_Moonlight_Spear+1","Luminous:Freud_Wisdom1_Luminous","Luminous:Light_Reflection+1","Luminous:Light_Disperse+1","Luminous:Dark_Pressure_Void+1"],"picked":"SKIP","floor":6.0},{"not_picked":["Luminous:Blinding_Pillar_Luminous","Luminous:Light_Glare+1","Luminous:Light_Sylvan_Lance+1","Luminous:Light_Reflection+1","Luminous:Accumulation_Luminous"],"picked":"SKIP","floor":7.0},{"not_picked":["Luminous:Lights_Protection_Luminous","Luminous:Mana_Well_Luminous","Luminous:Light_Sylvan_Lance+1","Luminous:Light_Gather+1","Luminous:Abyss_Heart_Luminous"],"picked":"SKIP","floor":11.0},{"not_picked":["Luminous:Arcane_Rage_Luminous","Luminous:Chaos_Field_Luminous","Luminous:Balance_Baptism+1","Luminous:Erosion_Luminous"],"picked":"Luminous:Lania_Blessing_Luminous","floor":16.0},{"not_picked":["Luminous:Dark_Raid+1","Luminous:Dark_Moonlight_Spear+1","Luminous:Dark_Pressure_Void+1","Luminous:Light_Reflection+1","Luminous:Lunar_Tide_Luminous"],"picked":"SKIP","floor":18.0},{"not_picked":["Luminous:Dark_Apocalypse+1","Luminous:Concentrate_Luminous","Luminous:Dark_Extract+1","Luminous:Light_Glare+1","Luminous:Reverse_Spell_Luminous"],"picked":"SKIP","floor":21.0},{"not_picked":["Luminous:Lania_Blessing_Luminous","Luminous:Light_Sylvan_Lance+1","Luminous:Light_Gather+1","Luminous:Light_Glare+1","Luminous:Dark_Raid+1"],"picked":"SKIP","floor":24.0},{"not_picked":["Luminous:Dark_Raid+1","Luminous:Balance_Aether_Conduit+1","Luminous:Light_Wash_Luminous+1","Luminous:Accumulation_Luminous","Luminous:Dark_Extract+1"],"picked":"SKIP","floor":27.0},{"not_picked":["Luminous:Light_Gather+1","Luminous:Concentrate_Luminous+1","Luminous:Dark_Raid+1","Luminous:Photic_Meditation_Luminous+1","Luminous:Magic_Accelerate_Luminous"],"picked":"SKIP","floor":28.0},{"not_picked":["Luminous:Darkness_Mastery_Luminous+1","Luminous:Balance_Baptism+1","Luminous:Concentrate_Luminous","Luminous:Light_Sylvan_Lance+1","Luminous:Balance_Ender+1"],"picked":"SKIP","floor":29.0},{"not_picked":["Luminous:Darkness_Mastery_Luminous","Luminous:Dark_Arcane_Pitch+1","Luminous:Light_Disperse+1","Luminous:Hero_Will_Luminous","Luminous:Light_Glare+1"],"picked":"SKIP","floor":30.0},{"not_picked":["Luminous:Tune_Luminous+1","Luminous:Dark_Dim_Erosion+1","Luminous:Light_Disperse+1","Luminous:Abyss_Heart_Luminous+1","Luminous:Light_Sylvan_Lance+1"],"picked":"SKIP","floor":31.0},{"not_picked":["Luminous:Blinding_Pillar_Luminous+1","Luminous:Dark_Dim_Erosion+1","Luminous:Photic_Meditation_Luminous","Luminous:Dark_Raid+1","Luminous:Phantom_Treasure_Luminous"],"picked":"SKIP","floor":35.0},{"not_picked":["Luminous:Dark_Extract+1","Luminous:Dark_Arcane_Pitch+1","Luminous:Balance_Ender+1","Luminous:Chase_Spell_Luminous","Luminous:Light_Gather+1"],"picked":"SKIP","floor":36.0},{"not_picked":["Luminous:Light_Sylvan_Lance+1","Luminous:Dark_Pressure_Void+1","Luminous:Dark_Moonlight_Spear+1","Luminous:Dark_Extract+1","Luminous:Light_Gather+1"],"picked":"SKIP","floor":38.0},{"not_picked":["Luminous:Lights_Protection_Luminous","Luminous:Concentrate_Luminous+1","Luminous:Light_Glare+1","Luminous:Light_Disperse+1","Luminous:Chase_Spell_Luminous+1"],"picked":"SKIP","floor":39.0},{"not_picked":["Luminous:Light_Gather+1","Luminous:Hero_Will_Luminous","Luminous:Concentrate_Luminous+1","Luminous:Ethereal_Form_Luminous","Luminous:Shadow_Shell_Luminous+1"],"picked":"SKIP","floor":40.0},{"not_picked":["Luminous:Dark_Apocalypse+1","Luminous:Light_Glare+1","Luminous:Dark_Raid+1","Luminous:Light_Disperse+1","Luminous:Light_Gather+1"],"picked":"SKIP","floor":44.0},{"not_picked":["Luminous:Concentrate_Luminous","Luminous:Reverse_Spell_Luminous+1","Luminous:Light_Sylvan_Lance+1","Luminous:Light_Wash_Luminous","Luminous:Light_Glare+1"],"picked":"SKIP","floor":45}],"player_experience":187792,"relics_obtained":[{"floor":1.0,"key":"SynthV:TestCard"},{"floor":7.0,"key":"Pen Nib"},{"floor":24.0,"key":"Gremlin Horn"},{"floor":26.0,"key":"Dota2Spire:LotusOrb"},{"floor":27.0,"key":"ReplayFunnel"},{"floor":29.0,"key":"Replay:Mystery Machine"},{"floor":40.0,"key":"AT_BladeRuinedKing"},{"floor":42.0,"key":"testmod-CrystalShield"},{"floor":43.0,"key":"Blue Doll"}],"event_choices":[{"damage_healed":0.0,"max_hp_gain":0.0,"max_hp_loss":0.0,"gold_gain":0.0,"event_name":"Scrap Ooze","player_choice":"Success","floor":3.0,"gold_loss":0.0,"damage_taken":3.0,"relics_obtained":["Kunai"]},{"damage_healed":0.0,"max_hp_gain":0.0,"max_hp_loss":0.0,"gold_gain":175.0,"event_name":"Liars Game","player_choice":"AGREE","floor":5.0,"gold_loss":0.0,"damage_taken":0.0,"cards_obtained":["Doubt"]},{"damage_healed":0.0,"max_hp_gain":0.0,"max_hp_loss":0.0,"gold_gain":400.0,"event_name":"恩洛斯的盘子","player_choice":"Sell","floor":14.0,"relics_lost":["DaveBox"],"gold_loss":0.0,"damage_taken":0.0},{"damage_healed":0.0,"max_hp_gain":0.0,"max_hp_loss":0.0,"gold_gain":0.0,"event_name":"conspire:Investor","player_choice":"Leave","floor":19.0,"gold_loss":0.0,"damage_taken":0.0},{"damage_healed":0.0,"max_hp_gain":0.0,"max_hp_loss":0.0,"gold_gain":0.0,"event_name":"WeMeetAgain","player_choice":"Gave Potion","floor":22.0,"gold_loss":0.0,"damage_taken":0.0,"relics_obtained":["testmod-BlackFramedGlasses"]},{"damage_healed":0.0,"max_hp_gain":0.0,"max_hp_loss":0.0,"gold_gain":0.0,"event_name":"给自己的盒子","player_choice":"Swap Relic","floor":41.0,"relics_lost":["REME_ComplimentaryCards"],"gold_loss":0.0,"damage_taken":0.0,"relics_obtained":["DaveBox"]},{"damage_healed":0.0,"max_hp_gain":0.0,"max_hp_loss":0.0,"gold_gain":0.0,"event_name":"Mysterious Sphere","player_choice":"Fight","floor":42.0,"gold_loss":0.0,"damage_taken":0.0}],"is_beta":false,"boss_relics":[{"not_picked":["BloodWine","Runic Pyramid"],"picked":"aspiration:FutureDiary"},{"not_picked":["Pandora\u0027s Box","testmod-NegativeEmotionEnhancer"],"picked":"PatriotShield"}],"items_purged_floors":[8,10,13,15,15,20,32,37,46,47],"is_endless":false,"potions_floor_spawned":[4,7,11,18,28,30,31,33,35,38,42,44],"killed_by":"Maw","ascension_level":0}}