{"host":"17uu0q65fspg4e3h","time":1612448711,"event":{"mods":["Alarm Clock","BaseMod","Colored Map","Colored Powertips","Highlight Path","Minty Spire (QoL Compilation)","Quick Restart","Relic Stats","SOS（斯巴达之子）","Shop Mod","StSLib","The Administrix","The Runesmith","篝火指南"],"gold_per_floor":[115,115,125,139,158,158,158,158,158,158,184,201,213,488,488,591,591,603,603,528,539,539,539],"floor_reached":22,"language":"ZHS","playtime":641,"items_purged":[],"score":279,"play_id":"455d32b6-4562-439d-b2d2-87ca8295f711","local_time":"20210204222511","is_ascension_mode":true,"campfire_choices":[{"data":"Dark Embrace","floor":6,"key":"SMITH"},{"data":"Clash","floor":8,"key":"SMITH"},{"data":"Shrug It Off","floor":10,"key":"SMITH"},{"floor":15,"key":"REST"}],"circlet_count":0,"master_deck":["AscendersBane","Strike_R+1","Strike_R","Defend_R","Defend_R","Defend_R","Defend_R","Bash+1","Dark Embrace+1","Clash+1","Thunderclap","Shrug It Off+1","Feed","Fire Breathing","Clash","Headbutt+1","Double Tap+1","Spot Weakness+1","Havoc","Shrug It Off+1"],"relics":["Burning Blood","Whetstone","Sundial","Charon\u0027s Ashes","Astrolabe"],"acts_visited":["Exordium","TheCity"],"potions_floor_usage":[21],"damage_taken":[{"damage":1,"enemies":"Cultist","floor":1,"turns":4},{"damage":7,"enemies":"Small Slimes","floor":3,"turns":5},{"damage":9,"enemies":"2 Louse","floor":4,"turns":2},{"damage":6,"enemies":"2 Fungi Beasts","floor":5,"turns":4},{"damage":14,"enemies":"Lagavulin","floor":11,"turns":5},{"damage":2,"enemies":"3 Louse","floor":12,"turns":3},{"damage":44,"enemies":"Gremlin Gang","floor":13,"turns":5},{"damage":56,"enemies":"Slime Boss","floor":16,"turns":10},{"damage":19,"enemies":"Shell Parasite","floor":18,"turns":5},{"damage":34,"enemies":"2 Thieves","floor":21,"turns":4},{"damage":20,"enemies":"Snecko","floor":22,"turns":4}],"seed_played":"-7375118212530297242","potions_obtained":[{"floor":5,"key":"AttackPotion"},{"floor":11,"key":"Strength Potion"},{"floor":13,"key":"SteroidPotion"},{"floor":16,"key":"Regen Potion"}],"is_trial":false,"path_per_floor":["M","?","M","M","M","R","$","R","T","R","E","M","M","?","R","B",null,"M","?","?","M","M"],"character_chosen":"IRONCLAD","items_purchased":[],"campfire_rested":1,"item_purchase_floors":[],"current_hp_per_floor":[77,80,79,76,76,76,76,76,76,76,68,75,37,37,61,11,65,52,52,52,33,13,13],"gold":539,"neow_bonus":"RANDOM_COMMON_RELIC","is_daily":false,"chose_seed":false,"campfire_upgraded":3,"win_rate":0.0,"timestamp":1612448711,"path_taken":["M","?","?","M","M","R","?","R","T","R","E","?","M","?","R","BOSS","M","?","?","M","M"],"items_purchased_type":[],"build_version":"2020-12-22","purchased_purges":0,"victory":false,"max_hp_per_floor":[80,80,80,80,80,80,80,80,80,80,80,83,83,83,83,83,83,83,83,83,83,83,83],"relic_stats":{"counters":[11,50],"Sundial":[4],"Astrolabe":["Headbutt","Double Tap","Spot Weakness"],"Charon\u0027s Ashes":[78],"Whetstone":["Strike_R","Bash"],"obtain_stats":[{"Sundial":9,"Astrolabe":17,"Charon\u0027s Ashes":11,"Whetstone":0,"Burning Blood":0},{"Sundial":4,"Astrolabe":8,"Charon\u0027s Ashes":5,"Whetstone":0,"Burning Blood":0},{"Sundial":15,"Astrolabe":38,"Charon\u0027s Ashes":20,"Whetstone":0,"Burning Blood":0}],"Burning Blood":60},"card_choices":[{"not_picked":["Pommel Strike","Flex"],"picked":"Dark Embrace","floor":1},{"not_picked":["Heavy Blade","Sentinel"],"picked":"Clash","floor":3},{"not_picked":["Twin Strike","Iron Wave"],"picked":"Thunderclap","floor":4},{"not_picked":["Battle Trance","Dual Wield"],"picked":"Shrug It Off","floor":5},{"not_picked":["Armaments","Iron Wave"],"picked":"Feed","floor":11},{"not_picked":["Clothesline","Thunderclap"],"picked":"Fire Breathing","floor":12},{"not_picked":["Shrug It Off","Rupture"],"picked":"Clash","floor":13},{"not_picked":["Cleave","Anger"],"picked":"Havoc","floor":18},{"not_picked":["Spot Weakness","Anger"],"picked":"Shrug It Off+1","floor":21}],"player_experience":652041,"relics_obtained":[{"floor":9,"key":"Sundial"},{"floor":11,"key":"Charon\u0027s Ashes"}],"event_choices":[{"damage_healed":3,"gold_gain":0,"player_choice":"Full Heal","damage_taken":0,"max_hp_gain":0,"max_hp_loss":0,"event_name":"Wheel of Change","floor":2,"gold_loss":0},{"damage_healed":0,"gold_gain":275,"player_choice":"Desecrate","damage_taken":0,"max_hp_gain":0,"max_hp_loss":0,"event_name":"Golden Shrine","floor":14,"gold_loss":0,"cards_obtained":["Regret"]},{"damage_healed":0,"gold_gain":0,"player_choice":"Ignored","damage_taken":0,"max_hp_gain":0,"max_hp_loss":0,"event_name":"Ghosts","floor":19,"gold_loss":0},{"cards_removed":["Regret"],"damage_healed":0,"gold_gain":0,"player_choice":"Gave Gold","damage_taken":0,"max_hp_gain":0,"max_hp_loss":0,"event_name":"Beggar","floor":20,"gold_loss":75}],"is_beta":false,"boss_relics":[{"not_picked":["SlaversCollar","Snecko Eye"],"picked":"Astrolabe"}],"items_purged_floors":[],"is_endless":false,"potions_floor_spawned":[5,11,13,16],"killed_by":"Snecko","ascension_level":10}}