{"host":"s24sb66hw4a4sfft","time":1612407843,"event":{"mods":["AchievementEnabler","BaseMod","Colored Map","Colored Powertips","Googly Eyes","Hermit","Hubris","Minty Spire (QoL Compilation)","Quick Restart","Shop Mod","StSLib","The Poker Player"],"gold_per_floor":[111,17,17,32,52,65,95,118,163,168,168],"floor_reached":10,"language":"ENG","playtime":617,"items_purged":[],"score":70,"play_id":"4290f4a7-48df-48e2-bea4-2da8c2b7cc5f","local_time":"20210203220403","is_ascension_mode":false,"campfire_choices":[],"circlet_count":0,"master_deck":["hermit:Strike_Hermit","hermit:Strike_Hermit","hermit:Strike_Hermit","hermit:Strike_Hermit","hermit:Defend_Hermit","hermit:Defend_Hermit+1","hermit:Defend_Hermit+1","hermit:Defend_Hermit","hermit:Snapshot","hermit:Covet","hermit:Coalescence","Bandage Up","hermit:Quickdraw","hermit:FullyLoaded","hermit:Enervate","hermit:Scavenge"],"relics":["hermit:Momento","War Paint","MealTicket"],"acts_visited":["Exordium"],"potions_floor_usage":[7],"damage_taken":[{"damage":6,"enemies":"Jaw Worm","floor":1,"turns":4},{"damage":3,"enemies":"Cultist","floor":4,"turns":6},{"damage":0,"enemies":"2 Louse","floor":5,"turns":1},{"damage":23,"enemies":"Exordium Thugs","floor":6,"turns":7},{"damage":30,"enemies":"3 Sentries","floor":7,"turns":10},{"damage":6,"enemies":"Large Slime","floor":8,"turns":7},{"damage":52,"enemies":"Gremlin Nob","floor":10,"turns":4}],"seed_played":"950179147334543248","potions_obtained":[{"floor":5,"key":"DuplicationPotion"},{"floor":6,"key":"Ancient Potion"},{"floor":8,"key":"LiquidMemories"}],"is_trial":false,"path_per_floor":["M","$","?","M","M","M","E","M","T","E"],"character_chosen":"HERMIT","items_purchased":["Bandage Up"],"campfire_rested":0,"item_purchase_floors":[2],"current_hp_per_floor":[69,69,85,82,82,63,37,35,35,0,0],"gold":168,"neow_bonus":"ONE_RANDOM_RARE_CARD","is_daily":false,"chose_seed":false,"campfire_upgraded":0,"win_rate":0.0,"timestamp":1612407843,"path_taken":["M","$","?","M","M","?","E","M","T","E"],"items_purchased_type":["Card"],"build_version":"2020-12-22","purchased_purges":0,"victory":false,"max_hp_per_floor":[75,75,85,85,85,85,85,85,85,85,85],"card_choices":[{"not_picked":["hermit:Desperado","hermit:EyeOfTheStorm"],"picked":"hermit:Coalescence","floor":1},{"not_picked":["hermit:Combo","hermit:Snipe"],"picked":"hermit:Quickdraw","floor":4},{"not_picked":["hermit:LowProfile","hermit:Determination"],"picked":"hermit:FullyLoaded","floor":5},{"not_picked":["hermit:Vantage","hermit:Snipe"],"picked":"hermit:Enervate","floor":6},{"not_picked":["hermit:Manifest","hermit:TakeAim"],"picked":"hermit:Scavenge","floor":7},{"not_picked":["hermit:BodyArmor","hermit:HoleUp","hermit:LuckOfTheDraw"],"picked":"SKIP","floor":8}],"player_experience":570528,"relics_obtained":[{"floor":7,"key":"War Paint"},{"floor":9,"key":"MealTicket"}],"event_choices":[{"cards_removed":["hermit:Adapt"],"damage_healed":6,"gold_gain":0,"player_choice":"Offered Rare","damage_taken":0,"max_hp_gain":10,"max_hp_loss":0,"event_name":"Bonfire Elementals","floor":3,"gold_loss":0}],"is_beta":false,"boss_relics":[],"items_purged_floors":[],"is_endless":false,"potions_floor_spawned":[5,6,8],"killed_by":"Gremlin Nob","ascension_level":0}}