{"host":"swphzoo6hmc78epl","time":1612414661,"event":{"mods":["BaseMod","Highlight Path","Minty Spire (QoL Compilation)","Quick Restart"],"gold_per_floor":[109,124,49,49,64,64,89,109,109,124,124,135,148,160,160,260,260,280,292,292,292,292,292,322,335,335,335,335],"floor_reached":27,"language":"ENG","playtime":914,"items_purged":["Shame"],"score":330,"play_id":"85bee115-705a-4fad-875c-f8ac74ada88b","local_time":"20210203235741","is_ascension_mode":true,"campfire_choices":[{"data":"Storm","floor":6,"key":"SMITH"},{"data":"White Noise","floor":15,"key":"SMITH"},{"data":"Creative AI","floor":23,"key":"SMITH"}],"circlet_count":0,"master_deck":["Defend_B","Defend_B","Defend_B","Defend_B","Zap","Dualcast","Defragment","Storm+1","Capacitor","Ball Lightning","Self Repair","Self Repair","Storm","Cold Snap","White Noise+1","Creative AI+1","Biased Cognition+1","Streamline+1","Static Discharge+1","Capacitor","Conserve Battery","Hologram","Consume","Force Field+1","Barrage"],"relics":["Cracked Core","Torii","Sundial","Bag of Preparation","Bottled Flame","Astrolabe","Ice Cream","Mummified Hand"],"acts_visited":["Exordium","TheCity"],"potions_floor_usage":[7,13,22,25,27,27],"damage_taken":[{"damage":2,"enemies":"Cultist","floor":1,"turns":4},{"damage":1,"enemies":"Jaw Worm","floor":2,"turns":3},{"damage":1,"enemies":"Small Slimes","floor":5,"turns":3},{"damage":30,"enemies":"Gremlin Nob","floor":7,"turns":4},{"damage":1,"enemies":"Red Slaver","floor":8,"turns":4},{"damage":0,"enemies":"Large Slime","floor":10,"turns":3},{"damage":8,"enemies":"3 Louse","floor":12,"turns":2},{"damage":29,"enemies":"Exordium Thugs","floor":13,"turns":3},{"damage":2,"enemies":"Red Slaver","floor":14,"turns":3},{"damage":0,"enemies":"Slime Boss","floor":16,"turns":3},{"damage":33,"enemies":"2 Thieves","floor":18,"turns":2},{"damage":21,"enemies":"Shell Parasite","floor":19,"turns":2},{"damage":42,"enemies":"Book of Stabbing","floor":24,"turns":4},{"damage":9,"enemies":"Sentry and Sphere","floor":25,"turns":3},{"damage":28,"enemies":"Slavers","floor":27,"turns":1}],"seed_played":"6265663735511356319","potions_obtained":[{"floor":2,"key":"SkillPotion"},{"floor":5,"key":"LiquidMemories"},{"floor":13,"key":"Ancient Potion"},{"floor":19,"key":"SpeedPotion"},{"floor":22,"key":"Fruit Juice"},{"floor":22,"key":"PotionOfCapacity"},{"floor":25,"key":"Block Potion"}],"is_trial":false,"path_per_floor":["M","M","$","?","M","R","E","M","T","M","?","M","M","M","R","B",null,"M","M","?","?","?","R","E","M","T","E"],"character_chosen":"DEFECT","items_purchased":[],"campfire_rested":0,"item_purchase_floors":[],"current_hp_per_floor":[73,72,72,65,64,64,34,33,33,40,40,46,31,36,36,50,75,49,42,42,42,47,47,19,17,17,0,0],"gold":335,"neow_bonus":"ONE_RARE_RELIC","is_daily":false,"chose_seed":false,"campfire_upgraded":3,"win_rate":0.0,"timestamp":1612414661,"path_taken":["M","?","$","?","M","R","E","M","T","M","?","M","M","M","R","BOSS","M","M","?","?","?","R","E","?","T","E"],"items_purchased_type":[],"build_version":"2020-12-22","purchased_purges":1,"victory":false,"max_hp_per_floor":[75,75,75,75,75,75,75,75,75,75,75,75,75,75,75,75,75,75,75,75,75,80,80,80,80,80,80,80],"card_choices":[{"not_picked":["Go for the Eyes","Steam"],"picked":"Defragment","floor":1},{"not_picked":["Hologram","Rebound"],"picked":"Storm","floor":2},{"not_picked":["Reprogram","White Noise"],"picked":"Capacitor","floor":5},{"not_picked":["Steam","Streamline"],"picked":"Ball Lightning","floor":7},{"not_picked":["Cold Snap","Sunder"],"picked":"Self Repair","floor":8},{"not_picked":["Turbo","Leap"],"picked":"Self Repair","floor":10},{"not_picked":["FTL","Aggregate"],"picked":"Storm","floor":12},{"not_picked":["Blizzard","Rebound"],"picked":"Cold Snap","floor":13},{"not_picked":["BootSequence","Self Repair"],"picked":"White Noise","floor":14},{"not_picked":["Rainbow","Fission"],"picked":"Creative AI","floor":16},{"not_picked":["Redo","Tempest"],"picked":"Capacitor","floor":18},{"not_picked":["Coolheaded","Steam Power"],"picked":"Conserve Battery","floor":19},{"not_picked":["White Noise+1","Compile Driver"],"picked":"Force Field+1","floor":24},{"not_picked":["Gash","Leap"],"picked":"Barrage","floor":25}],"player_experience":865626,"relics_obtained":[{"floor":7,"key":"Bag of Preparation"},{"floor":9,"key":"Bottled Flame"},{"floor":24,"key":"Ice Cream"},{"floor":26,"key":"Mummified Hand"}],"event_choices":[{"damage_healed":0,"gold_gain":0,"player_choice":"Success","damage_taken":7,"relics_obtained":["Sundial"],"max_hp_gain":0,"max_hp_loss":0,"event_name":"Scrap Ooze","floor":4,"gold_loss":0},{"damage_healed":0,"gold_gain":0,"player_choice":"2 cards matched","damage_taken":0,"max_hp_gain":0,"max_hp_loss":0,"event_name":"Match and Keep!","floor":11,"gold_loss":0,"cards_obtained":["Doubt","Biased Cognition"]},{"cards_removed":["Doubt"],"damage_healed":0,"gold_gain":0,"player_choice":"Elegance","damage_taken":0,"max_hp_gain":0,"max_hp_loss":0,"event_name":"Back to Basics","floor":20,"gold_loss":0},{"damage_healed":0,"gold_gain":0,"cards_transformed":["Strike_B","Biased Cognition"],"player_choice":"Became Test Subject","damage_taken":0,"max_hp_gain":0,"max_hp_loss":0,"event_name":"Drug Dealer","floor":21,"gold_loss":0,"cards_obtained":["Hologram","Consume"]},{"damage_healed":0,"gold_gain":0,"player_choice":"Got Potions","damage_taken":0,"max_hp_gain":0,"max_hp_loss":0,"event_name":"Lab","floor":22,"gold_loss":0}],"is_beta":false,"boss_relics":[{"not_picked":["Runic Dome","Fusion Hammer"],"picked":"Astrolabe"}],"items_purged_floors":[3],"is_endless":false,"potions_floor_spawned":[2,5,13,19,25],"killed_by":"Slavers","ascension_level":3}}