{"host":"zsnmfqgcm92hlreo","time":1612409972,"event":{"mods":["AchievementEnabler","Act Like it!","BaseMod","Bestiary","Block Reminder","Colored Map","Colored Powertips","Hermit","Jorbs\u0027s Wanderer Trilogy","Minty Spire (QoL Compilation)","Permanent Neow","Quick Restart","Relic Stats","StSLib","Weighted Paths"],"gold_per_floor":[117,136,150,169,182,182,208,208,255,255,290,290,20,46,46,125,125,141,154,154,154,154,154,154],"floor_reached":23,"language":"ENG","playtime":576,"items_purged":[],"score":468,"play_id":"dc5d5800-54b3-4e20-a874-dc04d7170771","local_time":"20210203213932","is_ascension_mode":true,"campfire_choices":[{"floor":6.0,"key":"REST"},{"data":"Vigilance","floor":8.0,"key":"SMITH"},{"data":"Eruption","floor":10.0,"key":"SMITH"},{"data":"Tantrum","floor":15.0,"key":"SMITH"}],"circlet_count":0,"master_deck":["AscendersBane","Strike_P","Strike_P","Strike_P","Defend_P","Defend_P","Defend_P","Defend_P","Eruption+1","Vigilance+1","EmptyFist","Consecrate","Weave","Tantrum+1","JustLucky","Consecrate","Wallop","Scrawl","FlurryOfBlows","ThirdEye","Necronomicurse"],"relics":["Philosopher\u0027s Stone","Orichalcum","Strawberry","StrikeDummy","TeardropLocket","Bag of Marbles","VioletLotus","Necronomicon"],"acts_visited":["Exordium","TheCity"],"potions_floor_usage":[23],"damage_taken":[{"damage":0.0,"enemies":"Small Slimes","floor":1.0,"turns":2.0},{"damage":3.0,"enemies":"2 Louse","floor":2.0,"turns":4.0},{"damage":13.0,"enemies":"Jaw Worm","floor":3.0,"turns":4.0},{"damage":4.0,"enemies":"Looter","floor":4.0,"turns":3.0},{"damage":18.0,"enemies":"3 Louse","floor":5.0,"turns":2.0},{"damage":0.0,"enemies":"Gremlin Nob","floor":7.0,"turns":2.0},{"damage":23.0,"enemies":"Lagavulin","floor":11.0,"turns":6.0},{"damage":3.0,"enemies":"Gremlin Nob","floor":14.0,"turns":3.0},{"damage":19.0,"enemies":"Hexaghost","floor":16.0,"turns":7.0},{"damage":0.0,"enemies":"Chosen","floor":18.0,"turns":2.0},{"damage":0.0,"enemies":"2 Thieves","floor":19.0,"turns":1.0},{"damage":45,"enemies":"Book of Stabbing","floor":23,"turns":2}],"seed_played":"4291887298615787338","potions_obtained":[{"floor":3.0,"key":"PowerPotion"},{"floor":4.0,"key":"EssenceOfSteel"},{"floor":5.0,"key":"Regen Potion"},{"floor":16.0,"key":"Fruit Juice"},{"floor":19.0,"key":"BlessingOfTheForge"}],"is_trial":false,"path_per_floor":["M","M","M","M","M","R","E","R","T","R","E","?","$","E","R","B",null,"M","M","?","$","?","E"],"character_chosen":"WATCHER","items_purchased":["TeardropLocket"],"campfire_rested":1,"item_purchase_floors":[13],"current_hp_per_floor":[61,58,45,41,23,43,43,43,50,50,42,35,35,32,32,18,65,65,65,65,65,44,0,0],"gold":154,"neow_bonus":"BOSS_RELIC","is_daily":false,"chose_seed":false,"campfire_upgraded":3,"win_rate":0.0,"timestamp":1612409972,"path_taken":["M","M","M","M","M","R","E","R","T","R","E","?","$","E","R","BOSS","M","M","?","$","?","E"],"items_purchased_type":["Relic"],"build_version":"2020-12-22","purchased_purges":0,"victory":false,"max_hp_per_floor":[68,68,68,68,68,68,68,68,75,75,75,75,75,75,75,80,80,80,80,80,80,80,80,80],"relic_stats":{"counters":[12,38],"VioletLotus":[3],"Necronomicon":[0],"Orichalcum":[36],"obtain_stats":[{"Strawberry":9,"Philosopher\u0027s Stone":0,"VioletLotus":17,"Bag of Marbles":14,"Necronomicon":22,"TeardropLocket":13,"PureWater":0,"Orichalcum":7,"StrikeDummy":11},{"Strawberry":6,"Philosopher\u0027s Stone":0,"VioletLotus":9,"Bag of Marbles":8,"Necronomicon":11,"TeardropLocket":7,"PureWater":0,"Orichalcum":6,"StrikeDummy":7},{"Strawberry":17,"Philosopher\u0027s Stone":0,"VioletLotus":33,"Bag of Marbles":26,"Necronomicon":36,"TeardropLocket":23,"PureWater":0,"Orichalcum":17,"StrikeDummy":23}]},"card_choices":[{"not_picked":["JustLucky","ClearTheMind"],"picked":"EmptyFist","floor":1.0},{"not_picked":["FlurryOfBlows","FearNoEvil"],"picked":"Consecrate","floor":2.0},{"not_picked":["Evaluate","ClearTheMind"],"picked":"Weave","floor":3.0},{"not_picked":["Brilliance","Halt"],"picked":"Tantrum","floor":4.0},{"not_picked":["CrushJoints","Evaluate"],"picked":"JustLucky","floor":5.0},{"not_picked":["Evaluate","FollowUp"],"picked":"Consecrate","floor":7.0},{"not_picked":["WheelKick","EmptyFist"],"picked":"Wallop","floor":11.0},{"not_picked":["EmptyFist","CrushJoints","WreathOfFlame"],"picked":"SKIP","floor":14.0},{"not_picked":["ConjureBlade","Establishment"],"picked":"Scrawl","floor":16.0},{"not_picked":["Wireheading","FollowUp"],"picked":"FlurryOfBlows","floor":18.0},{"not_picked":["Crescendo","ReachHeaven"],"picked":"ThirdEye","floor":19.0}],"player_experience":1018340,"relics_obtained":[{"floor":7.0,"key":"Orichalcum"},{"floor":9.0,"key":"Strawberry"},{"floor":11.0,"key":"StrikeDummy"},{"floor":14.0,"key":"Bag of Marbles"},{"floor":22.0,"key":"Necronomicon"}],"event_choices":[{"cards_removed":["Strike_P"],"damage_healed":0.0,"max_hp_gain":0.0,"max_hp_loss":0.0,"gold_gain":0.0,"event_name":"Golden Wing","player_choice":"Card Removal","floor":12.0,"gold_loss":0.0,"damage_taken":7.0},{"damage_healed":0.0,"max_hp_gain":0.0,"max_hp_loss":0.0,"gold_gain":0.0,"event_name":"Vampires","player_choice":"Ignored","floor":20.0,"gold_loss":0.0,"damage_taken":0.0},{"damage_healed":0.0,"max_hp_gain":0.0,"max_hp_loss":0.0,"gold_gain":0.0,"event_name":"Cursed Tome","player_choice":"Obtained Book","floor":22.0,"gold_loss":0.0,"damage_taken":21.0}],"is_beta":false,"boss_relics":[{"not_picked":["SlaversCollar","Busted Crown"],"picked":"VioletLotus"}],"items_purged_floors":[],"is_endless":false,"potions_floor_spawned":[3,4,5,7,16,19],"killed_by":"Book of Stabbing","ascension_level":20}}