{"host":"qrbkigq52dd42dk0","time":1612446145,"event":{"mods":["AchievementEnabler","BaseMod","Colored Map","Colored Powertips","Minty Spire (QoL Compilation)","Morshu Shopkeeper - ENHANCED","Quick Restart","StSLib","SuperFastMode","The IronCluck"],"gold_per_floor":[109,128,53,68,68,68,108,108,108,151,151,4,24,79,79,173,173,186,186,186,86,99,99,114,114,114,14,14,47,65,65,65,159,159,178,178,88,107,107,107,107],"floor_reached":40,"language":"ENG","playtime":1724,"items_purged":["Strike_R","Defend_R","Defend_R"],"score":677,"play_id":"e737972f-1450-4e70-84e2-c8d603e07a98","local_time":"20210204144225","is_ascension_mode":true,"campfire_choices":[{"data":"Armaments","floor":6,"key":"SMITH"},{"floor":8,"key":"REST"},{"floor":15,"key":"REST"},{"floor":23,"key":"REST"},{"floor":32,"key":"REST"}],"circlet_count":0,"master_deck":["AscendersBane","Bash","Blood for Blood","Ghostly Armor+1","Burning Pact","Armaments+1","Dropkick","Offering","Pommel Strike","Sword Boomerang","Feed"],"relics":["Black Blood","Golden Idol","Torii","Centennial Puzzle","Akabeko","Empty Cage","Regal Pillow","The Courier","Incense Burner","WingedGreaves"],"acts_visited":["Exordium","TheCity","TheBeyond"],"potions_floor_usage":[4,16,33],"damage_taken":[{"damage":2,"enemies":"Jaw Worm","floor":1,"turns":3},{"damage":7,"enemies":"2 Louse","floor":2,"turns":4},{"damage":9,"enemies":"Cultist","floor":4,"turns":6},{"damage":16,"enemies":"Lagavulin","floor":7,"turns":10},{"damage":32,"enemies":"3 Sentries","floor":10,"turns":13},{"damage":1,"enemies":"2 Fungi Beasts","floor":13,"turns":4},{"damage":23,"enemies":"The Guardian","floor":16,"turns":12},{"damage":24,"enemies":"2 Thieves","floor":18,"turns":3},{"damage":18,"enemies":"Spheric Guardian","floor":22,"turns":9},{"damage":15,"enemies":"Snake Plant","floor":24,"turns":4},{"damage":48,"enemies":"Book of Stabbing","floor":29,"turns":5},{"damage":10,"enemies":"3 Cultists","floor":30,"turns":4},{"damage":75,"enemies":"Automaton","floor":33,"turns":10},{"damage":18,"enemies":"Orb Walker","floor":35,"turns":3},{"damage":42,"enemies":"3 Darklings","floor":38,"turns":7},{"damage":30,"enemies":"Nemesis","floor":40,"turns":4}],"seed_played":"-7333332081224753098","potions_obtained":[{"floor":2,"key":"BlessingOfTheForge"},{"floor":10,"key":"Ancient Potion"},{"floor":11,"key":"Fire Potion"},{"floor":24,"key":"Regen Potion"},{"floor":35,"key":"Dexterity Potion"}],"is_trial":false,"path_per_floor":["M","M","$","M","?","R","E","R","T","E","?","$","M","?","R","B",null,"M","?","?","$","M","R","M","$","T","$","?","E","M","T","R","B",null,"M","?","?","M","$","E"],"character_chosen":"IRONCLAD","items_purchased":["Akabeko"],"campfire_rested":4,"item_purchase_floors":[12],"current_hp_per_floor":[55,54,54,51,31,31,21,45,45,19,19,19,24,24,48,31,68,50,50,50,50,38,77,68,68,68,68,68,26,22,22,61,7,62,60,60,60,30,30,0,0],"gold":107,"neow_bonus":"TRANSFORM_TWO_CARDS","is_daily":false,"chose_seed":false,"campfire_upgraded":1,"win_rate":0.0,"timestamp":1612446145,"path_taken":["M","M","$","M","?","R","E","R","T","E","?","$","?","?","R","BOSS","M","?","?","$","M","R","M","$","T","$","?","E","?","?","R","BOSS","M","?","?","?","$","E"],"items_purchased_type":["Relic"],"build_version":"2020-12-22","purchased_purges":3,"victory":false,"max_hp_per_floor":[80,80,80,80,80,80,80,80,80,80,80,80,80,80,80,80,80,80,80,80,80,80,80,80,80,80,80,80,80,80,80,80,80,80,84,84,84,84,84,84,84],"card_choices":[{"not_picked":["Iron Wave","Heavy Blade"],"picked":"Burning Pact","floor":1},{"not_picked":["Thunderclap","Headbutt"],"picked":"Armaments","floor":2},{"not_picked":["Ghostly Armor","Clothesline"],"picked":"Dropkick","floor":4},{"not_picked":["Warcry","Corruption","Seeing Red"],"picked":"SKIP","floor":7},{"not_picked":["Flex","Whirlwind","Clash"],"picked":"SKIP","floor":10},{"not_picked":["Heavy Blade","Havoc","Clothesline"],"picked":"SKIP","floor":13},{"not_picked":["Impervious","Limit Break"],"picked":"Offering","floor":16},{"not_picked":["Armaments","Shockwave","Pommel Strike"],"picked":"SKIP","floor":18},{"not_picked":["Anger","Wild Strike","Disarm"],"picked":"SKIP","floor":22},{"not_picked":["Hemokinesis","Cleave"],"picked":"Pommel Strike","floor":24},{"not_picked":["Feed","True Grit"],"picked":"Brutality","floor":29},{"not_picked":["Twin Strike+1","Flex+1","Wild Strike+1"],"picked":"SKIP","floor":30},{"not_picked":["Bludgeon","Fiend Fire"],"picked":"Feed","floor":33},{"not_picked":["Pommel Strike","Clothesline","Twin Strike"],"picked":"SKIP","floor":35},{"not_picked":["True Grit","Perfected Strike","Carnage"],"picked":"SKIP","floor":38}],"player_experience":200271,"relics_obtained":[{"floor":7,"key":"Torii"},{"floor":10,"key":"Centennial Puzzle"},{"floor":26,"key":"The Courier"},{"floor":29,"key":"Incense Burner"},{"floor":31,"key":"WingedGreaves"}],"event_choices":[{"damage_healed":0,"gold_gain":0,"player_choice":"Take Damage","damage_taken":20,"relics_obtained":["Golden Idol"],"max_hp_gain":0,"max_hp_loss":0,"event_name":"Golden Idol","floor":5,"gold_loss":0},{"damage_healed":0,"gold_gain":0,"player_choice":"Got Potions","damage_taken":0,"max_hp_gain":0,"max_hp_loss":0,"event_name":"Lab","floor":11,"gold_loss":0},{"damage_healed":0,"gold_gain":55,"player_choice":"Gained Gold","damage_taken":0,"max_hp_gain":0,"max_hp_loss":0,"event_name":"Golden Wing","floor":14,"gold_loss":0},{"damage_healed":0,"gold_gain":0,"player_choice":"Opened","damage_taken":0,"relics_obtained":["Regal Pillow"],"max_hp_gain":0,"max_hp_loss":0,"event_name":"The Mausoleum","floor":19,"gold_loss":0},{"damage_healed":0,"gold_gain":0,"player_choice":"Ignored","damage_taken":0,"max_hp_gain":0,"max_hp_loss":0,"event_name":"Ghosts","floor":20,"gold_loss":0},{"damage_healed":0,"gold_gain":0,"cards_transformed":["Defend_R"],"player_choice":"Transformed","damage_taken":0,"max_hp_gain":0,"max_hp_loss":0,"event_name":"Transmorgrifier","floor":28,"gold_loss":0,"cards_obtained":["Sword Boomerang"]},{"cards_removed":["Brutality"],"damage_healed":0,"gold_gain":0,"player_choice":"Removed Power","damage_taken":0,"max_hp_gain":0,"max_hp_loss":0,"event_name":"Falling","floor":36,"gold_loss":0},{"cards_removed":["Defend_R"],"damage_healed":0,"gold_gain":0,"player_choice":"Upgrade and Remove","damage_taken":0,"max_hp_gain":0,"max_hp_loss":0,"event_name":"Designer","floor":37,"gold_loss":90,"cards_upgraded":["Ghostly Armor"]}],"is_beta":false,"boss_relics":[{"not_picked":["SacredBark","Runic Dome"],"picked":"Empty Cage"},{"not_picked":["Mark of Pain","Tiny House"],"picked":"Black Blood"}],"items_purged_floors":[3,21,27],"is_endless":false,"potions_floor_spawned":[2,10,13,24,29,30,35],"killed_by":"Nemesis","ascension_level":13}}