{"host":"0lnx88jdgcrh6gmr","time":1607814452,"event":{"mods":["2.2 Compatiblity","AchievementEnabler","BaseMod","Beaked The Cultist","Better Note","Better Skull","Better Third Choice","Block Reminder","Colored Map","Displayed Cursed Tome","Glutton Mod","Googly Eyes","Hermit","Highlight Path","Minty Spire (QoL Compilation)","Rare Cards Sparkle","Relic Stats","Shade Mod","Spicy Shops","StSLib","The Construct","The Cursed","The Disciple","The Mystic","The Servant 0.9.4","Unceasing Turn Reminder","everything is the same but u backflip on backflip","slay the spire mod where everything is the same but ironclad has a cowboy hat"],"gold_per_floor":[114,64,81,99,51,84,96,109,109,109,109,48,48,62,62,192,192,211,229,209,225,225,225,238,238,238,238,257,54,69,85,85,85,85],"floor_reached":33,"playtime":1338,"items_purged":["Writhe"],"score":251,"play_id":"6a392265-1b59-4e97-ab04-8611c4e65769","local_time":"20201212160732","is_ascension_mode":false,"campfire_choices":[{"floor":10,"key":"REST"},{"floor":13,"key":"REST"},{"floor":15,"key":"REST"},{"floor":23,"key":"REST"},{"floor":27,"key":"REST"},{"floor":32,"key":"REST"}],"circlet_count":0,"master_deck":["Strike_B","Defend_B","Defend_B","Zap+1","Dualcast+1","Rebound+1","Compile Driver+1","Stack+1","Ball Lightning","Go for the Eyes","Gash","Barrage","Core Surge","Redo","Reboot","Ball Lightning","Core Surge","Go for the Eyes+1","Hello World","Consume+1","Good Instincts+1","Ball Lightning","Gash","Defragment","Conserve Battery","Steam"],"relics":["Astrolabe","HornCleat","Shuriken","Golden Idol","War Paint","construct:ClawGrip","The Courier"],"acts_visited":["Exordium","TheCity"],"potions_floor_usage":[16,33],"damage_taken":[{"damage":0,"enemies":"Small Slimes","floor":1,"turns":3},{"damage":8,"enemies":"Jaw Worm","floor":3,"turns":3},{"damage":0,"enemies":"Cultist","floor":4,"turns":3},{"damage":24,"enemies":"Gremlin Nob","floor":6,"turns":4},{"damage":0,"enemies":"Looter","floor":7,"turns":3},{"damage":9,"enemies":"3 Louse","floor":8,"turns":3},{"damage":7,"enemies":"Blue Slaver","floor":14,"turns":3},{"damage":36,"enemies":"The Guardian","floor":16,"turns":8},{"damage":18,"enemies":"3 Byrds","floor":18,"turns":5},{"damage":10,"enemies":"Chosen","floor":19,"turns":4},{"damage":0,"enemies":"Sentry and Sphere","floor":21,"turns":3},{"damage":29,"enemies":"Centurion and Healer","floor":24,"turns":7},{"damage":22,"enemies":"Snake Plant","floor":28,"turns":3},{"damage":3,"enemies":"Snecko","floor":30,"turns":5},{"damage":15,"enemies":"Sentry and Sphere","floor":31,"turns":5},{"damage":45,"enemies":"Collector","floor":33,"turns":5}],"seed_played":"4525997755837227317","potions_obtained":[{"floor":4,"key":"Dexterity Potion"},{"floor":8,"key":"DuplicationPotion"},{"floor":14,"key":"DuplicationPotion"},{"floor":16,"key":"SteroidPotion"},{"floor":20,"key":"Block Potion"}],"is_trial":false,"path_per_floor":["M","?","M","M","$","E","M","M","T","R","?","$","R","M","R","B",null,"M","M","?","M","?","R","M","?","T","R","M","$","M","M","R","B"],"character_chosen":"DEFECT","items_purchased":["Barrage","War Paint","Gash","Defragment"],"campfire_rested":6,"item_purchase_floors":[5,12,29,29],"current_hp_per_floor":[75,75,67,67,67,43,43,34,34,56,38,38,60,53,75,39,75,57,47,47,47,47,69,40,40,40,62,40,40,37,22,44,0,0],"gold":85,"neow_bonus":"BOSS_RELIC","is_daily":false,"chose_seed":false,"campfire_upgraded":0,"win_rate":0.0,"timestamp":1607814452,"path_taken":["M","?","M","M","$","E","M","M","T","R","?","?","R","M","R","BOSS","M","?","?","M","?","R","M","?","T","R","M","$","M","M","R","BOSS"],"items_purchased_type":["Card","Relic","Card","Card"],"build_version":"2020-11-30","purchased_purges":1,"victory":false,"max_hp_per_floor":[75,75,75,75,75,75,75,75,75,75,75,75,75,75,75,75,75,75,75,75,75,75,75,75,75,75,75,75,75,75,75,75,75,75],"relic_stats":{"counters":[16,67],"Shuriken":[20],"Golden Idol":53,"Astrolabe":["Rebound","Compile Driver","Stack"],"War Paint":["Zap","Dualcast"],"obtain_stats":[{"construct:ClawGrip":17,"HornCleat":6,"Shuriken":9,"Golden Idol":11,"Astrolabe":0,"The Courier":26,"War Paint":12,"Cracked Core":0},{"construct:ClawGrip":8,"HornCleat":4,"Shuriken":6,"Golden Idol":6,"Astrolabe":0,"The Courier":12,"War Paint":6,"Cracked Core":0},{"construct:ClawGrip":30,"HornCleat":13,"Shuriken":19,"Golden Idol":19,"Astrolabe":0,"The Courier":49,"War Paint":19,"Cracked Core":0}]},"card_choices":[{"not_picked":["Force Field","Reprogram"],"picked":"Ball Lightning","floor":1},{"not_picked":["Aggregate","Double Energy"],"picked":"Go for the Eyes","floor":3},{"not_picked":["Streamline","Turbo"],"picked":"Gash","floor":4},{"not_picked":["Sweeping Beam","Streamline"],"picked":"Core Surge","floor":6},{"not_picked":["BootSequence","Rebound"],"picked":"Redo","floor":7},{"not_picked":["Conserve Battery","Beam Cell"],"picked":"Reboot","floor":8},{"not_picked":["Go for the Eyes","Turbo"],"picked":"Ball Lightning","floor":14},{"not_picked":["Echo Form","Creative AI"],"picked":"Core Surge","floor":16},{"not_picked":["Cold Snap+1","Coolheaded+1"],"picked":"Go for the Eyes+1","floor":18},{"not_picked":["Coolheaded","Ball Lightning"],"picked":"Hello World","floor":19},{"not_picked":["Turbo","Recycle+1"],"picked":"Consume+1","floor":21},{"not_picked":["FTL","Hologram"],"picked":"Ball Lightning","floor":24},{"not_picked":["Blizzard+1","Turbo","Coolheaded"],"picked":"SKIP","floor":28},{"not_picked":["Redo+1","Genetic Algorithm"],"picked":"Conserve Battery","floor":30},{"not_picked":["Hologram","Ball Lightning"],"picked":"Steam","floor":31}],"player_experience":184324,"relics_obtained":[{"floor":6,"key":"HornCleat"},{"floor":9,"key":"Shuriken"},{"floor":26,"key":"The Courier"}],"event_choices":[{"cards_removed":["Defend_B"],"damage_healed":0,"gold_gain":0,"player_choice":"Card Removal","damage_taken":0,"max_hp_gain":0,"max_hp_loss":0,"event_name":"The Cleric","floor":2,"gold_loss":50},{"damage_healed":0,"gold_gain":0,"player_choice":"Take Damage","damage_taken":18,"relics_obtained":["Golden Idol"],"max_hp_gain":0,"max_hp_loss":0,"event_name":"Golden Idol","floor":11,"gold_loss":0},{"damage_healed":0,"gold_gain":0,"player_choice":"Bought 1 Potion","damage_taken":0,"max_hp_gain":0,"max_hp_loss":0,"event_name":"The Woman in Blue","floor":20,"gold_loss":0},{"cards_removed":["Core Surge"],"damage_healed":0,"gold_gain":0,"player_choice":"Take \u0026 Give","damage_taken":0,"max_hp_gain":0,"max_hp_loss":0,"event_name":"betterNote:BetterNote","floor":22,"gold_loss":0,"cards_obtained":["Good Instincts"]},{"cards_removed":["Strike_B"],"damage_healed":0,"gold_gain":0,"player_choice":"Purged","damage_taken":0,"max_hp_gain":0,"max_hp_loss":0,"event_name":"Purifier","floor":25,"gold_loss":0}],"is_beta":false,"boss_relics":[{"not_picked":["Runic Dome","Nuclear Battery"],"picked":"construct:ClawGrip"}],"items_purged_floors":[29],"is_endless":false,"potions_floor_spawned":[4,8,14,16,19,30,31],"killed_by":"Collector","ascension_level":0}}