{"host":"cz3p2o9n3b1gdmkz","time":1607775567,"event":{"mods":["AchievementEnabler","BaseMod","CapriCore","GungeonMod","Hermit","Minty Spire (QoL Compilation)","Replay The Spire","Shop Mod","StSLib","SuperFastMode","The Cursed","The Dragon Tamer","The Gatherer","The Jungle","The Poker Player"],"gold_per_floor":[119,139,139,152,169,169,198,213,240,85,98,109,109,109,109,180,180,190,190,206,131,131,161,161,174,174,174,174,174,192,217,217,11,11,85,85,103,103,128,128,148,174,124,153,176,176,176,229,259,279,279,279,279,279,34,60,60],"floor_reached":58,"playtime":2624,"items_purged":["PokerPlayerMod:Spade1","PokerPlayerMod:Mulligan+1"],"score":2123,"play_id":"ef3ef453-56ec-43dc-ad8f-560333f8a77f","local_time":"20201212211927","is_ascension_mode":true,"metric_token":990,"campfire_choices":[{"data":"PokerPlayerMod:Diamond3","floor":6.0,"key":"SMITH"},{"data":"PokerPlayerMod:Sharpen","floor":13.0,"key":"SMITH"},{"data":"PokerPlayerMod:Mulligan","floor":15.0,"key":"SMITH"},{"data":"PokerPlayerMod:Promotion","floor":24.0,"key":"SMITH"},{"data":"PokerPlayerMod:TrumpStrike","floor":29.0,"key":"SMITH"},{"data":"PokerPlayerMod:Diamond2","floor":32.0,"key":"SMITH"},{"data":"PokerPlayerMod:Diamond3","floor":34.0,"key":"SMITH"},{"floor":46.0,"key":"REST"},{"floor":51.0,"key":"RECALL"},{"data":"Apotheosis","floor":54.0,"key":"SMITH"}],"circlet_count":0,"master_deck":["AscendersBane","PokerPlayerMod:Diamond1","PokerPlayerMod:Diamond4","PokerPlayerMod:Diamond4","PokerPlayerMod:Diamond4","PokerPlayerMod:Diamond5","PokerPlayerMod:Spade2","PokerPlayerMod:Spade3","PokerPlayerMod:Spade4","PokerPlayerMod:Club1","PokerPlayerMod:Club2","PokerPlayerMod:Heart2","PokerPlayerMod:BadJoker","PokerPlayerMod:Sharpen+1","PokerPlayerMod:Promotion+1","PokerPlayerMod:Diamond10+","PokerPlayerMod:Diamond8","PokerPlayerMod:Configure+1","PokerPlayerMod:Promotion","PokerPlayerMod:Diamond6","Apotheosis+1","PokerPlayerMod:Raise","PokerPlayerMod:Diamond4"],"relics":["PokerPlayerMod:DeckCase","PokerPlayerMod:StuffedPocket","Ancient Tea Set","ReplayTheSpireMod:TigerMarble","Ring of Searing","CaptainsWheel","Smiling Mask","Red Mask","ReplayTheSpireMod:Lightbulb","Philosopher\u0027s Stone","DemoMod:BigBoy","Omamori","Replay:Kaleidoscope","MealTicket","Vajra","DemoMod:DecoyRelic","Whetstone"],"acts_visited":["Exordium","TheCity","TheBeyond","TheEnding"],"potions_floor_usage":[57],"damage_taken":[{"damage":0.0,"enemies":"Small Slimes","floor":1.0,"turns":2.0},{"damage":0.0,"enemies":"Cultist","floor":2.0,"turns":3.0},{"damage":9.0,"enemies":"Jaw Worm","floor":4.0,"turns":4.0},{"damage":5.0,"enemies":"2 Fungi Beasts","floor":5.0,"turns":3.0},{"damage":10.0,"enemies":"Lagavulin","floor":7.0,"turns":5.0},{"damage":0.0,"enemies":"3 Louse","floor":8.0,"turns":2.0},{"damage":8.0,"enemies":"Blue Slaver","floor":11.0,"turns":2.0},{"damage":0.0,"enemies":"Looter","floor":12.0,"turns":2.0},{"damage":26.0,"enemies":"Fading Forest","floor":16.0,"turns":11.0},{"damage":26.0,"enemies":"Shell Parasite","floor":18.0,"turns":5.0},{"damage":0.0,"enemies":"Spheric Guardian","floor":20.0,"turns":2.0},{"damage":0.0,"enemies":"Gremlin Leader","floor":23.0,"turns":5.0},{"damage":0.0,"enemies":"Centurion and Healer","floor":25.0,"turns":2.0},{"damage":0.0,"enemies":"Snake Plant","floor":30.0,"turns":1.0},{"damage":5.0,"enemies":"Masked Bandits","floor":31.0,"turns":3.0},{"damage":15.0,"enemies":"Pondfish","floor":35.0,"turns":5.0},{"damage":9.0,"enemies":"Orb Walker","floor":37.0,"turns":2.0},{"damage":0.0,"enemies":"Mind Bloom Boss Battle","floor":39.0,"turns":4.0},{"damage":9.0,"enemies":"3 Shapes","floor":41.0,"turns":3.0},{"damage":24.0,"enemies":"Reptomancer","floor":42.0,"turns":4.0},{"damage":31.0,"enemies":"Nemesis","floor":44.0,"turns":5.0},{"damage":5.0,"enemies":"Giant Head","floor":49.0,"turns":4.0},{"damage":15.0,"enemies":"3 Darklings","floor":50.0,"turns":3.0},{"damage":20.0,"enemies":"Time Eater","floor":52.0,"turns":5.0},{"damage":24.0,"enemies":"Shield and Spear","floor":56.0,"turns":3.0},{"damage":60,"enemies":"The Heart","floor":57,"turns":5}],"seed_played":"-5545498228326496473","potions_obtained":[{"floor":2.0,"key":"FearPotion"},{"floor":4.0,"key":"FairyPotion"},{"floor":8.0,"key":"Venom Potion"},{"floor":20.0,"key":"Block Potion"},{"floor":41.0,"key":"Ancient Potion"},{"floor":48.0,"key":"Fire Potion"},{"floor":56.0,"key":"DuplicationPotion"}],"is_trial":false,"path_per_floor":["M","M","?","M","M","R","E","M","T","$","M","M","R","?","R","B",null,"M","?","M","$","?","E","R","M","PTL","PTL","T","R","M","?","R","$","R","B",null,"M","?","?","?","M","E","$","E","T","R","?","?","E","M","R","B",null,"R","$","E","B",null],"character_chosen":"THE_POKER_PLAYER","items_purchased":["ReplayTheSpireMod:TigerMarble","ReplayTheSpireMod:Lightbulb","DemoMod:DecoyRelic"],"campfire_rested":1,"item_purchase_floors":[10,33,55],"current_hp_per_floor":[33,35,58,49,48,48,40,43,43,43,37,37,37,37,37,17,48,31,31,31,31,16,23,23,23,23,23,23,23,29,31,31,31,31,29,55,46,36,42,42,47,32,32,11,11,29,42,42,43,43,43,30,55,55,63,39,17],"gold":60,"neow_bonus":"THREE_RARE_CARDS","is_daily":false,"chose_seed":false,"campfire_upgraded":8,"win_rate":0.0,"timestamp":1607775567,"path_taken":["M","M","?","?","M","R","E","M","T","?","M","?","R","?","R","BOSS","M","?","M","$","?","E","R","M","PTL","PTL","T","R","M","?","R","?","R","BOSS","M","?","?","?","M","E","$","E","T","R","?","?","E","?","R","BOSS","R","$","E","BOSS"],"items_purchased_type":["Relic","Relic","Relic"],"build_version":"2020-11-30","purchased_purges":2,"victory":true,"max_hp_per_floor":[48,48,58,58,58,58,58,58,58,58,58,58,58,58,58,58,58,58,58,58,58,63,63,63,63,63,63,63,63,63,63,63,63,63,63,63,63,63,63,63,63,63,63,63,63,63,63,63,63,63,63,63,63,63,63,63,63],"card_choices":[{"not_picked":["PokerPlayerMod:TheDieIsCast","PokerPlayerMod:Duplicate"],"picked":"PokerPlayerMod:WildCard","floor":0.0},{"not_picked":["PokerPlayerMod:Spade6","PokerPlayerMod:Diamond3"],"picked":"PokerPlayerMod:Sharpen","floor":1.0},{"not_picked":["PokerPlayerMod:Spade4","PokerPlayerMod:Diamond3","PokerPlayerMod:Heart3"],"picked":"SKIP","floor":2.0},{"not_picked":["PokerPlayerMod:Diamond1","PokerPlayerMod:Spade1","PokerPlayerMod:ClubShade"],"picked":"SKIP","floor":4.0},{"not_picked":["PokerPlayerMod:Spade4","PokerPlayerMod:Heart5","PokerPlayerMod:Club6"],"picked":"SKIP","floor":5.0},{"not_picked":["PokerPlayerMod:Heart2","PokerPlayerMod:Spade3","PokerPlayerMod:Diamond1"],"picked":"SKIP","floor":7.0},{"not_picked":["PokerPlayerMod:Diamond3","PokerPlayerMod:Club1","PokerPlayerMod:Harden"],"picked":"SKIP","floor":8.0},{"not_picked":["PokerPlayerMod:Club2","PokerPlayerMod:Spade4","PokerPlayerMod:Diamond3"],"picked":"SKIP","floor":11.0},{"not_picked":["PokerPlayerMod:HotShotCut","PokerPlayerMod:Diamond1","PokerPlayerMod:Fold"],"picked":"SKIP","floor":12.0},{"not_picked":["PokerPlayerMod:Diamond8","PokerPlayerMod:SecretDealer"],"picked":"PokerPlayerMod:Promotion","floor":16.0},{"not_picked":["PokerPlayerMod:RiskyBet","PokerPlayerMod:Trickery","PokerPlayerMod:ClubShade"],"picked":"SKIP","floor":18.0},{"not_picked":["PokerPlayerMod:Diamond2","PokerPlayerMod:Heart1","PokerPlayerMod:ClubsClub"],"picked":"SKIP","floor":20.0},{"not_picked":["PokerPlayerMod:RoyalStrike","PokerPlayerMod:Club2"],"picked":"PokerPlayerMod:Diamond8","floor":23.0},{"not_picked":["PokerPlayerMod:SpadeStrike","PokerPlayerMod:Diamond3","PokerPlayerMod:HiddenCard"],"picked":"SKIP","floor":25.0},{"not_picked":["PokerPlayerMod:Club4","PokerPlayerMod:Configure","PokerPlayerMod:Spade2"],"picked":"SKIP","floor":30.0},{"not_picked":["PokerPlayerMod:Diamond3","PokerPlayerMod:SecretDealer"],"picked":"PokerPlayerMod:Configure+1","floor":31.0},{"not_picked":["PokerPlayerMod:Spade9","PokerPlayerMod:WasteCollection"],"picked":"PokerPlayerMod:Promotion","floor":35.0},{"not_picked":["PokerPlayerMod:CardBurn","PokerPlayerMod:DartThrow"],"picked":"PokerPlayerMod:Diamond6","floor":37.0},{"not_picked":["Purity","Finesse"],"picked":"Apotheosis","floor":38.0},{"not_picked":["PokerPlayerMod:Spade1","PokerPlayerMod:Diamond1"],"picked":"PokerPlayerMod:Raise","floor":39.0},{"not_picked":["PokerPlayerMod:DartThrow","PokerPlayerMod:Configure","PokerPlayerMod:Diamond1"],"picked":"SKIP","floor":41.0},{"not_picked":["PokerPlayerMod:Spade3","PokerPlayerMod:ClubShade","PokerPlayerMod:Spade5"],"picked":"SKIP","floor":42.0},{"not_picked":["PokerPlayerMod:GamblerForm","PokerPlayerMod:Configure","PokerPlayerMod:Club4"],"picked":"SKIP","floor":44.0},{"not_picked":["PokerPlayerMod:JackOfSpades","PokerPlayerMod:Club7","PokerPlayerMod:ClubsClub+1"],"picked":"SKIP","floor":49.0},{"not_picked":["PokerPlayerMod:Diamond3","PokerPlayerMod:Club4"],"picked":"PokerPlayerMod:Diamond4","floor":50.0},{"not_picked":["PokerPlayerMod:SecondChance","PokerPlayerMod:ClubStrike+1","PokerPlayerMod:Diamond1"],"picked":"SKIP","floor":56.0}],"player_experience":827644,"relics_obtained":[{"floor":7.0,"key":"PokerPlayerMod:StuffedPocket"},{"floor":9.0,"key":"Ancient Tea Set"},{"floor":14.0,"key":"Ring of Searing"},{"floor":23.0,"key":"CaptainsWheel"},{"floor":28.0,"key":"Smiling Mask"},{"floor":31.0,"key":"Red Mask"},{"floor":39.0,"key":"DemoMod:BigBoy"},{"floor":42.0,"key":"Omamori"},{"floor":44.0,"key":"Replay:Kaleidoscope"},{"floor":48.0,"key":"MealTicket"},{"floor":49.0,"key":"Vajra"},{"floor":56.0,"key":"Whetstone"}],"event_choices":[{"cards_removed":["PokerPlayerMod:WildCard"],"damage_healed":13.0,"max_hp_gain":10.0,"max_hp_loss":0.0,"gold_gain":0.0,"event_name":"Bonfire Elementals","player_choice":"Offered Rare","floor":3.0,"gold_loss":0.0,"damage_taken":0.0},{"damage_healed":0.0,"max_hp_gain":0.0,"max_hp_loss":0.0,"gold_gain":0.0,"event_name":"The Library","player_choice":"Read","floor":19.0,"gold_loss":0.0,"damage_taken":0.0,"cards_obtained":["PokerPlayerMod:Diamond10"]},{"damage_healed":0.0,"max_hp_gain":5.0,"max_hp_loss":0.0,"gold_gain":0.0,"event_name":"Forgotten Altar","player_choice":"Shed Blood","floor":22.0,"gold_loss":0.0,"damage_taken":20.0},{"damage_healed":0.0,"max_hp_gain":0.0,"max_hp_loss":0.0,"gold_gain":0.0,"event_name":"Masked Bandits","player_choice":"Fought Bandits","floor":31.0,"gold_loss":0.0,"damage_taken":0.0},{"damage_healed":0.0,"max_hp_gain":0.0,"max_hp_loss":0.0,"gold_gain":0.0,"event_name":"SensoryStone","player_choice":"Memory 3","floor":38.0,"gold_loss":0.0,"damage_taken":10.0},{"damage_healed":0.0,"max_hp_gain":0.0,"max_hp_loss":0.0,"gold_gain":0.0,"event_name":"MindBloom","player_choice":"Fight","floor":39.0,"gold_loss":0.0,"damage_taken":0.0},{"cards_removed":["PokerPlayerMod:TrumpStrike"],"damage_healed":0.0,"max_hp_gain":0.0,"max_hp_loss":0.0,"gold_gain":0.0,"event_name":"Falling","player_choice":"Removed Attack","floor":40.0,"gold_loss":0.0,"damage_taken":0.0},{"damage_healed":13.0,"max_hp_gain":0.0,"max_hp_loss":0.0,"gold_gain":0.0,"event_name":"Winding Halls","player_choice":"Writhe","floor":47.0,"gold_loss":0.0,"damage_taken":0.0,"cards_obtained":["Writhe"]}],"is_beta":false,"boss_relics":[{"not_picked":["Abe\u0027s Treasure","Replay:Bronze Core","Replay:Wanted Poster"]},{"not_picked":["Runic Dome","Calling Bell"],"picked":"Philosopher\u0027s Stone"}],"items_purged_floors":[21,43],"is_endless":false,"potions_floor_spawned":[2,4,8,20,23,30,35,41,42,49,56],"ascension_level":15}}