{"host":"turdyikuxcak11ni","time":1607791569,"event":{"mods":["AchievementEnabler","BaseMod","Better Altar","Better Match","Better Note","Better Sensory Stone","Better Skull","Better Third Choice","Better Vampires","Colored Map","Minty Spire (QoL Compilation)","Quick Restart","Relic Stats","Spicy Shops","StSLib","SuperFastMode"],"gold_per_floor":[110,127,127,0,15,48,48,48,129,129,154,165,135,147,147,252,252,271,284,295,2,0,0,0],"floor_reached":23,"playtime":1038,"items_purged":["Pain"],"score":314,"play_id":"fecadd89-693b-4d43-91b6-006ede1e5271","local_time":"20201212084609","is_ascension_mode":true,"campfire_choices":[{"data":"Double Tap","floor":7,"key":"SMITH"},{"data":"Bloodletting","floor":10,"key":"SMITH"},{"floor":15,"key":"REST"}],"circlet_count":0,"master_deck":["Strike_R","Strike_R","Strike_R","Strike_R","Strike_R","Defend_R","Defend_R","Defend_R","Defend_R","Bash","Bloodletting+1","Spot Weakness","Double Tap+1","Anger","Pommel Strike","Armaments"],"relics":["Burning Blood","WarpedTongs","Pen Nib","Gremlin Horn","Thread and Needle","Black Star","Turnip"],"acts_visited":["Exordium","TheCity"],"potions_floor_usage":[6,6,14,16,16,19,20,20],"damage_taken":[{"damage":6,"enemies":"2 Louse","floor":1,"turns":3},{"damage":4,"enemies":"Cultist","floor":2,"turns":3},{"damage":7,"enemies":"Small Slimes","floor":5,"turns":4},{"damage":30,"enemies":"3 Sentries","floor":6,"turns":8},{"damage":34,"enemies":"Gremlin Nob","floor":11,"turns":5},{"damage":5,"enemies":"3 Louse","floor":12,"turns":3},{"damage":3,"enemies":"Exordium Thugs","floor":14,"turns":1},{"damage":0,"enemies":"Slime Boss","floor":16,"turns":3},{"damage":19,"enemies":"3 Byrds","floor":18,"turns":5},{"damage":2,"enemies":"Chosen","floor":19,"turns":3},{"damage":46,"enemies":"Shelled Parasite and Fungi","floor":20,"turns":6},{"damage":46,"enemies":"Book of Stabbing","floor":23,"turns":4}],"seed_played":"-9010651977103554353","potions_obtained":[{"floor":5,"key":"Strength Potion"},{"floor":12,"key":"Energy Potion"},{"floor":13,"key":"SteroidPotion"},{"floor":13,"key":"AttackPotion"},{"floor":16,"key":"BlessingOfTheForge"},{"floor":18,"key":"HeartOfIron"},{"floor":19,"key":"Energy Potion"}],"is_trial":false,"path_per_floor":["M","M","?","$","M","E","R","?","T","R","E","M","?","M","R","B",null,"M","M","M","$","?","E"],"character_chosen":"IRONCLAD","items_purchased":["Swift Potion","Turnip"],"campfire_rested":1,"item_purchase_floors":[4,21],"current_hp_per_floor":[88,88,88,88,87,63,63,68,68,68,40,41,41,44,71,77,89,76,80,40,40,40,0,0],"gold":0,"neow_bonus":"TEN_PERCENT_HP_BONUS","is_daily":false,"chose_seed":false,"campfire_upgraded":2,"win_rate":0.0,"timestamp":1607791569,"path_taken":["M","M","?","?","M","E","R","?","T","R","E","M","?","M","R","BOSS","M","M","M","$","?","E"],"items_purchased_type":["Potion","Relic"],"build_version":"2020-11-30","purchased_purges":1,"victory":false,"max_hp_per_floor":[88,88,88,88,88,88,88,93,93,93,93,93,93,93,93,93,93,93,93,93,93,93,93,93],"relic_stats":{"Gremlin Horn":[5,5],"counters":[12,48],"Pen Nib":[7],"Turnip":[0],"Black Star":0,"obtain_stats":[{"Gremlin Horn":9,"Thread and Needle":11,"Pen Nib":6,"Turnip":21,"Black Star":17,"Burning Blood":0,"WarpedTongs":3},{"Gremlin Horn":4,"Thread and Needle":5,"Pen Nib":4,"Turnip":11,"Black Star":8,"Burning Blood":0,"WarpedTongs":2},{"Gremlin Horn":18,"Thread and Needle":23,"Pen Nib":18,"Turnip":44,"Black Star":30,"Burning Blood":0,"WarpedTongs":6}],"Burning Blood":64,"WarpedTongs":[42]},"card_choices":[{"not_picked":["Clothesline","Thunderclap"],"picked":"Bloodletting","floor":1},{"not_picked":["Shockwave","Heavy Blade"],"picked":"Spot Weakness","floor":2},{"not_picked":["Twin Strike","Feel No Pain","True Grit"],"picked":"SKIP","floor":5},{"not_picked":["Infernal Blade","Clash"],"picked":"Double Tap","floor":6},{"not_picked":["Reckless Charge","Perfected Strike"],"picked":"Anger","floor":11},{"not_picked":["Heavy Blade","Anger"],"picked":"Pommel Strike","floor":12},{"not_picked":["Dropkick","Offering","Havoc"],"picked":"SKIP","floor":14},{"not_picked":["Cleave+1","Pummel","Anger"],"picked":"SKIP","floor":18},{"not_picked":["Sentinel","Feel No Pain","Clothesline+1"],"picked":"SKIP","floor":19},{"not_picked":["Feel No Pain","Anger+1"],"picked":"Armaments","floor":20}],"player_experience":209564,"relics_obtained":[{"floor":6,"key":"Pen Nib"},{"floor":9,"key":"Gremlin Horn"},{"floor":11,"key":"Thread and Needle"}],"event_choices":[{"damage_healed":0,"gold_gain":0,"player_choice":"Rummage","damage_taken":0,"relics_obtained":["WarpedTongs"],"max_hp_gain":0,"max_hp_loss":0,"event_name":"Accursed Blacksmith","floor":3,"gold_loss":0,"cards_obtained":["Pain"]},{"damage_healed":0,"gold_gain":0,"player_choice":"Donut","damage_taken":0,"max_hp_gain":5,"max_hp_loss":0,"event_name":"Big Fish","floor":8,"gold_loss":0},{"damage_healed":0,"gold_gain":0,"player_choice":"Bought 2 Potions","damage_taken":0,"max_hp_gain":0,"max_hp_loss":0,"event_name":"The Woman in Blue","floor":13,"gold_loss":0},{"damage_healed":0,"gold_gain":0,"player_choice":"Paid Fearfully","damage_taken":0,"max_hp_gain":0,"max_hp_loss":0,"event_name":"Masked Bandits","floor":22,"gold_loss":2}],"is_beta":false,"boss_relics":[{"not_picked":["SlaversCollar","Runic Dome"],"picked":"Black Star"}],"items_purged_floors":[4],"is_endless":false,"potions_floor_spawned":[5,12,16,18,19],"killed_by":"Book of Stabbing","ascension_level":5}}