{"host":"6qo42zgaknezulyg","time":1607778232,"event":{"mods":["2.2 Compatiblity","BaseMod","Keyboard Shortcuts","Minty Spire (QoL Compilation)","Permanent Neow","Quick Restart","StSLib","SuperFastMode","The Cursed"],"gold_per_floor":[117,4,22,41,54,54,84,84,84,111,122,122,122,136,136,234,234,254,28,48,58,72,72,100,100,154,54,68,96,196,224,224,325,325,335,171,171,218,229,255,255,255,280,280,250,270,288,321,321,321],"floor_reached":51,"playtime":2924,"items_purged":["TheCursedMod:Strike_TheCursed","TheCursedMod:Strike_TheCursed","Writhe"],"score":916,"play_id":"9becb9b1-42e9-4c28-a234-e3b6b25ac3da","local_time":"20201212220352","is_ascension_mode":true,"campfire_choices":[{"data":"TheCursedMod:HellfireBreathing","floor":6.0,"key":"SMITH"},{"floor":8.0,"key":"REST"},{"data":"TheCursedMod:NeowsMight","floor":12.0,"key":"SMITH"},{"data":"The Bomb","floor":15.0,"key":"SMITH"},{"data":"TheCursedMod:VoidForm","floor":23.0,"key":"SMITH"},{"data":"TheCursedMod:DarkBarrier","floor":25.0,"key":"SMITH"},{"floor":32.0,"key":"REST"},{"data":"TheCursedMod:CursedRelics","floor":41.0,"key":"SMITH"},{"data":"TheCursedMod:LuckyCharm","floor":44.0,"key":"SMITH"},{"data":"TheCursedMod:SpitefulPray","floor":49,"key":"SMITH"}],"circlet_count":0,"master_deck":["TheCursedMod:Defend_TheCursed","TheCursedMod:Defend_TheCursed","TheCursedMod:Defend_TheCursed+1","TheCursedMod:CursedWand","TheCursedMod:CleanUpWorkshop","TheCursedMod:Dregs","The Bomb+1","TheCursedMod:HellfireBreathing+1","TheCursedMod:LuckyCharm+1","TheCursedMod:DoubleShield+1","TheCursedMod:BlessingInDisguise","TheCursedMod:NeowsMight+1","TheCursedMod:SoulCrush","TheCursedMod:VoidForm+1","TheCursedMod:DarkBarrier+1","TheCursedMod:WearCloak+1","TheCursedMod:ManaBullet","TheCursedMod:Grudge","TheCursedMod:HellsGateOpen","TheCursedMod:StingEye","TheCursedMod:SpitefulPray+1","TheCursedMod:Stretching+1","TheCursedMod:BloodBarrier","TheCursedMod:CursedRelics+1","TheCursedMod:SpitefulPlan+1","TheCursedMod:SpreadPlague+1","TheCursedMod:TacticalStrike+1","TheCursedMod:SpitefulPray+1","TheCursedMod:AshesToAshes","TheCursedMod:Hemoplague+1","Regret"],"relics":["TheCursedMod:BlackMagic101","TheCursedMod:SoulVessel","Mango","Unceasing Top","TungstenRod","Cursed Key","Orrery","Thread and Needle","PreservedInsect","Turnip","Ice Cream","Letter Opener","Question Card","Astrolabe","TheCursedMod:CrystalBall","Mummified Hand","War Paint","Calipers"],"acts_visited":["Exordium","TheCity","TheBeyond"],"potions_floor_usage":[50,50,50],"damage_taken":[{"damage":0.0,"enemies":"Small Slimes","floor":1.0,"turns":3.0},{"damage":3.0,"enemies":"Jaw Worm","floor":3.0,"turns":5.0},{"damage":4.0,"enemies":"2 Louse","floor":4.0,"turns":5.0},{"damage":30.0,"enemies":"Gremlin Gang","floor":5.0,"turns":6.0},{"damage":17.0,"enemies":"Lagavulin","floor":7.0,"turns":8.0},{"damage":7.0,"enemies":"3 Sentries","floor":10.0,"turns":4.0},{"damage":0.0,"enemies":"Exordium Thugs","floor":11.0,"turns":3.0},{"damage":0.0,"enemies":"3 Louse","floor":14.0,"turns":3.0},{"damage":35.0,"enemies":"Slime Boss","floor":16.0,"turns":9.0},{"damage":15.0,"enemies":"Shell Parasite","floor":18.0,"turns":4.0},{"damage":0.0,"enemies":"Chosen","floor":20.0,"turns":5.0},{"damage":5.0,"enemies":"Snecko","floor":21.0,"turns":5.0},{"damage":4.0,"enemies":"3 Cultists","floor":22.0,"turns":3.0},{"damage":22.0,"enemies":"Book of Stabbing","floor":24.0,"turns":7.0},{"damage":1.0,"enemies":"Centurion and Healer","floor":28.0,"turns":4.0},{"damage":14.0,"enemies":"Gremlin Leader","floor":29.0,"turns":6.0},{"damage":0.0,"enemies":"Colosseum Slavers","floor":30.0,"turns":3.0},{"damage":0.0,"enemies":"Colosseum Nobs","floor":30.0,"turns":5.0},{"damage":9.0,"enemies":"Slavers","floor":31.0,"turns":6.0},{"damage":8.0,"enemies":"Automaton","floor":33.0,"turns":9.0},{"damage":0.0,"enemies":"Orb Walker","floor":35.0,"turns":4.0},{"damage":16.0,"enemies":"2 Orb Walkers","floor":38.0,"turns":5.0},{"damage":1.0,"enemies":"3 Darklings","floor":39.0,"turns":4.0},{"damage":0.0,"enemies":"Reptomancer","floor":40.0,"turns":4.0},{"damage":0,"enemies":"Maw","floor":46,"turns":6},{"damage":0,"enemies":"Sphere and 2 Shapes","floor":47,"turns":3},{"damage":14,"enemies":"Nemesis","floor":48,"turns":3},{"damage":15,"enemies":"Time Eater","floor":50,"turns":6}],"seed_played":"-2875126911547949010","potions_obtained":[{"floor":5.0,"key":"Strength Potion"},{"floor":10.0,"key":"Weak Potion"},{"floor":11.0,"key":"FearPotion"},{"floor":14.0,"key":"Fruit Juice"},{"floor":16.0,"key":"DuplicationPotion"},{"floor":29.0,"key":"SneckoOil"},{"floor":30.0,"key":"Fire Potion"},{"floor":35.0,"key":"Weak Potion"},{"floor":40.0,"key":"Explosive Potion"},{"floor":45,"key":"Strength Potion"}],"is_trial":false,"path_per_floor":["M","$","M","M","M","R","E","R","T","E","M","R","?","M","R","B",null,"M","$","M","M","M","R","E","R","T","$","M","E","?","E","R","B",null,"M","$","?","?","M","E","R","?","T","R","?","M","M","E","R","B",null],"character_chosen":"THE_CURSED","items_purchased":["TheCursedMod:LuckyCharm","Orrery","TheCursedMod:HellsGateOpen","TheCursedMod:AshesToAshes"],"campfire_rested":2,"item_purchase_floors":[2,19,19,36],"current_hp_per_floor":[68,68,65,61,31,31,14,34,48,43,45,45,38,44,44,13,87,74,74,77,74,71,71,53,53,53,53,55,46,54,47,73,73,87,87,87,87,75,77,81,81,81,81,81,81,86,87,75,75,67],"gold":321,"neow_bonus":"RANDOM_COLORLESS_2","is_daily":false,"chose_seed":false,"campfire_upgraded":8,"win_rate":0.0,"timestamp":1607778232,"path_taken":["M","$","M","M","M","R","E","R","T","E","M","R","?","M","R","BOSS","M","$","M","M","M","R","E","R","T","$","M","E","?","E","R","BOSS","M","$","?","?","M","E","R","?","T","R","?","?","M","E","R","BOSS"],"items_purchased_type":["Card","Relic","Card","Card"],"build_version":"2020-11-30","purchased_purges":3,"victory":true,"max_hp_per_floor":[68,68,68,68,68,68,68,68,82,82,82,82,82,87,87,87,87,87,87,87,87,87,87,87,87,87,87,87,87,87,87,87,87,87,87,87,87,87,87,87,87,87,87,87,87,87,87,87,87,87],"card_choices":[{"not_picked":["Secret Weapon","Panache"],"picked":"The Bomb","floor":0.0},{"not_picked":["TheCursedMod:SmokeScreen","TheCursedMod:RapidMovement"],"picked":"TheCursedMod:HellfireBreathing","floor":1.0},{"not_picked":["TheCursedMod:SurpriseAttack","TheCursedMod:SmokeScreen"],"picked":"TheCursedMod:DoubleShield","floor":3.0},{"not_picked":["TheCursedMod:CursedShiv","TheCursedMod:CircleOfFlame","TheCursedMod:SurpriseAttack"],"picked":"SKIP","floor":4.0},{"not_picked":["TheCursedMod:EmpowerCircles","TheCursedMod:VitalStrike","TheCursedMod:Stretching"],"picked":"SKIP","floor":5.0},{"not_picked":["TheCursedMod:SmokeScreen","TheCursedMod:Torture"],"picked":"TheCursedMod:BlessingInDisguise","floor":7.0},{"not_picked":["TheCursedMod:HellfireBreathing","TheCursedMod:SoulCrush"],"picked":"TheCursedMod:NeowsMight","floor":10.0},{"not_picked":["TheCursedMod:VitalStrike","TheCursedMod:HellfireBreathing","TheCursedMod:Obscuration"],"picked":"SKIP","floor":11.0},{"not_picked":["TheCursedMod:SpitefulStrike","TheCursedMod:RavingStaff"],"picked":"TheCursedMod:SoulCrush","floor":14.0},{"not_picked":["TheCursedMod:ParallelWorld","TheCursedMod:DarkBarrier"],"picked":"TheCursedMod:VoidForm","floor":16.0},{"not_picked":["TheCursedMod:Stretching","TheCursedMod:FleshFromBone","TheCursedMod:CursedBlade+1"],"picked":"SKIP","floor":18.0},{"not_picked":["TheCursedMod:TacticalStrike","TheCursedMod:Grudge"],"picked":"TheCursedMod:DarkBarrier","floor":19.0},{"not_picked":["TheCursedMod:TroublousMinions","TheCursedMod:CircleOfFocus"],"picked":"TheCursedMod:WearCloak+1","floor":19.0},{"not_picked":["TheCursedMod:FleshFromBone+1","TheCursedMod:ReleasedKnowledge"],"picked":"TheCursedMod:ManaBullet","floor":19.0},{"not_picked":["TheCursedMod:ReleasedStrength","TheCursedMod:CursedShiv"],"picked":"TheCursedMod:SurpriseAttack+1","floor":19.0},{"not_picked":["TheCursedMod:VitalStrike","TheCursedMod:SmokeScreen"],"picked":"TheCursedMod:Grudge","floor":19.0},{"not_picked":["TheCursedMod:ManaBullet","TheCursedMod:VitalStrike+1"],"picked":"TheCursedMod:StingEye","floor":20.0},{"not_picked":["TheCursedMod:Stretching","TheCursedMod:CircleOfWindfury"],"picked":"TheCursedMod:SpitefulPray+1","floor":21.0},{"not_picked":["TheCursedMod:TacticalStrike","TheCursedMod:CircleOfFlame"],"picked":"TheCursedMod:Stretching+1","floor":22.0},{"not_picked":["TheCursedMod:ReleasedStrength","TheCursedMod:BlessingInDisguise","TheCursedMod:Evocation"],"picked":"SKIP","floor":24.0},{"not_picked":["TheCursedMod:Wield+1","TheCursedMod:SurpriseAttack"],"picked":"TheCursedMod:BloodBarrier","floor":28.0},{"not_picked":["TheCursedMod:Torture","TheCursedMod:AntiAging","TheCursedMod:FleshFromBone"],"picked":"SKIP","floor":29.0},{"not_picked":["TheCursedMod:CircleOfFocus","TheCursedMod:SurpriseAttack","TheCursedMod:CursedBlade"],"picked":"SKIP","floor":31.0},{"not_picked":["TheCursedMod:UltimatePain","TheCursedMod:DemonicPact","TheCursedMod:ForbiddenAlchemy"],"picked":"TheCursedMod:CursedRelics","floor":33.0},{"not_picked":["TheCursedMod:Mangle+1","TheCursedMod:Wield","TheCursedMod:CursedShiv"],"picked":"TheCursedMod:SpitefulPray","floor":35.0},{"not_picked":["TheCursedMod:FuryStrike","TheCursedMod:SoulCrush","TheCursedMod:CursedShiv","TheCursedMod:Torture"],"picked":"SKIP","floor":39.0},{"not_picked":["TheCursedMod:CursedShiv","TheCursedMod:BloodBarrier","TheCursedMod:Stretching"],"picked":"TheCursedMod:Hemoplague+1","floor":40.0},{"not_picked":["TheCursedMod:CircleOfCorruption+1","TheCursedMod:SmokeScreen","TheCursedMod:VitalStrike+1","TheCursedMod:SoulReap+1"],"picked":"SKIP","floor":46},{"not_picked":["TheCursedMod:SurpriseAttack","TheCursedMod:CircleOfAmplification","TheCursedMod:TroublousMinions","TheCursedMod:SmokeScreen+1"],"picked":"SKIP","floor":47},{"not_picked":["TheCursedMod:CursedBoomerang","TheCursedMod:HellsGateOpen","TheCursedMod:Stigma+1","TheCursedMod:SoulReap+1"],"picked":"SKIP","floor":48}],"player_experience":737490,"relics_obtained":[{"floor":7.0,"key":"TheCursedMod:SoulVessel"},{"floor":9.0,"key":"Mango"},{"floor":10.0,"key":"Unceasing Top"},{"floor":24.0,"key":"Thread and Needle"},{"floor":26.0,"key":"PreservedInsect"},{"floor":29.0,"key":"Turnip"},{"floor":30.0,"key":"Ice Cream"},{"floor":30.0,"key":"Letter Opener"},{"floor":31.0,"key":"Question Card"},{"floor":38.0,"key":"TheCursedMod:CrystalBall"},{"floor":40.0,"key":"Mummified Hand"},{"floor":43.0,"key":"War Paint"},{"floor":48,"key":"Calipers"}],"event_choices":[{"damage_healed":0.0,"max_hp_gain":0.0,"max_hp_loss":0.0,"gold_gain":0.0,"event_name":"Scrap Ooze","player_choice":"Success","floor":13.0,"gold_loss":0.0,"damage_taken":7.0,"relics_obtained":["TungstenRod"]},{"damage_healed":0.0,"max_hp_gain":0.0,"max_hp_loss":0.0,"gold_gain":0.0,"event_name":"Colosseum","player_choice":"Fight","floor":30.0,"gold_loss":0.0,"damage_taken":0.0},{"damage_healed":0.0,"max_hp_gain":0.0,"max_hp_loss":0.0,"gold_gain":0.0,"event_name":"Colosseum","player_choice":"Fought Nobs","floor":30.0,"gold_loss":0.0,"damage_taken":0.0},{"cards_removed":["TheCursedMod:SurpriseAttack"],"damage_healed":0.0,"max_hp_gain":0.0,"max_hp_loss":0.0,"gold_gain":0.0,"event_name":"Falling","player_choice":"Removed Attack","floor":37.0,"gold_loss":0.0,"damage_taken":0.0},{"damage_healed":0.0,"max_hp_gain":0.0,"max_hp_loss":0.0,"gold_gain":0.0,"event_name":"Mysterious Sphere","player_choice":"Fight","floor":38.0,"gold_loss":0.0,"damage_taken":0.0},{"damage_healed":0.0,"max_hp_gain":0.0,"max_hp_loss":0.0,"gold_gain":0.0,"event_name":"SensoryStone","player_choice":"Memory 1","floor":42.0,"gold_loss":0.0,"damage_taken":0.0},{"damage_healed":0,"gold_gain":0,"player_choice":"Bought 2 Potions","damage_taken":0,"max_hp_gain":0,"max_hp_loss":0,"event_name":"The Woman in Blue","floor":45,"gold_loss":0}],"is_beta":false,"boss_relics":[{"not_picked":["Runic Pyramid","Ectoplasm"],"picked":"Cursed Key"},{"not_picked":["TheCursedMod:BlackMagicAdvanced","SlaversCollar"],"picked":"Astrolabe"}],"items_purged_floors":[2,27,36],"is_endless":false,"potions_floor_spawned":[5,10,11,14,16,18,20,22,29,30,33,35,40,47],"ascension_level":3}}