{"host":"kq2g769nefmuyn7c","time":1607790607,"event":{"mods":["Act Like it!","BaseMod","Gensokyo","Hallownest","Koishi","Minty Spire (QoL Compilation)","Remilia£®¿Ÿ√◊¿Ú—«£©","StSLib","The Bug Knight"],"gold_per_floor":[115,126,126,26,26,26,52,52,52,32,43,53,81,94,94,192,192,212,212,227,227,227,227],"floor_reached":22,"playtime":5174,"items_purged":[],"score":219,"play_id":"f94463a6-64af-49ae-bae1-03101458b40d","local_time":"20201213003007","is_ascension_mode":false,"campfire_choices":[{"data":"Koishi:HauntingSlash","floor":6.0,"key":"SMITH"},{"data":"Koishi:MassHysteria","floor":15,"key":"SMITH"}],"circlet_count":0,"master_deck":["Koishi:BasicStrike","Koishi:BasicStrike","Koishi:BasicStrike","Koishi:BasicStrike","Koishi:BasicDefend","Koishi:BasicDefend","Koishi:BasicDefend","Koishi:BasicDefend","Koishi:Provoke","Koishi:HauntingSlash+1","Koishi:SprinkleStarAndHeart","Koishi:JumpScare","Koishi:MassHysteria+1","Koishi:MindNumbingTerror","Koishi:Vanish","Koishi:ParalyzingFear","Koishi:TerrifyingSpectre+1","Koishi:ApparitionsStalkTheNight","Koishi:SpiritedAway"],"relics":["Koishi:ImaginaryFriend","NeowsBlessing","Letter Opener","Gensokyo:OccultBall","Koishi:AHoleWhereASisterShouldBe","Strawberry","Frozen Egg 2","Darkstone Periapt","Busted Crown","Gensokyo:SongOfSouls","Gremlin Horn"],"acts_visited":["Gensokyo:Gensokyo","Gensokyo:Gensokyoer"],"potions_floor_usage":[],"damage_taken":[{"damage":0.0,"enemies":"Gensokyo:Gryphon","floor":1.0,"turns":1.0},{"damage":0.0,"enemies":"Gensokyo:2_Kodama","floor":2.0,"turns":1.0},{"damage":0.0,"enemies":"Gensokyo:Cirno","floor":7.0,"turns":2.0},{"damage":11.0,"enemies":"Gensokyo:Python","floor":11.0,"turns":5.0},{"damage":3.0,"enemies":"Gensokyo:3_Kodama","floor":12.0,"turns":3.0},{"damage":32.0,"enemies":"Gensokyo:Mamizou","floor":13.0,"turns":10.0},{"damage":19.0,"enemies":"Gensokyo:LivingMonolith","floor":14.0,"turns":3.0},{"damage":8,"enemies":"Gensokyo:Reimu","floor":16,"turns":7},{"damage":16,"enemies":"Gensokyo:3_Dogs","floor":18,"turns":7},{"damage":7,"enemies":"Gensokyo:2_Gloops","floor":20,"turns":6},{"damage":56,"enemies":"Gensokyo:2_Gloops","floor":22,"turns":6}],"seed_played":"-6643618892357562527","potions_obtained":[{"floor":1.0,"key":"Explosive Potion"},{"floor":11.0,"key":"SteroidPotion"},{"floor":13.0,"key":"EssenceOfSteel"},{"floor":14,"key":"LiquidMemories"}],"is_trial":false,"path_per_floor":["M","M","?","?","?","R","E","?","T","?","M","M","E","M","R","B",null,"M","?","M","?","?"],"character_chosen":"KOISHI","items_purchased":[],"campfire_rested":0,"item_purchase_floors":[],"current_hp_per_floor":[60,60,60,60,60,60,60,57,57,67,62,63,39,24,24,20,67,57,57,56,56,0,0],"gold":227,"neow_bonus":"THREE_ENEMY_KILL","is_daily":false,"chose_seed":false,"campfire_upgraded":2,"win_rate":0.0,"timestamp":1607790607,"path_taken":["M","M","?","?","?","R","E","?","T","?","?","?","E","M","R","BOSS","M","?","M","?","?"],"items_purchased_type":[],"build_version":"2020-11-30","purchased_purges":0,"victory":false,"max_hp_per_floor":[60,60,60,60,60,60,60,67,67,67,67,67,67,67,67,67,67,67,67,67,62,62,62],"card_choices":[{"not_picked":["Koishi:Catatonia","Koishi:CatchAndRose"],"picked":"Koishi:SprinkleStarAndHeart","floor":1.0},{"not_picked":["Koishi:UnansweredLove","Koishi:SprinkleStarAndHeart"],"picked":"Koishi:JumpScare","floor":2.0},{"not_picked":["Koishi:EmbersOfLove","Koishi:RacingHeart"],"picked":"Koishi:MassHysteria","floor":7.0},{"not_picked":["Koishi:EmbryosDream","Koishi:UnansweredLove"],"picked":"Koishi:MindNumbingTerror","floor":11.0},{"not_picked":["Koishi:CatchAndRose","Koishi:HeartfeltFancy","Koishi:JumpScare"],"picked":"SKIP","floor":12.0},{"not_picked":["Koishi:Bloodlust","Koishi:GhostParty"],"picked":"Koishi:Vanish","floor":13.0},{"not_picked":["Koishi:Catatonia","Koishi:ConditionedTeleport"],"picked":"Koishi:ParalyzingFear","floor":14},{"not_picked":["Koishi:RuptureMind","Koishi:MentalBreakdown"],"picked":"Koishi:TerrifyingSpectre+1","floor":16},{"not_picked":[],"picked":"Koishi:ApparitionsStalkTheNight","floor":18},{"not_picked":[],"picked":"Koishi:SpiritedAway","floor":20}],"player_experience":116125,"relics_obtained":[{"floor":7.0,"key":"Koishi:AHoleWhereASisterShouldBe"},{"floor":9.0,"key":"Frozen Egg 2"},{"floor":13.0,"key":"Darkstone Periapt"},{"floor":16,"key":"Gensokyo:OccultBall"}],"event_choices":[],"is_beta":false,"boss_relics":[{"not_picked":["SacredBark","Black Star"],"picked":"Busted Crown"}],"items_purged_floors":[],"is_endless":false,"potions_floor_spawned":[1,11,13,14,16],"killed_by":"Gensokyo:2_Gloops","ascension_level":0}}