{"host":"Ilker","time":1607817291,"event":{"mods":["BaseMod","Bestiary","Block Reminder","Colored Map","DeckTracker","Highlight Path","Minty Spire (QoL Compilation)","Quick Restart","Relic Sorter","Relic Stats"],"gold_per_floor":[117,135,153,165,182,212,212,212,212,246,265,282,282,311,311,384,384,395,395,345,60,79,79,96,127,153,153,165,165,193,219,219,305,305,326,351,380,70,92,126,144,165,215,215,254,264,273,299,299,299,299],"floor_reached":52,"playtime":6886,"items_purged":["Writhe","Strike_B"],"score":2031,"play_id":"00f88930-7cdc-4a1f-9b9e-774c14783cfb","local_time":"20201213025451","is_ascension_mode":true,"campfire_choices":[{"floor":8.0,"key":"REST"},{"floor":13.0,"key":"REST"},{"data":"Hologram","floor":15.0,"key":"SMITH"},{"data":"Dualcast","floor":23.0,"key":"SMITH"},{"data":"Consume","floor":27.0,"key":"SMITH"},{"data":"Go for the Eyes","floor":32.0,"key":"SMITH"},{"data":"Redo","floor":44.0,"key":"SMITH"},{"data":"Redo","floor":49.0,"key":"SMITH"}],"circlet_count":0,"master_deck":["AscendersBane","Strike_B","Defend_B","Defend_B","Defend_B","Defend_B","Zap","Dualcast+1","Leap","Conserve Battery","Genetic Algorithm","Streamline","Cold Snap","All For One","Sunder","Self Repair","Coolheaded","Rebound","Hologram+1","Electrodynamics","Glacier","Consume+1","Coolheaded","Double Energy","Turbo","Go for the Eyes+1","Undo","Creative AI","FTL+1","Heatsinks+1","Aggregate","Darkness+1","Redo+1","Defragment+1","Redo+1","Darkness","Hologram","Self Repair","Madness","Madness","Multi-Cast","Compile Driver+1","Forethought","Capacitor"],"relics":["Cracked Core","Oddly Smooth Stone","Sozu","CeramicFish","Smiling Mask","ClockworkSouvenir","Orrery","Bag of Preparation","Darkstone Periapt","Pocketwatch","Question Card","Gambling Chip","SlaversCollar","Gremlin Horn","Happy Flower","CaptainsWheel"],"acts_visited":["Exordium","TheCity","TheBeyond"],"potions_floor_usage":[],"damage_taken":[{"damage":0.0,"enemies":"Cultist","floor":1.0,"turns":3.0},{"damage":10.0,"enemies":"Small Slimes","floor":2.0,"turns":4.0},{"damage":3.0,"enemies":"Jaw Worm","floor":3.0,"turns":4.0},{"damage":8.0,"enemies":"Gremlin Gang","floor":4.0,"turns":6.0},{"damage":10.0,"enemies":"Exordium Wildlife","floor":5.0,"turns":4.0},{"damage":23.0,"enemies":"3 Sentries","floor":6.0,"turns":10.0},{"damage":8.0,"enemies":"Lagavulin","floor":10.0,"turns":8.0},{"damage":2.0,"enemies":"Looter","floor":11.0,"turns":4.0},{"damage":7.0,"enemies":"3 Louse","floor":12.0,"turns":4.0},{"damage":23.0,"enemies":"Gremlin Nob","floor":14.0,"turns":5.0},{"damage":24.0,"enemies":"Slime Boss","floor":16.0,"turns":12.0},{"damage":6.0,"enemies":"Chosen","floor":18.0,"turns":6.0},{"damage":1.0,"enemies":"Shell Parasite","floor":22.0,"turns":11.0},{"damage":2.0,"enemies":"Centurion and Healer","floor":24.0,"turns":9.0},{"damage":3.0,"enemies":"Slavers","floor":25.0,"turns":6.0},{"damage":12.0,"enemies":"3 Cultists","floor":28.0,"turns":6.0},{"damage":1.0,"enemies":"Gremlin Leader","floor":30.0,"turns":7.0},{"damage":15.0,"enemies":"Cultist and Chosen","floor":31.0,"turns":7.0},{"damage":34.0,"enemies":"Collector","floor":33.0,"turns":18.0},{"damage":0.0,"enemies":"3 Shapes","floor":35.0,"turns":3.0},{"damage":3.0,"enemies":"3 Darklings","floor":36.0,"turns":7.0},{"damage":11.0,"enemies":"Spire Growth","floor":37.0,"turns":10.0},{"damage":0.0,"enemies":"Writhing Mass","floor":39.0,"turns":4.0},{"damage":0.0,"enemies":"Nemesis","floor":40.0,"turns":7.0},{"damage":1.0,"enemies":"Maw","floor":42.0,"turns":7.0},{"damage":0.0,"enemies":"Reptomancer","floor":45.0,"turns":2.0},{"damage":0.0,"enemies":"4 Shapes","floor":46.0,"turns":3.0},{"damage":0.0,"enemies":"Sphere and 2 Shapes","floor":48.0,"turns":4.0},{"damage":6.0,"enemies":"Donu and Deca","floor":50.0,"turns":10.0},{"damage":56,"enemies":"Awakened One","floor":51,"turns":10}],"seed_played":"560499578517997592","potions_obtained":[{"floor":3.0,"key":"Fire Potion"},{"floor":5.0,"key":"SmokeBomb"},{"floor":6.0,"key":"Swift Potion"},{"floor":12.0,"key":"SkillPotion"},{"floor":14.0,"key":"Fire Potion"},{"floor":16.0,"key":"Block Potion"},{"floor":24.0,"key":"EssenceOfSteel"},{"floor":28.0,"key":"Swift Potion"},{"floor":31.0,"key":"PotionOfCapacity"},{"floor":33.0,"key":"Strength Potion"}],"is_trial":false,"path_per_floor":["M","M","M","M","M","E","?","R","T","E","M","M","R","E","R","B",null,"M","?","?","$","M","R","M","E","T","R","M","?","E","M","R","B",null,"M","M","M","$","M","E","?","M","T","R","E","M","?","M","R","B","B",null],"character_chosen":"DEFECT","items_purchased":["ClockworkSouvenir","Consume","Orrery","Redo","Darkness"],"campfire_rested":2,"item_purchase_floors":[21,21,38,38,38],"current_hp_per_floor":[64,54,51,43,33,10,10,31,31,23,28,28,49,33,33,16,57,58,64,64,64,70,70,75,77,77,77,72,72,77,69,69,42,68,75,77,73,73,73,77,63,76,76,76,76,76,76,77,77,77,28],"gold":299,"neow_bonus":"RANDOM_COMMON_RELIC","is_daily":false,"chose_seed":false,"campfire_upgraded":6,"win_rate":0.0,"timestamp":1607817291,"path_taken":["M","M","M","M","M","E","?","R","T","E","M","?","R","E","R","BOSS","M","?","?","$","M","R","?","E","T","R","M","?","E","M","R","BOSS","M","M","M","$","M","E","?","M","T","R","E","M","?","M","R","BOSS","BOSS"],"items_purchased_type":["Relic","Card","Relic","Card","Card"],"build_version":"2020-12-07","purchased_purges":2,"victory":true,"max_hp_per_floor":[71,71,71,71,71,71,71,71,71,71,71,71,71,71,71,71,71,71,77,77,77,77,77,77,77,77,77,77,77,77,77,77,77,77,77,77,77,77,77,77,77,77,77,77,77,77,77,77,77,77,77],"relic_stats":{"Sozu":4,"Darkstone Periapt":6,"Gremlin Horn":[32,32],"Happy Flower":[35],"counters":[30,201],"CeramicFish":162,"Gambling Chip":[83],"Bag of Preparation":[60],"Smiling Mask":50,"Question Card":27,"obtain_stats":[{"Darkstone Periapt":6,"Gremlin Horn":19,"Happy Flower":26,"CeramicFish":30,"Oddly Smooth Stone":40,"Bag of Preparation":0,"Question Card":10,"Smiling Mask":25,"ClockworkSouvenir":21,"Sozu":34,"SlaversCollar":17,"CaptainsWheel":45,"Gambling Chip":14,"Orrery":38,"Cracked Core":0,"Pocketwatch":9},{"Darkstone Periapt":6,"Gremlin Horn":12,"Happy Flower":15,"CeramicFish":17,"Oddly Smooth Stone":24,"Bag of Preparation":0,"Question Card":7,"Smiling Mask":15,"ClockworkSouvenir":12,"Sozu":19,"SlaversCollar":11,"CaptainsWheel":26,"Gambling Chip":10,"Orrery":22,"Cracked Core":0,"Pocketwatch":6},{"Darkstone Periapt":31,"Gremlin Horn":70,"Happy Flower":96,"CeramicFish":109,"Oddly Smooth Stone":165,"Bag of Preparation":0,"Question Card":39,"Smiling Mask":96,"ClockworkSouvenir":70,"Sozu":134,"SlaversCollar":64,"CaptainsWheel":174,"Gambling Chip":52,"Orrery":154,"Cracked Core":0,"Pocketwatch":31}],"Pocketwatch":[201]},"card_choices":[{"not_picked":["Go for the Eyes","Blizzard"],"picked":"Leap","floor":1.0},{"not_picked":["Steam","Go for the Eyes"],"picked":"Conserve Battery","floor":2.0},{"not_picked":["Skim","Lockon"],"picked":"Genetic Algorithm","floor":3.0},{"not_picked":["Force Field","Reinforced Body"],"picked":"Streamline","floor":4.0},{"not_picked":["Steam","Auto Shields"],"picked":"Cold Snap","floor":5.0},{"not_picked":["Compile Driver","Streamline"],"picked":"All For One","floor":6.0},{"not_picked":["Leap","Loop"],"picked":"Self Repair","floor":10.0},{"not_picked":["Conserve Battery","Double Energy","Streamline"],"picked":"Coolheaded","floor":11.0},{"not_picked":["Coolheaded","Beam Cell","Sweeping Beam"],"picked":"Rebound","floor":12.0},{"not_picked":["Stack","Go for the Eyes","Amplify"],"picked":"Hologram","floor":14.0},{"not_picked":["Creative AI","Reboot","Buffer"],"picked":"Electrodynamics","floor":16.0},{"not_picked":["Scrape","Go for the Eyes+1","Redo"],"picked":"Glacier","floor":18.0},{"not_picked":["Genetic Algorithm","Steam","Conserve Battery"],"picked":"Coolheaded","floor":22.0},{"not_picked":["Consume+1","Barrage","Darkness"],"picked":"Double Energy","floor":24.0},{"not_picked":["Sweeping Beam","Beam Cell","Reprogram"],"picked":"Turbo","floor":25.0},{"not_picked":["Recycle","Beam Cell","Compile Driver"],"picked":"Go for the Eyes","floor":28.0},{"not_picked":["Doom and Gloom+1","Turbo","Cold Snap","Reboot"],"picked":"SKIP","floor":30.0},{"not_picked":["Steam","Beam Cell","Cold Snap"],"picked":"Undo","floor":31.0},{"not_picked":["Hyperbeam","Core Surge","Rainbow"],"picked":"Creative AI","floor":33.0},{"not_picked":["Leap","Hologram+1","Skim"],"picked":"FTL+1","floor":35.0},{"not_picked":["Turbo","Steam","Tempest"],"picked":"Heatsinks+1","floor":36.0},{"not_picked":["Hologram","BootSequence+1","Streamline+1"],"picked":"Aggregate","floor":37.0},{"not_picked":["Barrage","Fusion","All For One"],"picked":"Darkness+1","floor":38.0},{"not_picked":["Barrage","Genetic Algorithm+1","Sweeping Beam+1"],"picked":"Redo","floor":38.0},{"not_picked":["Fusion","Coolheaded","Sunder"],"picked":"Defragment+1","floor":38.0},{"not_picked":["Turbo","Blizzard","Streamline+1"],"picked":"Hologram","floor":39.0},{"not_picked":["Scrape","Sweeping Beam","Stack"],"picked":"Self Repair","floor":40.0},{"not_picked":["Go for the Eyes","Steam","Barrage+1"],"picked":"Multi-Cast","floor":42.0},{"not_picked":["Chaos","Reboot","Cold Snap"],"picked":"Compile Driver+1","floor":45.0},{"not_picked":["Beam Cell+1","Streamline+1","Rebound+1","Conserve Battery"],"picked":"SKIP","floor":46.0},{"not_picked":["Deep Breath","Secret Weapon","Mayhem"],"picked":"Forethought","floor":47.0},{"not_picked":["Sweeping Beam+1","Rebound","Cold Snap"],"picked":"Capacitor","floor":48.0}],"player_experience":1643481,"relics_obtained":[{"floor":6.0,"key":"Darkstone Periapt"},{"floor":9.0,"key":"Pocketwatch"},{"floor":10.0,"key":"Question Card"},{"floor":14.0,"key":"Gambling Chip"},{"floor":25.0,"key":"Smiling Mask"},{"floor":26.0,"key":"Happy Flower"},{"floor":30.0,"key":"CeramicFish"},{"floor":40.0,"key":"Oddly Smooth Stone"},{"floor":45.0,"key":"CaptainsWheel"}],"event_choices":[{"damage_healed":0.0,"max_hp_gain":0.0,"max_hp_loss":0.0,"gold_gain":0.0,"cards_transformed":["Strike_B"],"event_name":"Transmorgrifier","player_choice":"Transformed","floor":7.0,"gold_loss":0.0,"damage_taken":0.0,"cards_obtained":["Sunder"]},{"damage_healed":0.0,"max_hp_gain":0.0,"max_hp_loss":0.0,"gold_gain":0.0,"event_name":"The Mausoleum","player_choice":"Opened","floor":19.0,"gold_loss":0.0,"damage_taken":0.0,"relics_obtained":["Gremlin Horn"],"cards_obtained":["Writhe"]},{"damage_healed":0.0,"max_hp_gain":0.0,"max_hp_loss":0.0,"gold_gain":0.0,"event_name":"The Joust","player_choice":"Bet on Murderer","floor":20.0,"gold_loss":50.0,"damage_taken":0.0},{"cards_removed":["Strike_B"],"damage_healed":0.0,"max_hp_gain":0.0,"max_hp_loss":0.0,"gold_gain":0.0,"event_name":"Back to Basics","player_choice":"Elegance","floor":29.0,"gold_loss":0.0,"damage_taken":0.0},{"damage_healed":0.0,"max_hp_gain":0.0,"max_hp_loss":0.0,"gold_gain":0.0,"event_name":"Winding Halls","player_choice":"Embrace Madness","floor":41.0,"gold_loss":0.0,"damage_taken":14.0,"cards_obtained":["Madness","Madness"]},{"damage_healed":0.0,"max_hp_gain":0.0,"max_hp_loss":0.0,"gold_gain":0.0,"event_name":"SensoryStone","player_choice":"Memory 1","floor":47.0,"gold_loss":0.0,"damage_taken":0.0}],"is_beta":true,"boss_relics":[{"not_picked":["Black Star","Cursed Key"],"picked":"SlaversCollar"},{"not_picked":["Runic Dome","Velvet Choker"],"picked":"Sozu"}],"items_purged_floors":[21,38],"is_endless":false,"potions_floor_spawned":[3,5,6,12,14,16,24,28,31,33,35,36,45,48],"ascension_level":20}}