{"host":"og6lam4kt3nibbw0","time":1607790380,"event":{"mods":["AchievementEnabler","BaseMod","Colored Map","DeckTracker","Highlight Path","Keyboard Shortcuts","Minty Spire (QoL Compilation)","Permanent Neow","Quick Restart","StSLib","SuperFastMode"],"gold_per_floor":[118,193,193,209,47,81,81,96,96,107,64,64,78,78,78,155,155,167,167,181,45,95,121,121,121],"floor_reached":24,"playtime":926,"items_purged":["Defend_G","Defend_G"],"score":478,"play_id":"2ec37a14-f46a-4aea-a5f8-2ce409d1cd5d","local_time":"20201213012620","is_ascension_mode":true,"campfire_choices":[{"data":"Noxious Fumes","floor":12.0,"key":"SMITH"},{"data":"Deadly Poison","floor":15.0,"key":"SMITH"}],"circlet_count":0,"master_deck":["AscendersBane","Strike_G","Strike_G","Strike_G","Strike_G","Defend_G","Defend_G","Defend_G","Survivor","Neutralize+1","Deadly Poison+1","Backstab","Blur","PiercingWail","Bane+1","Escape Plan","Noxious Fumes+1","Adrenaline","Prepared","Backstab","Tactician+1"],"relics":["Ring of the Serpent","NeowsBlessing","Eternal Feather","Whetstone","Meat on the Bone","Enchiridion","Girya"],"acts_visited":["Exordium","TheCity"],"potions_floor_usage":[],"damage_taken":[{"damage":0.0,"enemies":"2 Louse","floor":1.0,"turns":1.0},{"damage":0.0,"enemies":"Small Slimes","floor":4.0,"turns":1.0},{"damage":0.0,"enemies":"Lagavulin","floor":6.0,"turns":1.0},{"damage":0.0,"enemies":"Cultist","floor":8.0,"turns":4.0},{"damage":12.0,"enemies":"Exordium Thugs","floor":10.0,"turns":6.0},{"damage":1.0,"enemies":"Blue Slaver","floor":13.0,"turns":4.0},{"damage":28.0,"enemies":"Hexaghost","floor":16.0,"turns":10.0},{"damage":0.0,"enemies":"Chosen","floor":18.0,"turns":5.0},{"damage":18.0,"enemies":"Shell Parasite","floor":20.0,"turns":5.0},{"damage":29.0,"enemies":"Slavers","floor":23.0,"turns":6.0},{"damage":20,"enemies":"Shelled Parasite and Fungi","floor":24,"turns":2}],"seed_played":"480610248134799014","potions_obtained":[{"floor":4.0,"key":"LiquidMemories"},{"floor":8.0,"key":"SpeedPotion"},{"floor":13.0,"key":"ColorlessPotion"},{"floor":18.0,"key":"Dexterity Potion"}],"is_trial":false,"path_per_floor":["M","?","?","M","$","E","?","M","T","M","$","R","M","T","R","B",null,"M","?","M","$","?","E","M"],"character_chosen":"THE_SILENT","items_purchased":["Blur","Noxious Fumes","Backstab"],"campfire_rested":0,"item_purchase_floors":[5,11,21],"current_hp_per_floor":[59,48,53,53,53,53,46,46,46,34,34,43,42,42,51,35,62,62,41,35,35,35,18,0,0],"gold":121,"neow_bonus":"THREE_ENEMY_KILL","is_daily":false,"chose_seed":false,"campfire_upgraded":2,"win_rate":0.0,"timestamp":1607790380,"path_taken":["M","?","?","M","$","E","?","M","T","M","$","R","M","?","R","BOSS","M","?","M","$","?","E","M"],"items_purchased_type":["Card","Card","Card"],"build_version":"2020-11-30","purchased_purges":2,"victory":false,"max_hp_per_floor":[66,66,71,71,71,71,71,71,71,71,71,71,71,71,71,71,71,71,71,71,71,71,71,71,71],"card_choices":[{"not_picked":["Dagger Spray","All Out Attack"],"picked":"Deadly Poison","floor":1.0},{"not_picked":["Dagger Spray","Slice"],"picked":"Backstab","floor":4.0},{"not_picked":["Quick Slash","Infinite Blades"],"picked":"PiercingWail","floor":6.0},{"not_picked":["Eviscerate","Quick Slash"],"picked":"Bane","floor":8.0},{"not_picked":["Deadly Poison","Expertise"],"picked":"Escape Plan","floor":10.0},{"not_picked":["Skewer","Slice","Blade Dance"],"picked":"SKIP","floor":13.0},{"not_picked":["Die Die Die","Unload"],"picked":"Adrenaline","floor":16.0},{"not_picked":["Slice+1","Choke","Outmaneuver"],"picked":"SKIP","floor":18.0},{"not_picked":["Flechettes","Slice"],"picked":"Prepared","floor":20.0},{"not_picked":["Venomology","PiercingWail"],"picked":"Tactician+1","floor":23.0}],"player_experience":729086,"relics_obtained":[{"floor":6.0,"key":"Eternal Feather"},{"floor":9.0,"key":"Whetstone"},{"floor":14.0,"key":"Meat on the Bone"},{"floor":19.0,"key":"Enchiridion"},{"floor":23.0,"key":"Girya"}],"event_choices":[{"damage_healed":0.0,"max_hp_gain":0.0,"max_hp_loss":0.0,"gold_gain":75.0,"event_name":"World of Goop","player_choice":"Gather Gold","floor":2.0,"gold_loss":0.0,"damage_taken":11.0},{"damage_healed":0.0,"max_hp_gain":5.0,"max_hp_loss":0.0,"gold_gain":0.0,"event_name":"Big Fish","player_choice":"Donut","floor":3.0,"gold_loss":0.0,"damage_taken":0.0},{"cards_removed":["Strike_G"],"damage_healed":0.0,"max_hp_gain":0.0,"max_hp_loss":0.0,"gold_gain":0.0,"event_name":"Golden Wing","player_choice":"Card Removal","floor":7.0,"gold_loss":0.0,"damage_taken":7.0},{"damage_healed":0.0,"max_hp_gain":0.0,"max_hp_loss":0.0,"gold_gain":0.0,"event_name":"Cursed Tome","player_choice":"Obtained Book","floor":19.0,"gold_loss":0.0,"damage_taken":21.0},{"damage_healed":0.0,"max_hp_gain":0.0,"max_hp_loss":0.0,"gold_gain":50.0,"event_name":"Nest","player_choice":"Stole From Cult","floor":22.0,"gold_loss":0.0,"damage_taken":0.0}],"is_beta":false,"boss_relics":[{"not_picked":["Black Star","SlaversCollar"],"picked":"Ring of the Serpent"}],"items_purged_floors":[5,21],"is_endless":false,"potions_floor_spawned":[4,8,10,13,18],"killed_by":"Shelled Parasite and Fungi","ascension_level":20}}