{"host":"Jinnai","time":1607793691,"event":{"mods":["BaseMod","Bestiary","Block Reminder","Colored Map","Colored Powertips","Highlight Path","Keyboard Shortcuts","Minty Spire (QoL Compilation)","Quick Restart","Relic Stats"],"gold_per_floor":[19,19,31,47,47,78,78,112,112,129,149,68,88,33,33,109,109,145,70,86,86,136,136],"floor_reached":22,"playtime":815,"items_purged":[],"score":382,"play_id":"08a3d52f-a0f8-4d0e-a6a4-c9168b7459d2","local_time":"20201212122131","is_ascension_mode":true,"campfire_choices":[{"data":"Pray","floor":7,"key":"SMITH"},{"floor":15,"key":"REST"}],"circlet_count":0,"master_deck":["AscendersBane","Strike_P","Defend_P","Defend_P","Defend_P","Eruption+1","Vigilance","Ragnarok+1","CutThroughFate","Indignation","FollowUp","Pray+1","Swivel","InnerPeace","Consecrate","Adaptation","Wish","Prostrate","Omniscience","Perseverance+1","DeceiveReality+1","EmptyMind+1","EmptyFist","Ghostly","Ghostly","Ghostly"],"relics":["PureWater","Calipers","Ice Cream","Thread and Needle","Astrolabe"],"acts_visited":["Exordium","TheCity"],"potions_floor_usage":[16,20],"damage_taken":[{"damage":1,"enemies":"Cultist","floor":1,"turns":3},{"damage":7,"enemies":"Jaw Worm","floor":3,"turns":2},{"damage":0,"enemies":"2 Louse","floor":4,"turns":1},{"damage":20,"enemies":"3 Sentries","floor":6,"turns":3},{"damage":27,"enemies":"Lagavulin","floor":8,"turns":6},{"damage":2,"enemies":"Exordium Thugs","floor":10,"turns":3},{"damage":0,"enemies":"Blue Slaver","floor":11,"turns":1},{"damage":0,"enemies":"2 Fungi Beasts","floor":13,"turns":3},{"damage":7,"enemies":"Hexaghost","floor":16,"turns":6},{"damage":28,"enemies":"Chosen","floor":18,"turns":6},{"damage":17,"enemies":"Shell Parasite","floor":20,"turns":4},{"damage":10,"enemies":"3 Cultists","floor":22,"turns":2}],"seed_played":"-8340252388210246017","potions_obtained":[{"floor":1,"key":"Ancient Potion"},{"floor":6,"key":"EssenceOfSteel"},{"floor":16,"key":"BlessingOfTheForge"}],"is_trial":false,"path_per_floor":["M","?","M","M","?","E","R","E","T","M","M","$","M","$","R","B",null,"M","?","M","?","M"],"character_chosen":"WATCHER","items_purchased":["Adaptation","Prostrate"],"campfire_rested":1,"item_purchase_floors":[12,14],"current_hp_per_floor":[60,60,53,53,53,33,33,6,6,4,4,4,4,4,24,17,55,27,27,10,10,0,0],"gold":136,"neow_bonus":"THREE_RARE_CARDS","is_daily":false,"chose_seed":false,"campfire_upgraded":1,"win_rate":0.0,"timestamp":1607793691,"path_taken":["M","?","M","M","?","E","R","E","T","M","M","$","M","$","R","BOSS","M","?","M","?","M"],"items_purchased_type":["Card","Card"],"build_version":"2020-12-07","purchased_purges":0,"victory":false,"max_hp_per_floor":[68,68,68,68,68,68,68,68,68,68,68,68,68,68,68,68,68,68,68,68,34,34,34],"relic_stats":{"counters":[12,40],"Astrolabe":["Perseverance","DeceiveReality","EmptyMind"],"obtain_stats":[{"Ice Cream":8,"Calipers":6,"Astrolabe":17,"Thread and Needle":9,"PureWater":0},{"Ice Cream":5,"Calipers":4,"Astrolabe":9,"Thread and Needle":5,"PureWater":0},{"Ice Cream":15,"Calipers":9,"Astrolabe":28,"Thread and Needle":15,"PureWater":0}]},"card_choices":[{"not_picked":["Vault","MasterReality"],"picked":"Ragnarok","floor":0},{"not_picked":["ReachHeaven","InnerPeace"],"picked":"CutThroughFate","floor":1},{"not_picked":["PathToVictory","JustLucky"],"picked":"Indignation","floor":3},{"not_picked":["Evaluate","CrushJoints"],"picked":"FollowUp","floor":4},{"not_picked":["EmptyMind","BowlingBash"],"picked":"Pray","floor":6},{"not_picked":["FlyingSleeves","FollowUp"],"picked":"Swivel","floor":8},{"not_picked":["FlurryOfBlows","Protect"],"picked":"InnerPeace","floor":10},{"not_picked":["FlurryOfBlows","FollowUp"],"picked":"Consecrate","floor":11},{"not_picked":["CutThroughFate","InnerPeace"],"picked":"Wish","floor":13},{"not_picked":["Establishment","ConjureBlade"],"picked":"Omniscience","floor":16},{"not_picked":["PathToVictory","JustLucky"],"picked":"EmptyFist","floor":18},{"not_picked":["CutThroughFate","EmptyBody","PathToVictory+1"],"picked":"SKIP","floor":20}],"player_experience":1475917,"relics_obtained":[{"floor":6,"key":"Calipers"},{"floor":8,"key":"Ice Cream"},{"floor":9,"key":"Thread and Needle"}],"event_choices":[{"damage_healed":0,"gold_gain":0,"player_choice":"Grow","damage_taken":0,"max_hp_gain":0,"max_hp_loss":0,"event_name":"Living Wall","floor":2,"gold_loss":0,"cards_upgraded":["Ragnarok"]},{"damage_healed":0,"gold_gain":0,"player_choice":"Forge","damage_taken":0,"max_hp_gain":0,"max_hp_loss":0,"event_name":"Accursed Blacksmith","floor":5,"gold_loss":0,"cards_upgraded":["Eruption"]},{"cards_removed":["Strike_P"],"damage_healed":0,"gold_gain":0,"player_choice":"Gave Gold","damage_taken":0,"max_hp_gain":0,"max_hp_loss":0,"event_name":"Beggar","floor":19,"gold_loss":75},{"damage_healed":0,"gold_gain":0,"player_choice":"Became a Ghost","damage_taken":0,"max_hp_gain":0,"max_hp_loss":34,"event_name":"Ghosts","floor":21,"gold_loss":0,"cards_obtained":["Ghostly","Ghostly","Ghostly"]}],"is_beta":true,"boss_relics":[{"not_picked":["Ectoplasm","Sozu"],"picked":"Astrolabe"}],"items_purged_floors":[],"is_endless":false,"potions_floor_spawned":[1,6,16,18],"killed_by":"3 Cultists","ascension_level":19}}