{"host":"sst22apzgpn07t8v","time":1607737769,"event":{"mods":["Act Like it!","BaseMod","Hallownest","HololiveMod","Lobotomy","LobotomyExtend","Minty Spire (QoL Compilation)","Replay The Spire","Shop Mod","StSLib"],"gold_per_floor":[118,193,203,17,37,37,37,12,23,23,23,23,23,23,54,71,71],"floor_reached":14,"playtime":556,"items_purged":[],"score":90,"play_id":"f4c3fd17-cc22-4f00-a4eb-1b99e5aa5fdb","local_time":"20201212094929","is_ascension_mode":false,"campfire_choices":[{"data":"Loop","floor":12,"key":"SMITH"}],"circlet_count":0,"master_deck":["Strike_B","Strike_B+1","Strike_B","Strike_B","Defend_B","Defend_B","Defend_B","Defend_B","Zap","Dualcast","White Noise","Loop","Defragment","Loop+1","Stack+1","Cold Snap","BasicCrystalCard+1","Rainbow"],"relics":["Nuclear Battery","DollysMirror","Juzu Bracelet","Regal Pillow"],"acts_visited":["Exordium"],"potions_floor_usage":[],"damage_taken":[{"damage":0.0,"enemies":"2 Louse","floor":1.0,"turns":3.0},{"damage":0.0,"enemies":"2 Louse","floor":1.0,"turns":3.0},{"damage":2.0,"enemies":"Cultist","floor":3.0,"turns":5.0},{"damage":6,"enemies":"Jaw Worm","floor":7,"turns":4},{"damage":21,"enemies":"Lagavulin","floor":13,"turns":6},{"damage":6,"enemies":"2 Fungi Beasts","floor":14,"turns":5}],"seed_played":"2695942817776874016","potions_obtained":[{"floor":1.0,"key":"Cursed Concoction"},{"floor":1.0,"key":"Explosive Potion"}],"is_trial":false,"path_per_floor":["M","?","?","M","$","M","PTL","PTL","$","M","?","?","$","T","R","E","M"],"character_chosen":"DEFECT","items_purchased":["Defragment","DollysMirror","Cold Snap"],"campfire_rested":0,"item_purchase_floors":[2,2,6],"current_hp_per_floor":[75,64,75,75,73,73,73,73,67,52,52,52,52,52,31,25,25],"gold":71,"neow_bonus":"BOSS_RELIC","is_daily":false,"chose_seed":false,"campfire_upgraded":1,"win_rate":0.0,"timestamp":1607737769,"path_taken":["M","?","?","M","$","M","PTL","PTL","$","M","?","?","?","T","R","E","M"],"items_purchased_type":["Card","Relic","Card"],"build_version":"2020-11-30","purchased_purges":0,"victory":false,"max_hp_per_floor":[75,75,75,75,75,75,75,75,75,75,75,75,75,75,75,75,75],"card_choices":[{"not_picked":["Steam","Steam Power"],"picked":"White Noise","floor":1.0},{"not_picked":["Steam Power","Beam Cell"],"picked":"Loop","floor":1.0},{"not_picked":["ReplayTheSpireMod:System Scan","Sweeping Beam"],"picked":"Stack","floor":3},{"not_picked":["Compile Driver","Coolheaded"],"picked":"BasicCrystalCard","floor":7},{"not_picked":["Beam Cell","ReplayTheSpireMod:Reroute Power"],"picked":"Rainbow","floor":13}],"player_experience":121121,"relics_obtained":[{"floor":11,"key":"Juzu Bracelet"},{"floor":13,"key":"Regal Pillow"}],"event_choices":[{"damage_healed":0.0,"max_hp_gain":0.0,"max_hp_loss":0.0,"gold_gain":75.0,"event_name":"World of Goop","player_choice":"Gather Gold","floor":2.0,"gold_loss":0.0,"damage_taken":11.0},{"damage_healed":0,"gold_gain":0,"player_choice":"Entered Light","damage_taken":15,"max_hp_gain":0,"max_hp_loss":0,"event_name":"Shining Light","floor":8,"gold_loss":0,"cards_upgraded":["BasicCrystalCard","Strike_B"]}],"is_beta":false,"boss_relics":[],"items_purged_floors":[],"is_endless":false,"potions_floor_spawned":[1,1],"killed_by":"2 Fungi Beasts","ascension_level":0}}