{"host":"6gnjg44wf0nz538o","time":1607774309,"event":{"mods":["AchievementEnabler","BaseMod","BetterRewards","Colored Map","Minty Spire (QoL Compilation)","Replay The Spire","Spicy Shops","StSLib"],"gold_per_floor":[109,109,43,54,54,54,67,67,67,77,77,0,15,40,40,143,143,157,167,15,49,49,49,83,83,159,159,185,202,221,40,40,40,40],"floor_reached":33,"playtime":1190,"items_purged":[],"score":612,"play_id":"5e5eb11e-dbb3-4d74-8c3b-9b4ff72880d8","local_time":"20201212065829","is_ascension_mode":true,"campfire_choices":[{"data":"Blade Dance","floor":6.0,"key":"SMITH"},{"data":"Survivor","floor":8.0,"key":"SMITH"},{"data":"Slice","floor":11.0,"key":"SMITH"},{"floor":15.0,"key":"REST"},{"floor":23,"key":"REST"},{"floor":25,"key":"REST"},{"floor":27,"key":"REST"},{"floor":32,"key":"REST"}],"circlet_count":0,"master_deck":["AscendersBane","Strike_G","Strike_G","Strike_G","Strike_G","Strike_G","Defend_G","Defend_G","Defend_G","Defend_G","Defend_G","Survivor+1","Neutralize","Slice+1","Blade Dance+1","ReplayTheSpireMod:Scrap Shanks+1","Slice","Accuracy","Prepared","Burst","Infinite Blades+1","Acrobatics","Terror","Concentrate","Reflex"],"relics":["Ring of the Snake","Torii","Incense Burner","Replay:WaspNest","Letter Opener","Ring of Chaos","Bag of Marbles","Red Mask","Bronze Scales","Du-Vu Doll","Replay:Bottled Flurry","Singing Bowl","Happy Flower"],"acts_visited":["Exordium","TheCity"],"potions_floor_usage":[24,33,33],"damage_taken":[{"damage":12.0,"enemies":"Jaw Worm","floor":1.0,"turns":4.0},{"damage":1.0,"enemies":"2 Louse","floor":4.0,"turns":3.0},{"damage":0.0,"enemies":"Cultist","floor":7.0,"turns":3.0},{"damage":1.0,"enemies":"Blue Slaver","floor":10.0,"turns":4.0},{"damage":0.0,"enemies":"Exordium Wildlife","floor":13.0,"turns":3.0},{"damage":20.0,"enemies":"3 Sentries","floor":14.0,"turns":5.0},{"damage":11.0,"enemies":"Slime Boss","floor":16.0,"turns":11.0},{"damage":5.0,"enemies":"3 Byrds","floor":18.0,"turns":5.0},{"damage":13.0,"enemies":"Spheric Guardian","floor":19.0,"turns":4.0},{"damage":36,"enemies":"Masked Bandits","floor":21,"turns":5},{"damage":3,"enemies":"Book of Stabbing","floor":24,"turns":3},{"damage":20,"enemies":"Slavers","floor":28,"turns":4},{"damage":21,"enemies":"Centurion and Healer","floor":29,"turns":3},{"damage":32,"enemies":"Cultist and Chosen","floor":30,"turns":5},{"damage":31,"enemies":"Champ","floor":33,"turns":6}],"seed_played":"3748171899776639878","potions_obtained":[{"floor":4.0,"key":"Languid Potion"},{"floor":13.0,"key":"Elixir"},{"floor":14.0,"key":"EssenceOfSteel"},{"floor":18.0,"key":"Dexterity Potion"},{"floor":29,"key":"AttackPotion"}],"is_trial":false,"path_per_floor":["M","?","$","M","?","R","M","R","T","M","R","$","M","E","R","B",null,"M","M","$","?","?","R","E","R","T","R","E","M","M","$","R","B"],"character_chosen":"THE_SILENT","items_purchased":["Slice","Incense Burner","Accuracy","Bag of Marbles","Happy Flower","Reflex"],"campfire_rested":5,"item_purchase_floors":[0,3,12,20,31,31],"current_hp_per_floor":[51,56,56,55,55,55,55,55,55,54,54,54,54,34,56,45,68,63,50,50,14,14,36,33,55,55,75,57,38,6,6,29,0,0],"gold":40,"neow_bonus":"","is_daily":false,"chose_seed":false,"campfire_upgraded":3,"win_rate":0.0,"timestamp":1607774309,"path_taken":["M","?","$","M","?","R","?","R","T","M","R","$","M","E","R","BOSS","M","M","$","?","?","R","E","R","T","R","E","M","?","$","R","BOSS"],"items_purchased_type":["Card","Relic","Card","Relic","Relic","Card"],"build_version":"2020-11-30","purchased_purges":0,"victory":false,"max_hp_per_floor":[70,75,75,75,75,75,75,75,75,75,75,75,75,75,75,75,75,75,75,75,75,75,75,75,75,75,75,77,79,79,79,79,79,79],"card_choices":[{"not_picked":["Dagger Spray","ReplayTheSpireMod:Tripwire"],"picked":"Blade Dance","floor":1.0},{"not_picked":["Backflip","Sneak Up"],"picked":"ReplayTheSpireMod:Scrap Shanks","floor":4.0},{"not_picked":["Draining Mist","Setup","Heel Hook"],"picked":"SKIP","floor":7.0},{"not_picked":["ReplayTheSpireMod:The Works","Concentrate"],"picked":"Slice","floor":10.0},{"not_picked":["Deflect","Sucker Punch","Heel Hook"],"picked":"SKIP","floor":13.0},{"not_picked":["Footwork","Draining Mist"],"picked":"Prepared","floor":14.0},{"not_picked":["Wraith Form v2","Adrenaline"],"picked":"Burst","floor":16.0},{"not_picked":["Dagger Spray","Deflect"],"picked":"Infinite Blades+1","floor":18.0},{"not_picked":["Sucker Punch","Hidden Blade"],"picked":"Acrobatics","floor":19.0},{"not_picked":["ReplayTheSpireMod:Scrap Shanks","Cloak And Dagger"],"picked":"Terror","floor":21},{"not_picked":["Replay:Poison Smokescreen","Deadly Poison","Underhanded Strike+1"],"picked":"SKIP","floor":24},{"not_picked":["Reflex","Poisoned Stab+1","ReplayTheSpireMod:From All Sides"],"picked":"Singing Bowl","floor":28},{"not_picked":["Sucker Punch","Bane","Flying Knee+1"],"picked":"Singing Bowl","floor":29},{"not_picked":["Eviscerate","Quick Slash"],"picked":"Concentrate","floor":30}],"player_experience":496103,"relics_obtained":[{"floor":9.0,"key":"Replay:WaspNest"},{"floor":14.0,"key":"Letter Opener"},{"floor":21,"key":"Red Mask"},{"floor":22,"key":"Bronze Scales"},{"floor":24,"key":"Du-Vu Doll"},{"floor":26,"key":"Replay:Bottled Flurry"},{"floor":28,"key":"Singing Bowl"}],"event_choices":[{"damage_healed":0.0,"max_hp_gain":5.0,"max_hp_loss":0.0,"gold_gain":0.0,"event_name":"Big Fish","player_choice":"Donut","floor":2.0,"gold_loss":0.0,"damage_taken":0.0},{"damage_healed":0.0,"max_hp_gain":0.0,"max_hp_loss":0.0,"gold_gain":0.0,"event_name":"Accursed Blacksmith","player_choice":"Forge","floor":5.0,"gold_loss":0.0,"damage_taken":0.0,"cards_upgraded":["ReplayTheSpireMod:Scrap Shanks"]},{"damage_healed":0,"gold_gain":0,"player_choice":"Fought Bandits","damage_taken":0,"max_hp_gain":0,"max_hp_loss":0,"event_name":"Masked Bandits","floor":21,"gold_loss":0},{"damage_healed":0,"gold_gain":0,"player_choice":"Relic","damage_taken":0,"max_hp_gain":0,"max_hp_loss":0,"event_name":"Wheel of Change","floor":22,"gold_loss":0}],"is_beta":false,"boss_relics":[{"not_picked":["Coffee Dripper","Runic Dome"],"picked":"Ring of Chaos"}],"items_purged_floors":[],"is_endless":false,"potions_floor_spawned":[4,13,14,18,19,21,29],"killed_by":"Champ","ascension_level":10}}