{"host":"b0dcklafnoly879c","time":1607781750,"event":{"mods":["BaseMod","Hermit","Minty Spire (QoL Compilation)","StSLib","The Jungle"],"gold_per_floor":[113,130,130,205,205,205,240,144,169,196,216,248,261,278,278,374,374,390,405,405,405,415,445,445,445,469,469,469,469],"floor_reached":28,"playtime":1445,"items_purged":[],"score":320,"play_id":"357b3e3b-c7af-4910-84d1-ebe11351f1e5","local_time":"20201212230230","is_ascension_mode":true,"campfire_choices":[{"data":"hermit:BodyArmor","floor":6.0,"key":"SMITH"},{"data":"hermit:Showdown","floor":15.0,"key":"SMITH"},{"data":"hermit:HighNoon","floor":24,"key":"SMITH"}],"circlet_count":0,"master_deck":["hermit:Strike_Hermit","hermit:Strike_Hermit","hermit:Strike_Hermit","hermit:Strike_Hermit","hermit:Defend_Hermit","hermit:Defend_Hermit","hermit:Defend_Hermit","hermit:Defend_Hermit","hermit:Snapshot","hermit:Covet","hermit:BodyArmor+1","hermit:Gestalt","hermit:Showdown+1","Finesse","hermit:Coalescence","hermit:HighNoon+1","hermit:FullyLoaded"],"relics":["SlaversCollar","CaptainsWheel","MealTicket","Strawberry","Boot","TungstenRod","Black Star","MutagenicStrength","HornCleat","hermit:RyeStalk","Anchor","Pear"],"acts_visited":["Exordium","TheCity"],"potions_floor_usage":[],"damage_taken":[{"damage":5.0,"enemies":"Jaw Worm","floor":1.0,"turns":4.0},{"damage":0.0,"enemies":"Cultist","floor":2.0,"turns":4.0},{"damage":32.0,"enemies":"Lagavulin","floor":7.0,"turns":9.0},{"damage":14.0,"enemies":"3 Sentries","floor":10.0,"turns":9.0},{"damage":0.0,"enemies":"Small Slimes","floor":11.0,"turns":3.0},{"damage":0.0,"enemies":"Gremlin Nob","floor":12.0,"turns":3.0},{"damage":3.0,"enemies":"2 Fungi Beasts","floor":13.0,"turns":3.0},{"damage":2.0,"enemies":"Looter","floor":14.0,"turns":3.0},{"damage":17.0,"enemies":"The Guardian","floor":16.0,"turns":15.0},{"damage":9.0,"enemies":"Shell Parasite","floor":18.0,"turns":5.0},{"damage":9.0,"enemies":"Spheric Guardian","floor":19.0,"turns":6.0},{"damage":0.0,"enemies":"Centurion and Healer","floor":22.0,"turns":6.0},{"damage":39,"enemies":"Slavers","floor":23,"turns":8},{"damage":27,"enemies":"Gremlin Leader","floor":28,"turns":8}],"seed_played":"3983539672765001433","potions_obtained":[{"floor":1.0,"key":"FearPotion"},{"floor":2.0,"key":"AttackPotion"},{"floor":10.0,"key":"BlessingOfTheForge"},{"floor":18.0,"key":"CultistPotion"},{"floor":22.0,"key":"SmokeBomb"}],"is_trial":false,"path_per_floor":["M","M","?","?","T","R","E","$","T","E","M","E","M","M","R","B",null,"M","M","?","?","M","E","R","?","T","T","E"],"character_chosen":"HERMIT","items_purchased":["Finesse"],"campfire_rested":0,"item_purchase_floors":[8],"current_hp_per_floor":[70,70,70,59,59,59,27,42,49,35,35,35,32,30,30,13,82,73,64,49,49,49,10,10,10,10,20,0,0],"gold":469,"neow_bonus":"BOSS_RELIC","is_daily":false,"chose_seed":false,"campfire_upgraded":3,"win_rate":0.0,"timestamp":1607781750,"path_taken":["M","M","?","?","?","R","E","$","T","E","?","E","M","M","R","BOSS","M","M","?","?","M","E","R","?","T","?","E"],"items_purchased_type":["Card"],"build_version":"2020-11-30","purchased_purges":0,"victory":false,"max_hp_per_floor":[75,75,75,75,75,75,75,75,82,82,82,82,82,82,82,82,82,82,82,87,87,87,87,87,87,87,97,97,97],"card_choices":[{"not_picked":["hermit:BigShot","hermit:ItchyTrigger"],"picked":"hermit:BodyArmor","floor":1.0},{"not_picked":["hermit:PistolWhip","hermit:Ricochet"],"picked":"hermit:Gestalt","floor":2.0},{"not_picked":["hermit:BlackWind","hermit:Feint"],"picked":"hermit:Showdown","floor":7.0},{"not_picked":["hermit:Ricochet","hermit:Glare","hermit:Desperado"],"picked":"SKIP","floor":10.0},{"not_picked":["hermit:Combo","hermit:BodyArmor","hermit:NoHoldsBarred"],"picked":"SKIP","floor":11.0},{"not_picked":["hermit:Snipe","hermit:NoHoldsBarred","hermit:FlashPowder"],"picked":"SKIP","floor":12.0},{"not_picked":["hermit:Dive","hermit:Quickdraw","hermit:Midnight"],"picked":"SKIP","floor":13.0},{"not_picked":["hermit:Virtue","hermit:Headshot"],"picked":"hermit:Coalescence","floor":14.0},{"not_picked":["hermit:Dissolve","hermit:Magnum"],"picked":"hermit:HighNoon","floor":16.0},{"not_picked":["hermit:Spite","hermit:SprayPray","hermit:LowProfile"],"picked":"SKIP","floor":18.0},{"not_picked":["hermit:Showdown","hermit:Virtue"],"picked":"hermit:FullyLoaded","floor":19.0},{"not_picked":["hermit:Glare","hermit:SprayPray","hermit:TrackingShot"],"picked":"SKIP","floor":22.0},{"not_picked":["hermit:GoldenBullet","hermit:WideOpen","hermit:Misfire"],"picked":"SKIP","floor":23}],"player_experience":286089,"relics_obtained":[{"floor":5.0,"key":"CaptainsWheel"},{"floor":7.0,"key":"MealTicket"},{"floor":9.0,"key":"Strawberry"},{"floor":10.0,"key":"Boot"},{"floor":12.0,"key":"TungstenRod"},{"floor":23,"key":"HornCleat"},{"floor":23,"key":"hermit:RyeStalk"},{"floor":26,"key":"Anchor"},{"floor":27,"key":"Pear"}],"event_choices":[{"damage_healed":0.0,"max_hp_gain":0.0,"max_hp_loss":0.0,"gold_gain":0.0,"event_name":"The Cleric","player_choice":"Leave","floor":3.0,"gold_loss":0.0,"damage_taken":0.0},{"damage_healed":0.0,"max_hp_gain":0.0,"max_hp_loss":0.0,"gold_gain":75.0,"event_name":"World of Goop","player_choice":"Gather Gold","floor":4.0,"gold_loss":0.0,"damage_taken":11.0},{"damage_healed":0.0,"max_hp_gain":5.0,"max_hp_loss":0.0,"gold_gain":0.0,"event_name":"Forgotten Altar","player_choice":"Shed Blood","floor":20.0,"gold_loss":0.0,"damage_taken":21.0},{"damage_healed":0.0,"max_hp_gain":0.0,"max_hp_loss":0.0,"gold_gain":0.0,"event_name":"Drug Dealer","player_choice":"Inject Mutagens","floor":21.0,"gold_loss":0.0,"damage_taken":0.0,"relics_obtained":["MutagenicStrength"]},{"damage_healed":0,"gold_gain":0,"player_choice":"Ignored","damage_taken":0,"max_hp_gain":0,"max_hp_loss":0,"event_name":"Beggar","floor":25,"gold_loss":0}],"is_beta":false,"boss_relics":[{"not_picked":["Calling Bell","Philosopher\u0027s Stone"],"picked":"Black Star"}],"items_purged_floors":[],"is_endless":false,"potions_floor_spawned":[1,2,10,18,22],"killed_by":"Gremlin Leader","ascension_level":1}}