{"host":"rofpq4i3w7d0zqjh","time":1607785268,"event":{"mods":["BaseMod","Minty Spire (QoL Compilation)"],"gold_per_floor":[119,135,152,227,237,237,256,256,256,285,285,315,315,315,315,415,415,431,13,29,47,47,47,81,6,6,24,43,43,43,55,55,55,55],"floor_reached":33,"playtime":2144,"items_purged":["Strike_B"],"score":332,"play_id":"b5fd919e-f096-4b62-9464-57a4ffc93b73","local_time":"20201212080108","is_ascension_mode":true,"campfire_choices":[{"data":"Turbo","floor":6,"key":"SMITH"},{"data":"Gash","floor":8,"key":"SMITH"},{"floor":11,"key":"REST"},{"floor":13,"key":"REST"},{"floor":15,"key":"REST"},{"data":"Apotheosis","floor":23,"key":"SMITH"},{"floor":29,"key":"REST"},{"floor":32,"key":"REST"}],"circlet_count":0,"master_deck":["Strike_B","Strike_B","Defend_B","Defend_B","Defend_B","Defend_B","Zap","Dualcast","Gash","Redo","Turbo+1","BootSequence","Gash+1","Ball Lightning","Conserve Battery","Seek","Gash+1","Apotheosis+1","Conserve Battery","Beam Cell","Forethought","Hologram","Turbo","Sweeping Beam","Consume+1","Amplify","Genetic Algorithm"],"relics":["FrozenCore","MealTicket","Anchor","Omamori","Frozen Egg 2","Orichalcum","InkBottle","Kunai"],"acts_visited":["Exordium","TheCity"],"potions_floor_usage":[12,12,12,28,28,31,33],"damage_taken":[{"damage":0,"enemies":"Cultist","floor":1,"turns":4},{"damage":0,"enemies":"2 Louse","floor":2,"turns":2},{"damage":4,"enemies":"Small Slimes","floor":3,"turns":3},{"damage":7,"enemies":"Looter","floor":5,"turns":3},{"damage":4,"enemies":"Large Slime","floor":7,"turns":6},{"damage":48,"enemies":"Lagavulin","floor":10,"turns":7},{"damage":8,"enemies":"Gremlin Nob","floor":12,"turns":3},{"damage":56,"enemies":"The Guardian","floor":16,"turns":13},{"damage":17,"enemies":"Shell Parasite","floor":18,"turns":10},{"damage":6,"enemies":"3 Byrds","floor":20,"turns":8},{"damage":10,"enemies":"Centurion and Healer","floor":21,"turns":11},{"damage":44,"enemies":"Book of Stabbing","floor":24,"turns":7},{"damage":2,"enemies":"Chosen and Byrds","floor":27,"turns":7},{"damage":5,"enemies":"Snake Plant","floor":28,"turns":5},{"damage":2,"enemies":"Centurion and Healer","floor":31,"turns":6},{"damage":52,"enemies":"Champ","floor":33,"turns":18}],"seed_played":"4160068051671580161","potions_obtained":[{"floor":1,"key":"Fire Potion"},{"floor":5,"key":"Energy Potion"},{"floor":10,"key":"Swift Potion"},{"floor":16,"key":"SkillPotion"},{"floor":27,"key":"Block Potion"},{"floor":28,"key":"Block Potion"},{"floor":31,"key":"Regen Potion"}],"is_trial":false,"path_per_floor":["M","M","M","?","M","R","M","R","T","E","R","E","R","?","R","B",null,"M","$","M","M","?","R","E","?","T","M","M","R","?","M","R","B"],"character_chosen":"DEFECT","items_purchased":["Apotheosis","Conserve Battery","Beam Cell","Forethought"],"campfire_rested":5,"item_purchase_floors":[19,19,19,19],"current_hp_per_floor":[75,75,71,60,53,53,49,49,49,1,23,15,37,37,59,3,75,58,73,67,57,57,57,13,13,13,11,6,28,14,12,36,0,0],"gold":55,"neow_bonus":"RANDOM_COMMON_RELIC","is_daily":false,"chose_seed":false,"campfire_upgraded":3,"win_rate":0.0,"timestamp":1607785268,"path_taken":["M","?","M","?","M","R","M","R","T","E","R","E","R","?","R","BOSS","M","$","M","M","?","R","E","?","T","M","M","R","?","M","R","BOSS"],"items_purchased_type":["Card","Card","Card","Card"],"build_version":"2020-11-30","purchased_purges":1,"victory":false,"max_hp_per_floor":[75,75,75,75,75,75,75,75,75,75,75,75,75,75,75,75,75,75,75,75,75,75,75,75,75,75,75,75,75,80,80,80,80,80],"card_choices":[{"not_picked":["Melter","Sunder"],"picked":"Gash","floor":1},{"not_picked":["Double Energy","Stack"],"picked":"Redo","floor":2},{"not_picked":["Sweeping Beam","Barrage"],"picked":"Turbo","floor":3},{"not_picked":["Heatsinks","Beam Cell"],"picked":"BootSequence","floor":5},{"not_picked":["Beam Cell","Compile Driver"],"picked":"Gash","floor":7},{"not_picked":["Barrage","Creative AI"],"picked":"Ball Lightning","floor":10},{"not_picked":["Doom and Gloom","Storm+1"],"picked":"Conserve Battery","floor":12},{"not_picked":["Meteor Strike","Electrodynamics+1"],"picked":"Seek","floor":16},{"not_picked":["Rebound","Hologram"],"picked":"Gash+1","floor":18},{"not_picked":["Ball Lightning","Cold Snap"],"picked":"Hologram","floor":20},{"not_picked":["Coolheaded","Rebound"],"picked":"Turbo","floor":21},{"not_picked":["Barrage+1","Blizzard"],"picked":"Sweeping Beam","floor":24},{"not_picked":["Rebound","Compile Driver"],"picked":"Consume+1","floor":27},{"not_picked":["Hologram","Cold Snap"],"picked":"Amplify","floor":28},{"not_picked":["Static Discharge+1","Stack+1"],"picked":"Genetic Algorithm","floor":31}],"player_experience":207781,"relics_obtained":[{"floor":9,"key":"Anchor"},{"floor":10,"key":"Omamori"},{"floor":12,"key":"Frozen Egg 2"},{"floor":24,"key":"InkBottle"},{"floor":26,"key":"Kunai"}],"event_choices":[{"damage_healed":0,"gold_gain":75,"player_choice":"Gather Gold","damage_taken":11,"max_hp_gain":0,"max_hp_loss":0,"event_name":"World of Goop","floor":4,"gold_loss":0},{"damage_healed":0,"gold_gain":0,"player_choice":"Ignored","damage_taken":0,"max_hp_gain":0,"max_hp_loss":0,"event_name":"Shining Light","floor":14,"gold_loss":0},{"damage_healed":0,"gold_gain":0,"player_choice":"Stole Relic","damage_taken":0,"relics_obtained":["Orichalcum"],"max_hp_gain":0,"max_hp_loss":0,"event_name":"Addict","floor":22,"gold_loss":0,"cards_obtained":["Shame"]},{"cards_removed":["Strike_B"],"damage_healed":0,"gold_gain":0,"player_choice":"Gave Gold","damage_taken":0,"max_hp_gain":0,"max_hp_loss":0,"event_name":"Beggar","floor":25,"gold_loss":75},{"damage_healed":0,"gold_gain":0,"player_choice":"Shed Blood","damage_taken":19,"max_hp_gain":5,"max_hp_loss":0,"event_name":"Forgotten Altar","floor":30,"gold_loss":0}],"is_beta":false,"boss_relics":[{"not_picked":["Sozu","Philosopher\u0027s Stone"],"picked":"FrozenCore"}],"items_purged_floors":[19],"is_endless":false,"potions_floor_spawned":[1,5,10,16,27,28,31],"killed_by":"Champ","ascension_level":4}}