{"host":"idmgg8r816nmas40","time":1607769879,"event":{"mods":["AchievementEnabler","AlwaysNeverKeys","BaseMod","BetterRewards","Block Reminder","Colored Map","Colored Powertips","DeckTracker","Googly Eyes","Highlight Path","Minty Spire (QoL Compilation)","Quick Restart","Relic Stats","Shop Mod","StSLib","SuperFastMode","Synergy Search","Transform Curses"],"gold_per_floor":[144,189,189,214,214,304,349,394,444,444,534,579,60,105,105,405,405,450,475,150,195,195,285,285,285],"floor_reached":24,"playtime":1055,"items_purged":[],"score":276,"play_id":"236b9652-0633-4fb3-88cd-c11c88421860","local_time":"20201212034439","daily_mods":["Chimera","ControlledChaos","Midas"],"is_ascension_mode":false,"campfire_choices":[{"floor":10,"key":"REST"},{"floor":15,"key":"REST"}],"circlet_count":0,"master_deck":["Bash","Survivor","Zap","Eruption","Strike_R","Strike_G","Strike_B","Defend_R","Defend_G","Defend_P","Perseverance","TalkToTheHand","FlurryOfBlows","TalkToTheHand","MasterReality","Secret Technique","BowlingBash","Consecrate","Judgement","CurseOfTheBell","PathToVictory+1","Master of Strategy"],"relics":["PureWater","Frozen Eye","Tiny Chest","Dream Catcher","Strawberry","Oddly Smooth Stone","Bag of Preparation","MealTicket","Blood Vial","Calling Bell","Smiling Mask","Yang","Calipers","Bag of Marbles","Sling","Regal Pillow","Orichalcum"],"acts_visited":["Exordium","TheCity"],"potions_floor_usage":[6,11,16,16,23],"damage_taken":[{"damage":3,"enemies":"Jaw Worm","floor":1,"turns":5},{"damage":0,"enemies":"Small Slimes","floor":2,"turns":2},{"damage":23,"enemies":"3 Sentries","floor":6,"turns":9},{"damage":0,"enemies":"Cultist","floor":7,"turns":2},{"damage":0,"enemies":"Large Slime","floor":8,"turns":3},{"damage":0,"enemies":"Gremlin Nob","floor":11,"turns":2},{"damage":6,"enemies":"Red Slaver","floor":12,"turns":4},{"damage":14,"enemies":"Exordium Wildlife","floor":14,"turns":5},{"damage":40,"enemies":"The Guardian","floor":16,"turns":8},{"damage":0,"enemies":"Spheric Guardian","floor":18,"turns":2},{"damage":0,"enemies":"2 Thieves","floor":21,"turns":4},{"damage":19,"enemies":"Book of Stabbing","floor":23,"turns":6},{"damage":0,"enemies":"Snake Plant","floor":24,"turns":1}],"seed_played":"-2740983366772686195","potions_obtained":[{"floor":1,"key":"SteroidPotion"},{"floor":2,"key":"Strength Potion"},{"floor":5,"key":"DuplicationPotion"},{"floor":5,"key":"Weak Potion"},{"floor":8,"key":"Weak Potion"},{"floor":12,"key":"DistilledChaos"},{"floor":21,"key":"DuplicationPotion"},{"floor":23,"key":"Ancient Potion"}],"is_trial":false,"path_per_floor":["M","M","?","T","?","E","M","M","T","R","E","M","$","M","R","B",null,"M","T","$","M","?","E","M"],"character_chosen":"WATCHER","items_purchased":["MealTicket","Blood Vial","Secret Technique","BowlingBash","Sling","Master of Strategy"],"campfire_rested":2,"item_purchase_floors":[13,13,13,13,20,20],"current_hp_per_floor":[69,69,66,66,66,50,50,50,50,73,73,67,67,55,78,39,79,79,79,79,79,79,60,62,62],"gold":285,"neow_bonus":"","is_daily":true,"chose_seed":false,"campfire_upgraded":0,"win_rate":0.0,"timestamp":1607769879,"path_taken":["M","M","?","?","?","E","M","?","T","R","E","M","$","M","R","BOSS","M","?","$","?","?","E","M"],"items_purchased_type":["Relic","Relic","Card","Card","Relic","Card"],"build_version":"2020-11-30","purchased_purges":0,"victory":false,"max_hp_per_floor":[72,72,72,72,72,79,79,79,79,79,79,79,79,79,79,79,79,79,79,79,79,79,79,79,79],"relic_stats":{"Blood Vial":5,"Dream Catcher":2,"Regal Pillow":0,"counters":[13,53],"Tiny Chest":1,"MealTicket":0,"Yang":[22],"Bag of Preparation":[12],"Orichalcum":[0],"Smiling Mask":0,"obtain_stats":[{"Regal Pillow":22,"Calipers":17,"Oddly Smooth Stone":9,"Yang":17,"Bag of Preparation":11,"Orichalcum":23,"Smiling Mask":17,"Sling":20,"Blood Vial":13,"Calling Bell":17,"Frozen Eye":0,"Dream Catcher":4,"Strawberry":6,"Tiny Chest":3,"MealTicket":13,"Bag of Marbles":19,"PureWater":0},{"Regal Pillow":11,"Calipers":9,"Oddly Smooth Stone":5,"Yang":9,"Bag of Preparation":6,"Orichalcum":12,"Smiling Mask":9,"Sling":10,"Blood Vial":7,"Calling Bell":9,"Frozen Eye":0,"Dream Catcher":2,"Strawberry":3,"Tiny Chest":2,"MealTicket":7,"Bag of Marbles":10,"PureWater":0},{"Regal Pillow":46,"Calipers":40,"Oddly Smooth Stone":21,"Yang":40,"Bag of Preparation":23,"Orichalcum":52,"Smiling Mask":40,"Sling":42,"Blood Vial":27,"Calling Bell":40,"Frozen Eye":0,"Dream Catcher":7,"Strawberry":16,"Tiny Chest":7,"MealTicket":27,"Bag of Marbles":42,"PureWater":0}]},"card_choices":[{"not_picked":["InnerPeace","FlyingSleeves"],"picked":"Perseverance","floor":1},{"not_picked":["WheelKick","Crescendo"],"picked":"TalkToTheHand","floor":2},{"not_picked":["EmptyFist","BowlingBash"],"picked":"FlurryOfBlows","floor":6},{"not_picked":["Pray","EmptyFist","FearNoEvil"],"picked":"SKIP","floor":7},{"not_picked":["ThirdEye","JustLucky","WindmillStrike"],"picked":"SKIP","floor":8},{"not_picked":["WindmillStrike","ThirdEye"],"picked":"TalkToTheHand","floor":10},{"not_picked":["Pray","SignatureMove","CutThroughFate"],"picked":"SKIP","floor":11},{"not_picked":["InnerPeace","Indignation"],"picked":"MasterReality","floor":12},{"not_picked":["FollowUp","CutThroughFate","InnerPeace"],"picked":"SKIP","floor":14},{"not_picked":["Wallop","BowlingBash"],"picked":"Consecrate","floor":15},{"not_picked":["Vault","ConjureBlade"],"picked":"Judgement","floor":16},{"not_picked":["SashWhip+1","Weave"],"picked":"PathToVictory+1","floor":18},{"not_picked":["Halt","Blasphemy","Evaluate"],"picked":"SKIP","floor":21},{"not_picked":["Swivel+1","BowlingBash","Sanctity"],"picked":"SKIP","floor":23}],"player_experience":991498,"relics_obtained":[{"floor":4,"key":"Dream Catcher"},{"floor":6,"key":"Strawberry"},{"floor":9,"key":"Oddly Smooth Stone"},{"floor":11,"key":"Bag of Preparation"},{"floor":17,"key":"Smiling Mask"},{"floor":17,"key":"Yang"},{"floor":17,"key":"Calipers"},{"floor":19,"key":"Bag of Marbles"},{"floor":23,"key":"Orichalcum"}],"event_choices":[{"damage_healed":0,"gold_gain":0,"player_choice":"Success","damage_taken":3,"relics_obtained":["Tiny Chest"],"max_hp_gain":0,"max_hp_loss":0,"event_name":"Scrap Ooze","floor":3,"gold_loss":0},{"damage_healed":0,"gold_gain":0,"player_choice":"Got Potions","damage_taken":0,"max_hp_gain":0,"max_hp_loss":0,"event_name":"Lab","floor":5,"gold_loss":0},{"damage_healed":0,"gold_gain":0,"player_choice":"Opened","damage_taken":0,"relics_obtained":["Regal Pillow"],"max_hp_gain":0,"max_hp_loss":0,"event_name":"The Mausoleum","floor":22,"gold_loss":0}],"is_beta":false,"boss_relics":[{"not_picked":["HolyWater","Snecko Eye"],"picked":"Calling Bell"}],"items_purged_floors":[],"is_endless":false,"potions_floor_spawned":[1,2,8,12,21,23],"killed_by":"Snake Plant","ascension_level":0}}