{"host":"Ilker","time":1607809250,"event":{"mods":["BaseMod","Bestiary","Block Reminder","Colored Map","DeckTracker","Highlight Path","Minty Spire (QoL Compilation)","Quick Restart","Relic Sorter","Relic Stats"],"gold_per_floor":[113,127,137,137,137,164,175,201,282,282,297,297,324,349,349,423,423,433,447,447,465,13,13,27,60,60,60,60],"floor_reached":27,"playtime":1143,"items_purged":[],"score":506,"play_id":"366f62ac-b424-4f88-b635-1ef0e21528d2","local_time":"20201213004050","is_ascension_mode":true,"campfire_choices":[{"floor":10.0,"key":"REST"},{"floor":15.0,"key":"REST"},{"floor":23,"key":"REST"}],"circlet_count":0,"master_deck":["AscendersBane","Strike_B","Strike_B","Strike_B","Defend_B","Defend_B","Defend_B","Defend_B","Zap","Dualcast","Ball Lightning","Rebound","Tempest+1","Genetic Algorithm","Go for the Eyes","Capacitor","Conserve Battery","Biased Cognition","Barrage","Conserve Battery","Shame","Capacitor","Static Discharge","Consume","Hologram","Storm"],"relics":["Cracked Core","NeowsBlessing","StrikeDummy","StoneCalendar","Cables","Anchor","Nuclear Battery","Art of War","Lizard Tail","Boot","Unceasing Top"],"acts_visited":["Exordium","TheCity"],"potions_floor_usage":[25,25],"damage_taken":[{"damage":0.0,"enemies":"2 Louse","floor":1.0,"turns":1.0},{"damage":0.0,"enemies":"Jaw Worm","floor":2.0,"turns":1.0},{"damage":0.0,"enemies":"Cultist","floor":3.0,"turns":1.0},{"damage":6.0,"enemies":"3 Sentries","floor":6.0,"turns":7.0},{"damage":6.0,"enemies":"2 Fungi Beasts","floor":7.0,"turns":3.0},{"damage":34.0,"enemies":"Gremlin Nob","floor":8.0,"turns":4.0},{"damage":3.0,"enemies":"Gremlin Gang","floor":11.0,"turns":3.0},{"damage":15.0,"enemies":"3 Sentries","floor":13.0,"turns":5.0},{"damage":33.0,"enemies":"Slime Boss","floor":16.0,"turns":7.0},{"damage":12.0,"enemies":"Chosen","floor":18.0,"turns":4.0},{"damage":5,"enemies":"2 Thieves","floor":19,"turns":3},{"damage":19,"enemies":"Snake Plant","floor":21,"turns":4},{"damage":38,"enemies":"3 Cultists","floor":24,"turns":4},{"damage":36,"enemies":"Book of Stabbing","floor":25,"turns":5},{"damage":17,"enemies":"Centurion and Healer","floor":27,"turns":2}],"seed_played":"7498620167490222053","potions_obtained":[{"floor":2.0,"key":"SkillPotion"},{"floor":8.0,"key":"SteroidPotion"},{"floor":13.0,"key":"ColorlessPotion"},{"floor":16.0,"key":"FocusPotion"},{"floor":24,"key":"Weak Potion"}],"is_trial":false,"path_per_floor":["M","M","M","?","?","E","M","E","T","R","M","?","E","T","R","B",null,"M","M","?","M","$","R","M","E","T","M"],"character_chosen":"DEFECT","items_purchased":["Static Discharge","Consume","Lizard Tail"],"campfire_rested":3,"item_purchase_floors":[22,22,22],"current_hp_per_floor":[64,64,64,64,57,51,45,11,11,32,29,29,14,14,35,2,54,42,37,37,18,18,39,1,17,17,0,0],"gold":60,"neow_bonus":"THREE_ENEMY_KILL","is_daily":false,"chose_seed":false,"campfire_upgraded":0,"win_rate":0.0,"timestamp":1607809250,"path_taken":["M","M","M","?","?","E","M","E","T","R","?","?","E","?","R","BOSS","M","M","?","M","$","R","M","E","T","M"],"items_purchased_type":["Card","Card","Relic"],"build_version":"2020-12-07","purchased_purges":0,"victory":false,"max_hp_per_floor":[71,71,71,71,71,71,71,71,71,71,71,71,71,71,71,71,71,71,71,71,71,71,71,71,71,71,71,71],"relic_stats":{"Lizard Tail":35,"counters":[15,54],"StoneCalendar":[99],"Art of War":[2],"Boot":[0],"obtain_stats":[{"Anchor":13,"Lizard Tail":22,"NeowsBlessing":0,"StoneCalendar":8,"Art of War":20,"Cracked Core":0,"StrikeDummy":6,"Boot":25,"Unceasing Top":26,"Cables":9,"Nuclear Battery":17},{"Anchor":8,"Lizard Tail":12,"NeowsBlessing":0,"StoneCalendar":6,"Art of War":11,"Cracked Core":0,"StrikeDummy":4,"Boot":14,"Unceasing Top":14,"Cables":6,"Nuclear Battery":9},{"Anchor":25,"Lizard Tail":43,"NeowsBlessing":0,"StoneCalendar":17,"Art of War":39,"Cracked Core":0,"StrikeDummy":10,"Boot":52,"Unceasing Top":52,"Cables":17,"Nuclear Battery":32}],"Unceasing Top":[1],"Cables":[32,25,0,0,7]},"card_choices":[{"not_picked":["Turbo","Rebound"],"picked":"Ball Lightning","floor":1.0},{"not_picked":["Redo","Compile Driver"],"picked":"Rebound","floor":2.0},{"not_picked":["Steam","Rebound"],"picked":"Tempest","floor":3.0},{"not_picked":["Ball Lightning","Barrage"],"picked":"Genetic Algorithm","floor":6.0},{"not_picked":["Steam","Stack"],"picked":"Go for the Eyes","floor":7.0},{"not_picked":["Ball Lightning","Beam Cell"],"picked":"Capacitor","floor":8.0},{"not_picked":["Rebound","Meteor Strike"],"picked":"Conserve Battery","floor":11.0},{"not_picked":["Compile Driver","Ball Lightning","Rip and Tear"],"picked":"SKIP","floor":13.0},{"not_picked":["Fission","Reboot"],"picked":"Biased Cognition","floor":16.0},{"not_picked":["Ball Lightning","Turbo"],"picked":"Barrage","floor":18.0},{"not_picked":["Force Field","Storm"],"picked":"Conserve Battery","floor":19},{"not_picked":["Loop","Hello World"],"picked":"Capacitor","floor":21},{"not_picked":["Steam","Stack"],"picked":"Hologram","floor":24},{"not_picked":["Sweeping Beam","Hologram"],"picked":"Storm","floor":25}],"player_experience":1643481,"relics_obtained":[{"floor":6.0,"key":"StrikeDummy"},{"floor":8.0,"key":"StoneCalendar"},{"floor":9.0,"key":"Cables"},{"floor":13.0,"key":"Anchor"},{"floor":25,"key":"Boot"},{"floor":26,"key":"Unceasing Top"}],"event_choices":[{"damage_healed":0.0,"max_hp_gain":0.0,"max_hp_loss":0.0,"gold_gain":0.0,"event_name":"Living Wall","player_choice":"Grow","floor":4.0,"gold_loss":0.0,"damage_taken":0.0,"cards_upgraded":["Tempest"]},{"cards_removed":["Strike_B"],"damage_healed":0.0,"max_hp_gain":0.0,"max_hp_loss":0.0,"gold_gain":0.0,"event_name":"Golden Wing","player_choice":"Card Removal","floor":5.0,"gold_loss":0.0,"damage_taken":7.0},{"damage_healed":0.0,"max_hp_gain":0.0,"max_hp_loss":0.0,"gold_gain":0.0,"event_name":"Scrap Ooze","player_choice":"Fled","floor":12.0,"gold_loss":0.0,"damage_taken":0.0},{"damage_healed":0,"gold_gain":0,"player_choice":"Stole Relic","damage_taken":0,"relics_obtained":["Art of War"],"max_hp_gain":0,"max_hp_loss":0,"event_name":"Addict","floor":20,"gold_loss":0,"cards_obtained":["Shame"]}],"is_beta":true,"boss_relics":[{"not_picked":["Velvet Choker","FrozenCore"],"picked":"Nuclear Battery"}],"items_purged_floors":[],"is_endless":false,"potions_floor_spawned":[2,8,13,16,24],"killed_by":"Centurion and Healer","ascension_level":20}}