{"host":"sum4dy402bbv9y4o","time":1607731836,"event":{"mods":["Aspiration","BaseMod","Conspire","Highlight Path","Minty Spire (QoL Compilation)","StSLib"],"gold_per_floor":[113,124,72,72,126,157,175,201,201,220,239,256,256,275,275,353,353,364,24,77,52,67,67,86,86,86,99,99,119,130,145,145,222,222,239,15,35,35,35,35,53,69,69,69,69,69,69,69],"floor_reached":47,"playtime":2008,"items_purged":[],"score":982,"play_id":"2b41e5be-3140-4c1b-9ab2-745bd0e1f032","local_time":"20201212031036","is_ascension_mode":true,"campfire_choices":[{"data":"Eruption","floor":15,"key":"SMITH"},{"floor":23,"key":"REST"},{"floor":25,"key":"REST"},{"floor":32,"key":"REST"},{"data":"MentalFortress","floor":40,"key":"SMITH"},{"data":"Devotion","floor":44,"key":"SMITH"},{"floor":46,"key":"REST"}],"circlet_count":0,"master_deck":["AscendersBane","Strike_P","Strike_P","Strike_P+1","Defend_P","Defend_P","Defend_P+1","Defend_P","Eruption+1","Vigilance+1","CutThroughFate","Consecrate","Consecrate","WheelKick","TalkToTheHand","Prostrate","EmptyBody","TalkToTheHand","TalkToTheHand","Perseverance","Devotion+1","CurseOfTheBell","JustLucky+1","MentalFortress+1","JustLucky","EmptyFist","EmptyFist","Indignation+1","Pray","EmptyBody","BowlingBash+1","FlurryOfBlows","FollowUp+1","Prostrate"],"relics":["PureWater","aspiration:Nostalgia","Ring of the Snake","Bag of Preparation","aspiration:SeaSaltIceCream","NeowsBlessing","Ancient Tea Set","War Paint","Calling Bell","Damaru","Kunai","conspire:Boomerang","Whetstone","Vajra","Tiny Chest","Pen Nib","aspiration:SecretTechniqueScroll","Lee\u0027s Waffle","Molten Egg 2","Meat on the Bone"],"acts_visited":["Exordium","TheCity","TheBeyond"],"potions_floor_usage":[18,20,29,33,33,35,44],"damage_taken":[{"damage":4,"enemies":"Small Slimes","floor":1,"turns":4},{"damage":0,"enemies":"Jaw Worm","floor":2,"turns":4},{"damage":10,"enemies":"3 Sentries","floor":6,"turns":3},{"damage":0,"enemies":"2 Louse","floor":7,"turns":1},{"damage":0,"enemies":"Gremlin Nob","floor":8,"turns":1},{"damage":0,"enemies":"Exordium Thugs","floor":10,"turns":1},{"damage":3,"enemies":"Gremlin Gang","floor":11,"turns":4},{"damage":0,"enemies":"Large Slime","floor":12,"turns":5},{"damage":9,"enemies":"Exordium Wildlife","floor":14,"turns":3},{"damage":16,"enemies":"The Guardian","floor":16,"turns":9},{"damage":7,"enemies":"2 Thieves","floor":18,"turns":4},{"damage":19,"enemies":"conspire:MimicChest","floor":20,"turns":7},{"damage":14,"enemies":"Spheric Guardian","floor":22,"turns":3},{"damage":1,"enemies":"Chosen and Byrds","floor":24,"turns":4},{"damage":7,"enemies":"3 Cultists","floor":27,"turns":4},{"damage":12,"enemies":"Snecko","floor":29,"turns":3},{"damage":0,"enemies":"Cultist and Chosen","floor":30,"turns":3},{"damage":11,"enemies":"Centurion and Healer","floor":31,"turns":5},{"damage":16,"enemies":"Collector","floor":33,"turns":12},{"damage":30,"enemies":"3 Darklings","floor":35,"turns":7},{"damage":11,"enemies":"Orb Walker","floor":37,"turns":4},{"damage":16,"enemies":"Transient","floor":41,"turns":6},{"damage":6,"enemies":"Sphere and 2 Shapes","floor":42,"turns":5},{"damage":72,"enemies":"Reptomancer","floor":47,"turns":3}],"seed_played":"-8576794838652600583","potions_obtained":[{"floor":1,"key":"Dexterity Potion"},{"floor":7,"key":"SkillPotion"},{"floor":10,"key":"AttackPotion"},{"floor":18,"key":"ColorlessPotion"},{"floor":20,"key":"FearPotion"},{"floor":29,"key":"Swift Potion"},{"floor":33,"key":"BottledMiracle"},{"floor":35,"key":"Dexterity Potion"},{"floor":42,"key":"Fruit Juice"}],"is_trial":false,"path_per_floor":["M","M","$","?","T","E","M","E","T","M","M","M","?","M","R","B",null,"M","$","?","$","M","R","M","R","T","M","?","M","M","M","R","B",null,"M","$","M","T","?","R","M","M","T","R","?","R","E"],"character_chosen":"WATCHER","items_purchased":["Consecrate","Whetstone","Vajra","JustLucky","Lee\u0027s Waffle","PowerPotion"],"campfire_rested":4,"item_purchase_floors":[3,19,19,21,36,36],"current_hp_per_floor":[57,57,57,53,53,43,43,43,43,43,40,40,62,53,53,37,60,53,53,34,34,20,40,39,59,59,52,52,40,40,29,49,33,59,29,75,64,64,64,64,48,42,42,47,47,71,0,0],"gold":69,"neow_bonus":"NOSTALGIA","is_daily":false,"chose_seed":false,"campfire_upgraded":3,"win_rate":0.0,"timestamp":1607731836,"path_taken":["M","M","$","?","?","E","M","E","T","M","M","M","?","M","R","BOSS","M","$","?","$","M","R","M","R","T","M","?","?","M","?","R","BOSS","M","$","M","?","?","R","?","M","T","R","?","R","E"],"items_purchased_type":["Card","Relic","Relic","Card","Relic","Potion"],"build_version":"2020-11-30","purchased_purges":0,"victory":false,"max_hp_per_floor":[68,68,68,68,68,68,68,68,68,68,68,68,68,68,68,68,68,68,68,68,68,68,68,68,68,68,68,68,68,68,68,68,68,68,68,75,75,75,75,75,75,75,75,80,80,80,80,80],"card_choices":[{"not_picked":["Protect","Crescendo"],"picked":"CutThroughFate","floor":1},{"not_picked":["ClearTheMind","Nirvana"],"picked":"Consecrate","floor":2},{"not_picked":["ClearTheMind","Weave"],"picked":"WheelKick","floor":6},{"not_picked":["Establishment","Weave"],"picked":"TalkToTheHand","floor":7},{"not_picked":["PathToVictory","Evaluate"],"picked":"Prostrate","floor":8},{"not_picked":["ForeignInfluence","ThirdEye"],"picked":"EmptyBody","floor":10},{"not_picked":["ClearTheMind","Evaluate"],"picked":"TalkToTheHand","floor":11},{"not_picked":["BattleHymn","WreathOfFlame"],"picked":"TalkToTheHand","floor":12},{"not_picked":["FollowUp","SashWhip"],"picked":"Perseverance","floor":14},{"not_picked":["DeusExMachina","DevaForm"],"picked":"Devotion","floor":16},{"not_picked":["EmptyMind","BattleHymn"],"picked":"JustLucky","floor":18},{"not_picked":["Halt","LikeWater"],"picked":"MentalFortress","floor":20},{"not_picked":["Halt","FlyingSleeves"],"picked":"EmptyFist","floor":22},{"not_picked":["Protect","ThirdEye"],"picked":"EmptyFist","floor":24},{"not_picked":["EmptyFist","Consecrate"],"picked":"Indignation+1","floor":27},{"not_picked":["Nirvana","Judgement"],"picked":"EmptyBody","floor":29},{"not_picked":["Crescendo","PathToVictory","Meditate"],"picked":"SKIP","floor":30},{"not_picked":["ThirdEye","BowlingBash","Indignation"],"picked":"SKIP","floor":31},{"not_picked":["CutThroughFate+1","Collect+1"],"picked":"BowlingBash","floor":35},{"not_picked":["EmptyMind","Wireheading"],"picked":"FlurryOfBlows","floor":37},{"not_picked":["Halt","Wireheading"],"picked":"FollowUp+1","floor":41},{"not_picked":["EmptyBody","Worship+1"],"picked":"Prostrate","floor":42}],"player_experience":2782928,"relics_obtained":[{"floor":5,"key":"Bag of Preparation"},{"floor":6,"key":"aspiration:SeaSaltIceCream"},{"floor":8,"key":"Ancient Tea Set"},{"floor":9,"key":"War Paint"},{"floor":17,"key":"Damaru"},{"floor":17,"key":"Kunai"},{"floor":17,"key":"conspire:Boomerang"},{"floor":20,"key":"Tiny Chest"},{"floor":26,"key":"Pen Nib"},{"floor":38,"key":"Molten Egg 2"},{"floor":43,"key":"Meat on the Bone"}],"event_choices":[{"damage_healed":0,"gold_gain":0,"player_choice":"Leave","damage_taken":0,"max_hp_gain":0,"max_hp_loss":0,"event_name":"conspire:Investor","floor":4,"gold_loss":0},{"damage_healed":22,"gold_gain":0,"player_choice":"Banana","damage_taken":0,"max_hp_gain":0,"max_hp_loss":0,"event_name":"Big Fish","floor":13,"gold_loss":0},{"damage_healed":0,"gold_gain":0,"player_choice":"1 cards matched","damage_taken":0,"max_hp_gain":0,"max_hp_loss":0,"event_name":"Match and Keep!","floor":28,"gold_loss":0,"cards_obtained":["Pray"]},{"cards_removed":["Strike_P"],"damage_healed":0,"gold_gain":0,"player_choice":"Offered Basic","damage_taken":0,"max_hp_gain":0,"max_hp_loss":0,"event_name":"Bonfire Elementals","floor":39,"gold_loss":0},{"damage_healed":0,"gold_gain":0,"player_choice":"Upgraded","damage_taken":0,"max_hp_gain":0,"max_hp_loss":0,"event_name":"Upgrade Shrine","floor":45,"gold_loss":0,"cards_upgraded":["BowlingBash"]}],"is_beta":false,"boss_relics":[{"not_picked":["Coffee Dripper","aspiration:FutureDiary"],"picked":"Calling Bell"},{"not_picked":["Empty Cage","Velvet Choker"],"picked":"aspiration:SecretTechniqueScroll"}],"items_purged_floors":[],"is_endless":false,"potions_floor_spawned":[1,7,10,12,18,20,29,33,35,42],"killed_by":"Reptomancer","ascension_level":20}}