{"host":"f7mgfv1rcbv6ir5v","time":1607771080,"event":{"mods":["BaseMod","Bestiary","Colored Map","Colored Powertips","Highlight Path","Minty Spire (QoL Compilation)","Relic Stats","StSLib"],"gold_per_floor":[119,119,139,214,227,261,261,274,300,319,319,332,332,361,361,459,459,475,475,160,171,183,183,183],"floor_reached":23,"playtime":2055,"items_purged":["Strike_B"],"score":244,"play_id":"45759cc4-5f39-4c59-b0b5-3e52b1052e0f","local_time":"20201212030440","is_ascension_mode":true,"campfire_choices":[{"data":"Zap","floor":7,"key":"SMITH"},{"data":"Chaos","floor":11,"key":"SMITH"},{"floor":13,"key":"REST"},{"data":"Sunder","floor":15,"key":"SMITH"}],"circlet_count":0,"master_deck":["Strike_B","Strike_B","Defend_B","Defend_B","Defend_B","Defend_B","Zap+1","Dualcast","Compile Driver","Undo","Turbo","Cold Snap","Hologram","Chaos+1","Sunder+1","Electrodynamics","Multi-Cast","Aggregate","Genetic Algorithm","Secret Weapon","Lockon+1","BootSequence"],"relics":["Cracked Core","NeowsBlessing","Vajra","Strawberry","Nunchaku","SlaversCollar"],"acts_visited":["Exordium","TheCity"],"potions_floor_usage":[10,14,23],"damage_taken":[{"damage":0,"enemies":"Cultist","floor":1,"turns":1},{"damage":0,"enemies":"Small Slimes","floor":3,"turns":1},{"damage":0,"enemies":"2 Louse","floor":5,"turns":1},{"damage":36,"enemies":"Lagavulin","floor":6,"turns":7},{"damage":2,"enemies":"Exordium Wildlife","floor":8,"turns":4},{"damage":5,"enemies":"Lots of Slimes","floor":10,"turns":2},{"damage":3,"enemies":"Large Slime","floor":12,"turns":6},{"damage":3,"enemies":"3 Sentries","floor":14,"turns":4},{"damage":9,"enemies":"The Guardian","floor":16,"turns":7},{"damage":17,"enemies":"2 Thieves","floor":18,"turns":3},{"damage":16,"enemies":"Chosen","floor":21,"turns":6},{"damage":34,"enemies":"Shelled Parasite and Fungi","floor":22,"turns":7},{"damage":18,"enemies":"Gremlin Leader","floor":23,"turns":2}],"seed_played":"7224701651831943410","potions_obtained":[{"floor":6,"key":"Explosive Potion"},{"floor":8,"key":"PowerPotion"},{"floor":10,"key":"Strength Potion"},{"floor":16,"key":"SteroidPotion"},{"floor":22,"key":"BlessingOfTheForge"}],"is_trial":false,"path_per_floor":["M","?","M","?","M","E","R","M","T","M","R","M","R","E","R","B",null,"M","?","$","M","M","E"],"character_chosen":"DEFECT","items_purchased":["PotionOfCapacity","Secret Weapon"],"campfire_rested":1,"item_purchase_floors":[20,20],"current_hp_per_floor":[75,75,75,64,64,28,28,26,33,28,28,25,49,46,46,37,82,65,65,65,49,15,0,0],"gold":183,"neow_bonus":"THREE_ENEMY_KILL","is_daily":false,"chose_seed":false,"campfire_upgraded":3,"win_rate":0.0,"timestamp":1607771080,"path_taken":["M","?","?","?","M","E","R","M","T","M","R","M","R","E","R","BOSS","M","?","$","M","M","E"],"items_purchased_type":["Potion","Card"],"build_version":"2020-11-30","purchased_purges":1,"victory":false,"max_hp_per_floor":[75,75,75,75,75,75,75,75,82,82,82,82,82,82,82,82,82,82,82,82,82,82,82,82],"relic_stats":{"Nunchaku":[3],"counters":[13,51],"obtain_stats":[{"SlaversCollar":17,"Nunchaku":14,"NeowsBlessing":0,"Strawberry":9,"Vajra":6,"Cracked Core":0},{"SlaversCollar":9,"Nunchaku":8,"NeowsBlessing":0,"Strawberry":5,"Vajra":4,"Cracked Core":0},{"SlaversCollar":33,"Nunchaku":26,"NeowsBlessing":0,"Strawberry":14,"Vajra":10,"Cracked Core":0}]},"card_choices":[{"not_picked":["Steam","Blizzard"],"picked":"Compile Driver","floor":1},{"not_picked":["Redo","Leap"],"picked":"Undo","floor":3},{"not_picked":["Reinforced Body","Cold Snap"],"picked":"Turbo","floor":5},{"not_picked":["Gash","Stack"],"picked":"Cold Snap","floor":6},{"not_picked":["Consume","Sweeping Beam"],"picked":"Hologram","floor":8},{"not_picked":["FTL","Coolheaded"],"picked":"Chaos","floor":10},{"not_picked":["Force Field","Sweeping Beam"],"picked":"Sunder","floor":12},{"not_picked":["Glacier","Gash"],"picked":"Electrodynamics","floor":14},{"not_picked":["Electrodynamics","Buffer"],"picked":"Multi-Cast","floor":16},{"not_picked":["Conserve Battery","Rebound+1"],"picked":"Aggregate","floor":18},{"not_picked":["Static Discharge","Streamline"],"picked":"Lockon+1","floor":21},{"not_picked":["Static Discharge","Force Field+1"],"picked":"BootSequence","floor":22}],"player_experience":317508,"relics_obtained":[{"floor":6,"key":"Vajra"},{"floor":9,"key":"Strawberry"},{"floor":14,"key":"Nunchaku"}],"event_choices":[{"cards_removed":["Strike_B"],"damage_healed":0,"gold_gain":0,"player_choice":"Offered Basic","damage_taken":0,"max_hp_gain":0,"max_hp_loss":0,"event_name":"Bonfire Elementals","floor":2,"gold_loss":0},{"damage_healed":0,"gold_gain":75,"player_choice":"Gather Gold","damage_taken":11,"max_hp_gain":0,"max_hp_loss":0,"event_name":"World of Goop","floor":4,"gold_loss":0},{"damage_healed":0,"gold_gain":0,"player_choice":"Read","damage_taken":0,"max_hp_gain":0,"max_hp_loss":0,"event_name":"The Library","floor":19,"gold_loss":0,"cards_obtained":["Genetic Algorithm"]}],"is_beta":false,"boss_relics":[{"not_picked":["SacredBark","Cursed Key"],"picked":"SlaversCollar"}],"items_purged_floors":[20],"is_endless":false,"potions_floor_spawned":[6,8,10,16,21,22],"killed_by":"Gremlin Leader","ascension_level":4}}