{"host":"3rixevx6n8b56xaj","time":1607786998,"event":{"mods":["2.2 Compatiblity","AchievementEnabler","BaseMod","Better Third Choice","Colored Map","DeckTracker","Friendly Minions","Minty Spire (QoL Compilation)","StSLib","SuperFastMode"],"gold_per_floor":[366,379,554,567,181,181,208,208,233,333,344,364,364,375,375,478,478,494,508,508,433,180,213,224,224,224,224,224,224,241,261,261,261,261],"floor_reached":33,"playtime":948,"items_purged":["Doubt","Defend_G"],"score":267,"play_id":"69130581-275d-456e-925d-01e27d2d2410","local_time":"20201213002958","is_ascension_mode":false,"campfire_choices":[{"data":"Deadly Poison","floor":6.0,"key":"SMITH"},{"data":"A Thousand Cuts","floor":8.0,"key":"SMITH"},{"data":"Bouncing Flask","floor":15.0,"key":"SMITH"},{"data":"Riddle With Holes","floor":25,"key":"SMITH"},{"data":"Footwork","floor":29,"key":"SMITH"},{"floor":32,"key":"REST"}],"circlet_count":0,"master_deck":["Strike_G","Strike_G","Strike_G","Defend_G","Defend_G","Defend_G","Survivor","Neutralize","Backstab","Flying Knee","Deadly Poison+1","Dagger Throw","A Thousand Cuts+1","Bouncing Flask+1","Acrobatics","Tools of the Trade","Choke+1","Riddle With Holes+1","Malaise","Footwork+1","Bane+1","Crippling Poison","Cloak And Dagger+1"],"relics":["Ring of the Snake","Gambling Chip","Orichalcum","Orrery","Centennial Puzzle","Ice Cream","Nloth\u0027s Gift"],"acts_visited":["Exordium","TheCity"],"potions_floor_usage":[23,30,31,33],"damage_taken":[{"damage":7.0,"enemies":"Jaw Worm","floor":1.0,"turns":5.0},{"damage":0.0,"enemies":"Cultist","floor":2.0,"turns":3.0},{"damage":0.0,"enemies":"Small Slimes","floor":4.0,"turns":2.0},{"damage":13.0,"enemies":"3 Sentries","floor":7.0,"turns":8.0},{"damage":7.0,"enemies":"Blue Slaver","floor":11.0,"turns":3.0},{"damage":5.0,"enemies":"Looter","floor":12.0,"turns":3.0},{"damage":5.0,"enemies":"3 Louse","floor":14.0,"turns":2.0},{"damage":8.0,"enemies":"Hexaghost","floor":16.0,"turns":8.0},{"damage":14.0,"enemies":"Shell Parasite","floor":18.0,"turns":4.0},{"damage":8.0,"enemies":"3 Byrds","floor":19.0,"turns":4.0},{"damage":14,"enemies":"Slavers","floor":23,"turns":4},{"damage":2,"enemies":"Snecko","floor":24,"turns":3},{"damage":15,"enemies":"Centurion and Healer","floor":30,"turns":7},{"damage":9,"enemies":"Sentry and Sphere","floor":31,"turns":5},{"damage":26,"enemies":"Automaton","floor":33,"turns":4}],"seed_played":"6841657868655701984","potions_obtained":[{"floor":2.0,"key":"SkillPotion"},{"floor":4.0,"key":"Dexterity Potion"},{"floor":12.0,"key":"EssenceOfSteel"},{"floor":19,"key":"Fruit Juice"},{"floor":23,"key":"CunningPotion"},{"floor":30,"key":"Dexterity Potion"}],"is_trial":false,"path_per_floor":["M","M","?","M","$","R","E","R","T","?","M","M","?","M","R","B",null,"M","M","?","?","$","E","M","R","T","?","?","R","M","M","R","B"],"character_chosen":"THE_SILENT","items_purchased":["Gambling Chip","Dagger Throw","Orrery"],"campfire_rested":1,"item_purchase_floors":[5,5,22],"current_hp_per_floor":[56,56,56,56,56,56,43,43,43,43,36,31,24,19,19,11,63,49,41,41,41,41,32,30,30,30,30,30,30,15,6,26,0,0],"gold":261,"neow_bonus":"TWO_FIFTY_GOLD","is_daily":false,"chose_seed":false,"campfire_upgraded":5,"win_rate":0.0,"timestamp":1607786998,"path_taken":["M","M","?","M","$","R","E","R","T","?","?","M","?","M","R","BOSS","M","M","?","?","$","E","M","R","T","?","?","R","M","M","R","BOSS"],"items_purchased_type":["Relic","Card","Relic"],"build_version":"2020-11-30","purchased_purges":2,"victory":false,"max_hp_per_floor":[63,63,63,63,63,63,63,63,63,63,63,63,63,63,63,63,63,63,63,63,63,63,68,68,68,68,68,68,68,68,68,68,68,68],"card_choices":[{"not_picked":["Poisoned Stab","Escape Plan"],"picked":"Backstab","floor":1.0},{"not_picked":["Quick Slash","Sucker Punch"],"picked":"Flying Knee","floor":2.0},{"not_picked":["Slice","Flechettes"],"picked":"Deadly Poison","floor":4.0},{"not_picked":["Backflip","Outmaneuver"],"picked":"A Thousand Cuts","floor":7.0},{"not_picked":["Concentrate","PiercingWail"],"picked":"Bouncing Flask","floor":11.0},{"not_picked":["Quick Slash","Bouncing Flask"],"picked":"Acrobatics","floor":12.0},{"not_picked":["Endless Agony","Flying Knee","Outmaneuver"],"picked":"SKIP","floor":14.0},{"not_picked":["Glass Knife","A Thousand Cuts"],"picked":"Tools of the Trade","floor":16.0},{"not_picked":["Heel Hook","Outmaneuver"],"picked":"Choke+1","floor":18.0},{"not_picked":["Deflect","Prepared+1"],"picked":"Riddle With Holes","floor":19},{"not_picked":["Deflect","Blade Dance"],"picked":"Malaise","floor":22},{"not_picked":["Flying Knee","Dagger Throw"],"picked":"Footwork","floor":22},{"not_picked":["Outmaneuver","PiercingWail"],"picked":"Bane+1","floor":22},{"not_picked":["Acrobatics+1","Blade Dance+1","Distraction"],"picked":"SKIP","floor":23},{"not_picked":["Backstab","Slice","Deflect"],"picked":"SKIP","floor":24},{"not_picked":["Backstab","Slice","Deflect"],"picked":"SKIP","floor":24},{"not_picked":["Accuracy","Dagger Spray"],"picked":"Crippling Poison","floor":30},{"not_picked":["Malaise","Leg Sweep"],"picked":"Cloak And Dagger+1","floor":31}],"player_experience":507282,"relics_obtained":[{"floor":7.0,"key":"Orichalcum"},{"floor":23,"key":"Centennial Puzzle"},{"floor":26,"key":"Ice Cream"}],"event_choices":[{"damage_healed":0.0,"max_hp_gain":0.0,"max_hp_loss":0.0,"gold_gain":175.0,"event_name":"betterThird:BetterSerpent","player_choice":"AGREE","floor":3.0,"gold_loss":0.0,"damage_taken":379.0},{"damage_healed":0.0,"max_hp_gain":0.0,"max_hp_loss":0.0,"gold_gain":100.0,"event_name":"Golden Shrine","player_choice":"Pray","floor":10.0,"gold_loss":0.0,"damage_taken":0.0},{"cards_removed":["Strike_G"],"damage_healed":0.0,"max_hp_gain":0.0,"max_hp_loss":0.0,"gold_gain":0.0,"event_name":"Golden Wing","player_choice":"Card Removal","floor":13.0,"gold_loss":0.0,"damage_taken":7.0},{"cards_removed":["Defend_G"],"damage_healed":0,"gold_gain":0,"player_choice":"Elegance","damage_taken":0,"max_hp_gain":0,"max_hp_loss":0,"event_name":"betterThird:BetterWriting","floor":20,"gold_loss":0},{"cards_removed":["Strike_G"],"damage_healed":0,"gold_gain":0,"player_choice":"Gave Gold","damage_taken":0,"max_hp_gain":0,"max_hp_loss":0,"event_name":"Beggar","floor":21,"gold_loss":75},{"damage_healed":0,"gold_gain":0,"player_choice":"Ignored","damage_taken":0,"max_hp_gain":0,"max_hp_loss":0,"event_name":"Vampires","floor":27,"gold_loss":0},{"damage_healed":0,"gold_gain":0,"player_choice":"Traded Relic","damage_taken":0,"relics_obtained":["Nloth\u0027s Gift"],"max_hp_gain":0,"max_hp_loss":0,"event_name":"N\u0027loth","floor":28,"relics_lost":["Snecko Eye"],"gold_loss":0}],"is_beta":false,"boss_relics":[{"not_picked":["Fusion Hammer","Cursed Key"],"picked":"Snecko Eye"}],"items_purged_floors":[5,22],"is_endless":false,"potions_floor_spawned":[2,4,12,19,23,24,30],"killed_by":"Automaton","ascension_level":0}}