{"host":"j4g6ia6asvpyu2b0","time":1607810552,"event":{"mods":["BaseMod","Colored Map","Minty Spire (QoL Compilation)","Permanent Neow","Quick Restart","Relic Stats","StSLib","Unceasing Turn Reminder"],"gold_per_floor":[113,113,131,151,326,326,359,379,379,379,409,409,433,461,461,561,561,574,27,27,45,45,80,95,109,109,109,109],"floor_reached":27,"playtime":2852,"items_purged":[],"score":289,"play_id":"e61c70cc-66e0-48b6-b7a5-305c1b744837","local_time":"20201212150232","is_ascension_mode":true,"campfire_choices":[{"data":"Bouncing Flask","floor":6.0,"key":"SMITH"},{"data":"Poisoned Stab","floor":10.0,"key":"SMITH"},{"data":"Dash","floor":12.0,"key":"SMITH"},{"data":"Footwork","floor":15.0,"key":"SMITH"}],"circlet_count":0,"master_deck":["Strike_G","Strike_G","Strike_G","Strike_G","Strike_G","Defend_G","Defend_G","Defend_G","Defend_G","Defend_G","Survivor","Neutralize","Backflip","Bouncing Flask+1","Poisoned Stab+1","Doubt","Poisoned Stab","Dash+1","Footwork+1","Corpse Explosion","Acrobatics","Caltrops","Dagger Spray","Deadly Poison","Deadly Poison+1","Dagger Throw","Cloak And Dagger"],"relics":["Ring of the Snake","Tingsha","Meat on the Bone","Oddly Smooth Stone","Eternal Feather","Pen Nib","Bag of Preparation","PreservedInsect","Busted Crown","Anchor","White Beast Statue","ClockworkSouvenir","Orichalcum","Ornamental Fan"],"acts_visited":["Exordium","TheCity"],"potions_floor_usage":[25],"damage_taken":[{"damage":2.0,"enemies":"Small Slimes","floor":1.0,"turns":5.0},{"damage":0.0,"enemies":"Cultist","floor":3.0,"turns":3.0},{"damage":0.0,"enemies":"Jaw Worm","floor":4.0,"turns":4.0},{"damage":27.0,"enemies":"3 Sentries","floor":7.0,"turns":8.0},{"damage":8.0,"enemies":"Exordium Wildlife","floor":8.0,"turns":5.0},{"damage":35.0,"enemies":"Gremlin Nob","floor":11.0,"turns":4.0},{"damage":3.0,"enemies":"Lagavulin","floor":14.0,"turns":7.0},{"damage":7,"enemies":"The Guardian","floor":16,"turns":9},{"damage":0,"enemies":"Spheric Guardian","floor":18,"turns":3},{"damage":0,"enemies":"3 Byrds","floor":21,"turns":2},{"damage":30,"enemies":"Gremlin Leader","floor":23,"turns":5},{"damage":0,"enemies":"Centurion and Healer","floor":24,"turns":4},{"damage":0,"enemies":"Snake Plant","floor":25,"turns":3},{"damage":0,"enemies":"Shelled Parasite and Fungi","floor":27,"turns":1}],"seed_played":"7113697096125774462","potions_obtained":[{"floor":1.0,"key":"LiquidBronze"},{"floor":4.0,"key":"BlessingOfTheForge"},{"floor":8.0,"key":"Energy Potion"},{"floor":14.0,"key":"SmokeBomb"},{"floor":21,"key":"SpeedPotion"},{"floor":23,"key":"Swift Potion"},{"floor":25,"key":"BlessingOfTheForge"}],"is_trial":false,"path_per_floor":["M","?","M","M","?","R","E","M","T","R","E","R","T","E","R","B",null,"M","$","?","M","?","E","M","M","T","M"],"character_chosen":"THE_SILENT","items_purchased":["Anchor","White Beast Statue","ClockworkSouvenir"],"campfire_rested":0,"item_purchase_floors":[19,19,19],"current_hp_per_floor":[61,61,61,61,61,61,34,38,38,47,24,33,33,42,51,44,63,63,63,63,63,63,33,33,33,33,33,33],"gold":109,"neow_bonus":"ONE_RARE_RELIC","is_daily":false,"chose_seed":false,"campfire_upgraded":4,"win_rate":0.0,"timestamp":1607810552,"path_taken":["M","?","?","M","?","R","E","M","T","R","E","R","?","E","R","BOSS","M","$","?","M","?","E","M","?","T","M"],"items_purchased_type":["Relic","Relic","Relic"],"build_version":"2020-11-30","purchased_purges":0,"victory":false,"max_hp_per_floor":[63,63,63,63,63,63,63,63,63,63,63,63,63,63,63,63,63,63,63,63,63,63,63,63,63,63,63,63],"relic_stats":{"Busted Crown":10,"counters":[14,63],"Ornamental Fan":[0],"Tingsha":[33],"Eternal Feather":27,"Pen Nib":[4],"PreservedInsect":45,"Bag of Preparation":[16],"Orichalcum":[18],"obtain_stats":[{"Oddly Smooth Stone":7,"Tingsha":0,"Eternal Feather":9,"Pen Nib":11,"PreservedInsect":14,"Bag of Preparation":13,"Orichalcum":23,"White Beast Statue":19,"ClockworkSouvenir":19,"Anchor":19,"Busted Crown":17,"Ornamental Fan":26,"Ring of the Snake":0,"Meat on the Bone":2},{"Oddly Smooth Stone":4,"Tingsha":0,"Eternal Feather":5,"Pen Nib":6,"PreservedInsect":7,"Bag of Preparation":6,"Orichalcum":11,"White Beast Statue":9,"ClockworkSouvenir":9,"Anchor":9,"Busted Crown":8,"Ornamental Fan":13,"Ring of the Snake":0,"Meat on the Bone":1},{"Oddly Smooth Stone":20,"Tingsha":0,"Eternal Feather":25,"Pen Nib":29,"PreservedInsect":36,"Bag of Preparation":29,"Orichalcum":55,"White Beast Statue":48,"ClockworkSouvenir":48,"Anchor":48,"Busted Crown":45,"Ornamental Fan":62,"Ring of the Snake":0,"Meat on the Bone":5}],"Ring of the Snake":[28],"Meat on the Bone":36},"card_choices":[{"not_picked":["Distraction","Prepared"],"picked":"Backflip","floor":1.0},{"not_picked":["Finisher","Slice"],"picked":"Bouncing Flask","floor":3.0},{"not_picked":["Flechettes","Expertise"],"picked":"Poisoned Stab","floor":4.0},{"not_picked":["Terror","Setup"],"picked":"Poisoned Stab","floor":7.0},{"not_picked":["Slice","Reflex","Underhanded Strike"],"picked":"SKIP","floor":8.0},{"not_picked":["Well Laid Plans","Concentrate"],"picked":"Dash","floor":11.0},{"not_picked":["Blade Dance","Acrobatics"],"picked":"Footwork","floor":14.0},{"not_picked":["Grand Finale","Adrenaline"],"picked":"Corpse Explosion","floor":16},{"not_picked":[],"picked":"Acrobatics","floor":18},{"not_picked":[],"picked":"Dagger Spray","floor":21},{"not_picked":[],"picked":"Deadly Poison+1","floor":23},{"not_picked":[],"picked":"Dagger Throw","floor":24},{"not_picked":[],"picked":"Cloak And Dagger","floor":25}],"player_experience":622719,"relics_obtained":[{"floor":7.0,"key":"Oddly Smooth Stone"},{"floor":9.0,"key":"Eternal Feather"},{"floor":11.0,"key":"Pen Nib"},{"floor":13.0,"key":"Bag of Preparation"},{"floor":14.0,"key":"PreservedInsect"},{"floor":23,"key":"Orichalcum"},{"floor":26,"key":"Ornamental Fan"}],"event_choices":[{"damage_healed":0.0,"max_hp_gain":0.0,"max_hp_loss":0.0,"gold_gain":0.0,"event_name":"WeMeetAgain","player_choice":"Gave Potion","floor":2.0,"gold_loss":0.0,"damage_taken":0.0,"relics_obtained":["Meat on the Bone"]},{"damage_healed":0.0,"max_hp_gain":0.0,"max_hp_loss":0.0,"gold_gain":175.0,"event_name":"Liars Game","player_choice":"AGREE","floor":5.0,"gold_loss":0.0,"damage_taken":0.0,"cards_obtained":["Doubt"]},{"damage_healed":0,"gold_gain":0,"player_choice":"Read","damage_taken":0,"max_hp_gain":0,"max_hp_loss":0,"event_name":"The Library","floor":20,"gold_loss":0,"cards_obtained":["Caltrops"]},{"damage_healed":0,"gold_gain":0,"player_choice":"1 cards matched","damage_taken":0,"max_hp_gain":0,"max_hp_loss":0,"event_name":"Match and Keep!","floor":22,"gold_loss":0,"cards_obtained":["Deadly Poison"]}],"is_beta":false,"boss_relics":[{"not_picked":["Tiny House","Ectoplasm"],"picked":"Busted Crown"}],"items_purged_floors":[],"is_endless":false,"potions_floor_spawned":[1,4,8,14,21,23,24,25],"killed_by":"Shelled Parasite and Fungi","ascension_level":3}}