{"host":"3c27c697js19kaoo","time":1607783515,"event":{"mods":["BaseMod","Dota2Spire","Minty Spire (QoL Compilation)","Quick Restart","Remilia£®¿Ÿ√◊¿Ú—«£©","Replay The Spire","StSLib","The Cursed","The Gatherer","The Servant 0.9.4","°æ“≈ŒÔø®≈∆°øREMEMod"],"gold_per_floor":[410,410,423,100,28,28,38,38,38,64,64,74,90,106,106,204,204,219,236,161,173,113,113,146,146,228,258,258,286,299,109,109,214,214,233,455,507,557,357,390,440,440,440,440,440,459,459,489,489,489],"floor_reached":51,"playtime":2192,"items_purged":["Amnesia"],"score":1029,"play_id":"98a162bd-5c7f-4673-a494-a272f4bf0215","local_time":"20201212223155","is_ascension_mode":true,"campfire_choices":[{"data":"BestPractice","floor":6,"key":"SMITH"},{"data":"Advance","floor":8,"key":"SMITH"},{"data":"ForecastOfChange","floor":11,"key":"SMITH"},{"data":"BestPractice","floor":15,"key":"SMITH"},{"floor":23,"key":"REST"},{"floor":25,"key":"REST"},{"floor":32,"key":"REST"},{"data":"FlawlessForm","floor":42,"key":"SMITH"},{"data":"Spin","floor":45,"key":"SMITH"},{"data":"InstantArmor","floor":47,"key":"SMITH"},{"data":"KidneyShot","floor":49,"key":"SMITH"}],"circlet_count":0,"master_deck":["Strike_S","Strike_S","Strike_S","Strike_S","Defend_S","Defend_S","Defend_S","KidneyShot+1","Exchange","ForecastOfChange+1","Advance+1","BestPractice+1","BestPractice+1","FlawlessForm+1","InstantArmor+1","RealityMarble","GearUp+1","Spin+1","Moondial+1","CurseOfTheBell","Crow Ritual+1"],"relics":["Uniform","REME_ComplimentaryCards","Old Coin","FaceOfCleric","Membership Card","Dota2Spire:OrchidMalevolence","Dota2Spire:PowerTreads","Toy Ornithopter","Regal Pillow","Philosopher\u0027s Stone","Red Mask","Onion Ring","Toxic Egg 2","Enchiridion","Bag of Preparation","Replay:Baseball","OrangePellets","Calling Bell","Dota2Spire:Desolator","PocketWatch","Ancient Tea Set","Ice Cream","Thread and Needle","Dota2Spire:BattleFury","Juzu Bracelet","Golden Egg","Dota2Spire:EtherealBlade","White Beast Statue","Blood Vial"],"acts_visited":["Exordium","TheCity","TheBeyond"],"potions_floor_usage":[7,10,16,21,27,27,40],"damage_taken":[{"damage":0,"enemies":"Small Slimes","floor":1,"turns":3},{"damage":2,"enemies":"Cultist","floor":3,"turns":4},{"damage":3,"enemies":"2 Louse","floor":7,"turns":2},{"damage":8,"enemies":"Gremlin Nob","floor":10,"turns":3},{"damage":0,"enemies":"2 Fungi Beasts","floor":12,"turns":3},{"damage":1,"enemies":"Looter","floor":13,"turns":3},{"damage":0,"enemies":"Large Slime","floor":14,"turns":3},{"damage":41,"enemies":"Hexaghost","floor":16,"turns":12},{"damage":37,"enemies":"3 Byrds","floor":18,"turns":7},{"damage":0,"enemies":"Chosen","floor":19,"turns":3},{"damage":21,"enemies":"Snake Plant","floor":21,"turns":4},{"damage":26,"enemies":"Masked Bandits","floor":24,"turns":5},{"damage":10,"enemies":"Gremlin Leader","floor":27,"turns":5},{"damage":23,"enemies":"Book of Stabbing","floor":29,"turns":6},{"damage":0,"enemies":"Shelled Parasite and Fungi","floor":30,"turns":3},{"damage":11,"enemies":"Collector","floor":33,"turns":5},{"damage":3,"enemies":"3 Darklings","floor":35,"turns":2},{"damage":0,"enemies":"2 Orb Walkers","floor":37,"turns":3},{"damage":0,"enemies":"Mind Bloom Boss Battle","floor":38,"turns":5},{"damage":0,"enemies":"R_Hoarder","floor":40,"turns":5},{"damage":0,"enemies":"Orb Walker","floor":46,"turns":1},{"damage":0,"enemies":"Nemesis","floor":48,"turns":3},{"damage":106,"enemies":"Awakened One","floor":50,"turns":9}],"seed_played":"-4618739196454941808","potions_obtained":[{"floor":1,"key":"SteroidPotion"},{"floor":7,"key":"SkillPotion"},{"floor":12,"key":"Dota2Spire:Clarity"},{"floor":14,"key":"Flashbang"},{"floor":16,"key":"EssenceOfSteel"},{"floor":18,"key":"Fire Potion"},{"floor":24,"key":"LiquidMemories"},{"floor":30,"key":"SpeedPotion"},{"floor":38,"key":"Energy Potion"},{"floor":40,"key":"Block Potion"},{"floor":41,"key":"FairyPotion"}],"is_trial":false,"path_per_floor":["M","?","M","$","$","R","M","R","T","E","R","M","M","M","R","B",null,"M","M","?","M","?","R","?","R","T","E","?","E","M","$","R","B",null,"M","?","?","?","$","E","?","R","T","?","R","M","R","E","R","B",null],"character_chosen":"THE_SERVANT","items_purchased":["Membership Card","Dota2Spire:OrchidMalevolence","BestPractice","Dota2Spire:PowerTreads","Moondial+1","Replay:Baseball","OrangePellets","Dota2Spire:BattleFury","Juzu Bracelet"],"campfire_rested":3,"item_purchase_floors":[4,4,4,5,31,31,31,39,39],"current_hp_per_floor":[65,65,64,64,64,64,62,62,62,60,60,61,61,69,69,31,72,36,37,37,22,22,59,34,71,71,67,51,29,30,30,68,58,80,78,78,79,80,80,84,84,84,84,84,84,85,85,86,86,9],"gold":489,"neow_bonus":"ONE_RARE_RELIC","is_daily":false,"chose_seed":false,"campfire_upgraded":8,"win_rate":0.0,"timestamp":1607783515,"path_taken":["M","?","?","?","$","R","M","R","T","E","R","M","M","?","R","BOSS","M","M","?","M","?","R","?","R","T","E","?","E","M","$","R","BOSS","M","?","?","?","?","E","?","R","T","?","R","M","R","E","R","BOSS"],"items_purchased_type":["Relic","Relic","Card","Relic","Card","Relic","Relic","Relic","Relic"],"build_version":"2020-11-30","purchased_purges":1,"victory":true,"max_hp_per_floor":[65,65,66,66,66,66,67,67,67,68,68,69,70,71,71,72,72,73,74,74,75,75,75,76,76,76,77,77,78,79,79,79,80,80,81,81,82,83,83,84,84,84,84,84,84,85,85,86,86,87],"card_choices":[{"not_picked":["BottledTime","WasteNot"],"picked":"Advance","floor":1},{"not_picked":["Spin","Alleviate","Gouge"],"picked":"SKIP","floor":3},{"not_picked":["Shuttle","DoubleEdge","BottledTime"],"picked":"SKIP","floor":7},{"not_picked":["Unruled","Rearm","Starlight"],"picked":"SKIP","floor":10},{"not_picked":["ShiftingGears","Spin"],"picked":"BestPractice","floor":12},{"not_picked":["Unruled","BestPractice","DoubleEdge"],"picked":"SKIP","floor":13},{"not_picked":["Unruled","Solidify","Defy"],"picked":"SKIP","floor":14},{"not_picked":["MurderousAura","Deny"],"picked":"FlawlessForm","floor":16},{"not_picked":["FastForward+1","Defy","TimeWarp"],"picked":"SKIP","floor":18},{"not_picked":["Replace","DoubleEdge+1"],"picked":"InstantArmor","floor":19},{"not_picked":["SilverBlades","Rewind+1"],"picked":"RealityMarble","floor":21},{"not_picked":["DoubleEdge","Snipe","Gouge+1"],"picked":"SKIP","floor":27},{"not_picked":["Spin+1","TimeWarp"],"picked":"GearUp+1","floor":29},{"not_picked":["Sunlight","DoubleEdge"],"picked":"Spin","floor":30},{"not_picked":["Ricochet","Rearm+1","Read+1"],"picked":"SKIP","floor":35},{"not_picked":["Sabotage+1","Potential","Spin"],"picked":"SKIP","floor":40},{"not_picked":["Survey Options+1","PanicButton+1"],"picked":"Crow Ritual","floor":44},{"not_picked":["DoubleEdge+1","Starlight+1","Desolation+1"],"picked":"SKIP","floor":46},{"not_picked":["DoubleEdge+1","Embodiment","ShatteredReality"],"picked":"SKIP","floor":48}],"player_experience":108626,"relics_obtained":[{"floor":9,"key":"Toy Ornithopter"},{"floor":10,"key":"Regal Pillow"},{"floor":24,"key":"Red Mask"},{"floor":26,"key":"Onion Ring"},{"floor":27,"key":"Toxic Egg 2"},{"floor":28,"key":"Enchiridion"},{"floor":29,"key":"Bag of Preparation"},{"floor":34,"key":"Dota2Spire:Desolator"},{"floor":34,"key":"PocketWatch"},{"floor":34,"key":"Ancient Tea Set"},{"floor":37,"key":"Ice Cream"},{"floor":38,"key":"Thread and Needle"},{"floor":40,"key":"Golden Egg"},{"floor":41,"key":"Dota2Spire:EtherealBlade"},{"floor":43,"key":"White Beast Statue"},{"floor":48,"key":"Blood Vial"}],"event_choices":[{"damage_healed":0,"gold_gain":0,"player_choice":"Trade","damage_taken":0,"relics_obtained":["FaceOfCleric"],"max_hp_gain":0,"max_hp_loss":0,"event_name":"FaceTrader","floor":2,"gold_loss":0},{"cards_removed":["Defend_S"],"damage_healed":0,"gold_gain":0,"player_choice":"Gave Gold","damage_taken":0,"max_hp_gain":0,"max_hp_loss":0,"event_name":"Beggar","floor":20,"gold_loss":75},{"damage_healed":0,"gold_gain":0,"player_choice":"Fought Bandits","damage_taken":0,"max_hp_gain":0,"max_hp_loss":0,"event_name":"Masked Bandits","floor":24,"gold_loss":0},{"damage_healed":0,"gold_gain":0,"player_choice":"Obtained Book","damage_taken":16,"max_hp_gain":0,"max_hp_loss":0,"event_name":"Cursed Tome","floor":28,"gold_loss":0},{"damage_healed":0,"gold_gain":222,"player_choice":"Wore Mask","damage_taken":0,"max_hp_gain":0,"max_hp_loss":0,"event_name":"Tomb of Lord Red Mask","floor":36,"gold_loss":0},{"damage_healed":0,"gold_gain":0,"player_choice":"Fight","damage_taken":0,"max_hp_gain":0,"max_hp_loss":0,"event_name":"Mysterious Sphere","floor":37,"gold_loss":0},{"damage_healed":0,"gold_gain":0,"player_choice":"Fight","damage_taken":0,"max_hp_gain":0,"max_hp_loss":0,"event_name":"MindBloom","floor":38,"gold_loss":0},{"damage_healed":0,"gold_gain":0,"player_choice":"Memory 1","damage_taken":0,"max_hp_gain":0,"max_hp_loss":0,"event_name":"SensoryStone","floor":44,"gold_loss":0}],"is_beta":false,"boss_relics":[{"not_picked":["Empty Cage","Replay:Bronze Core"],"picked":"Philosopher\u0027s Stone"},{"not_picked":["MysterySword","Black Star"],"picked":"Calling Bell"}],"items_purged_floors":[4],"is_endless":false,"potions_floor_spawned":[1,7,12,14,16,18,24,30,38,40,46,48],"ascension_level":3}}