{"host":"vtuvba5dsdtnnx8i","time":1607768786,"event":{"mods":["2.2 Compatiblity","AchievementEnabler","Act Like it!","BaseMod","BetterRewards","Block Reminder","CapriCore","Chen","Colored Powertips","Custom Start","DeckTracker","Gensokyo","Hermit","Infinite Spire","Koishi","KomeijiMod","Marisa£¨Ùöéë¡¡Øª×âÞÞ£©","Minty Spire (QoL Compilation)","Onozuka Komachi Mod","Pale of the Ancients","Practice Mode","Quick Restart","Random Character Mod","Reimu£¨ÚÏ???£©","Replay The Spire","Shop Mod","StSLib","The Administrix","The Immortal","The Poker Player","Unknown Chances","Youmu£¨ûëÛÞèí?£©","Yuyuko"],"gold_per_floor":[116,116,41,41,61,93,93,106,106,106,119,136,156,185,185,288,288,308,308,320,320,320,320,345,355,426,452,452,452,452,452],"floor_reached":30,"playtime":1834,"items_purged":["Strike_YM","DispleasureOfTheSevenHakus"],"score":400,"play_id":"c9274bd0-0450-471d-9831-90559556a52f","local_time":"20201212192626","is_ascension_mode":true,"campfire_choices":[{"data":"BizarrenessOfSixRealms","floor":7,"key":"SMITH"},{"floor":15,"key":"RECALL"},{"data":"VoidnessSword","floor":23,"key":"SMITH"}],"circlet_count":0,"master_deck":["Strike_YM+1","Strike_YM+1","Defend_YM+1","Defend_YM+1","Defend_YM+1","SlashOfPresentWorld+1","WheelOfPainOfLivingAndDead","PhosphoricSlash+1","BizarrenessOfSixRealms+1","ObsessionWithThePresentWorld","SuddenPhantomFormationSlashOfKarmicWind","VoidnessSword+1","infinitespire:Collect","Writhe","TurningAngelCut","infinitespire:FutureSight+1"],"relics":["HalfPhantom","NeowsBlessing","Quantum Egg","InkBottle","Busted Crown","ReplayTheSpireMod:DimensionalGlitch","Replay:Bottled Eggs","Matryoshka","ReplayTheSpireMod:TigerMarble","Gensokyo:FoxMask"],"acts_visited":["Exordium","Gensokyo:Gensokyoer"],"potions_floor_usage":[14,14,16,16,24,24,27,27],"damage_taken":[{"damage":0,"enemies":"2 Louse","floor":1,"turns":1},{"damage":0,"enemies":"Small Slimes","floor":5,"turns":1},{"damage":0,"enemies":"Lagavulin","floor":6,"turns":1},{"damage":0,"enemies":"Cultist","floor":8,"turns":3},{"damage":0,"enemies":"Looter","floor":11,"turns":3},{"damage":0,"enemies":"Red Slaver","floor":12,"turns":5},{"damage":0,"enemies":"2 Fungi Beasts","floor":13,"turns":4},{"damage":0,"enemies":"Gremlin Nob","floor":14,"turns":3},{"damage":34,"enemies":"Slime Boss","floor":16,"turns":28},{"damage":7,"enemies":"Gensokyo:2_Gloops","floor":18,"turns":7},{"damage":6,"enemies":"Gensokyo:CosmicMonolith","floor":20,"turns":5},{"damage":15,"enemies":"Gensokyo:Tenshi","floor":24,"turns":4},{"damage":0,"enemies":"Gensokyo:Slime_Group","floor":25,"turns":4},{"damage":30,"enemies":"Gensokyo:Reisen","floor":27,"turns":7},{"damage":22,"enemies":"Gensokyo:Mirror_and_Dog","floor":30,"turns":3}],"seed_played":"-7462768480998437946","potions_obtained":[{"floor":5,"key":"BlessingOfTheForge"},{"floor":11,"key":"PowerPotion"},{"floor":13,"key":"AttackPotion"},{"floor":14,"key":"LiquidMemories"},{"floor":16,"key":"DuplicationPotion"},{"floor":18,"key":"Weak Potion"},{"floor":20,"key":"Fire Potion"},{"floor":24,"key":"LifebloodPotion"}],"is_trial":false,"path_per_floor":["M","?","$","?","M","E","R","M","T","?","M","M","M","E","R","B",null,"M","?","M","AVR","?","R","E","M","T","E","?","?","M"],"character_chosen":"YOUMU","items_purchased":[],"campfire_rested":0,"item_purchase_floors":[],"current_hp_per_floor":[75,60,60,60,60,60,60,60,60,60,60,60,60,60,60,26,75,68,68,62,62,62,62,47,47,47,17,17,17,0,0],"gold":452,"neow_bonus":"THREE_ENEMY_KILL","is_daily":false,"chose_seed":false,"campfire_upgraded":2,"win_rate":0.0,"timestamp":1607768786,"path_taken":["M","?","$","?","M","E","R","?","T","?","M","M","?","E","R","BOSS","M","?","M","AVR","?","R","E","M","T","E","?","?","?"],"items_purchased_type":[],"build_version":"2020-11-30","purchased_purges":2,"victory":false,"max_hp_per_floor":[75,75,75,75,75,75,75,75,75,75,75,75,75,75,75,75,75,75,75,75,75,75,75,75,75,75,75,75,75,75,75],"card_choices":[{"not_picked":["ConstancyOfTheConventionalTruth","SwordOfBindingDesires"],"picked":"PhosphoricSlash","floor":1},{"not_picked":["FlashingScatteredFlowers","LifeCuttingSword"],"picked":"DispleasureOfTheSevenHakus","floor":5},{"not_picked":["HeavenlyHaloSlash","FiveSignsOfTheDyingDeva"],"picked":"BizarrenessOfSixRealms","floor":6},{"not_picked":["HumanRealmSword","SpiritMediumsBind","HumanKnowledgeSword"],"picked":"SKIP","floor":8},{"not_picked":["TurningAngelCut","PretaSword","LifeCuttingSword"],"picked":"SKIP","floor":11},{"not_picked":["DispleasureOfTheSevenHakus","HiganSword"],"picked":"ObsessionWithThePresentWorld","floor":12},{"not_picked":["AsTheSilentNirvana","CherryBlossomFlashing"],"picked":"SuddenPhantomFormationSlashOfKarmicWind","floor":13},{"not_picked":["TwoHundredYojanaInOneSlash","DispleasureOfTheSevenHakus","FlashingScatteredFlowers"],"picked":"SKIP","floor":14},{"not_picked":["AsuraSword","FastingOfTheYoungPreta"],"picked":"VoidnessSword","floor":16},{"not_picked":["ThreeKonsSevenHakus"],"picked":"SKIP","floor":18},{"not_picked":["KarmicPunishmentOfTheIdleAndUnfocused"],"picked":"SKIP","floor":20},{"not_picked":["HeartExcerptSlash"],"picked":"SKIP","floor":24},{"not_picked":["SanzenSekai"],"picked":"SKIP","floor":25},{"not_picked":[],"picked":"TurningAngelCut","floor":27}],"player_experience":229552,"relics_obtained":[{"floor":6,"key":"Quantum Egg"},{"floor":14,"key":"InkBottle"},{"floor":24,"key":"Replay:Bottled Eggs"},{"floor":26,"key":"Matryoshka"},{"floor":27,"key":"ReplayTheSpireMod:TigerMarble"}],"event_choices":[{"damage_healed":0,"gold_gain":0,"player_choice":"Entered Light","damage_taken":15,"max_hp_gain":0,"max_hp_loss":0,"event_name":"Shining Light","floor":2,"gold_loss":0,"cards_upgraded":["SlashOfPresentWorld","Strike_YM"]},{"cards_removed":["Defend_YM"],"damage_healed":0,"gold_gain":0,"player_choice":"Purged","damage_taken":0,"max_hp_gain":0,"max_hp_loss":0,"event_name":"Purifier","floor":4,"gold_loss":0},{"damage_healed":0,"gold_gain":0,"player_choice":"Trade","damage_taken":0,"relics_obtained":["CultistMask"],"max_hp_gain":0,"max_hp_loss":0,"event_name":"FaceTrader","floor":10,"gold_loss":0}],"is_beta":false,"boss_relics":[{"not_picked":["Calling Bell","Cursed Key"],"picked":"Busted Crown"}],"items_purged_floors":[3,21],"is_endless":false,"potions_floor_spawned":[5,11,13,14,16,18,20,24],"killed_by":"Gensokyo:Mirror_and_Dog","ascension_level":3}}