{"host":"wrp3mzqnpgxvyzn2","time":1607766208,"event":{"mods":["BaseMod","Minty Spire (QoL Compilation)"],"gold_per_floor":[115,131,131,111,111,136,136,149,149,149,168,168,168,233,233,363,426,450,450,154,154,188,188,188,188,188,202,220,238,238,254,254,254,254],"floor_reached":33,"playtime":2234,"items_purged":[],"score":318,"play_id":"9066a148-2f62-4e29-8432-b87355ed1a02","local_time":"20201212044328","is_ascension_mode":false,"campfire_choices":[{"floor":7,"key":"REST"},{"floor":10,"key":"REST"},{"data":"TalkToTheHand","floor":13,"key":"SMITH"},{"data":"CrushJoints","floor":15,"key":"SMITH"},{"floor":23,"key":"REST"},{"data":"Ragnarok","floor":25,"key":"SMITH"},{"floor":30,"key":"REST"},{"data":"Prostrate","floor":32,"key":"SMITH"}],"circlet_count":0,"master_deck":["Strike_P","Strike_P","Strike_P","Strike_P","Defend_P+1","Defend_P","Defend_P","Defend_P+1","Eruption","Vigilance+1","Study","Prostrate+1","TalkToTheHand+1","WindmillStrike","Prostrate+1","CrushJoints+1","Injury","Ragnarok+1","Devotion+1","Consecrate","Wireheading","RitualDagger","Devotion+1","Wallop","Weave+1"],"relics":["PureWater","Blue Candle","HornCleat","InkBottle","Golden Idol","Omamori","Tiny House","DollysMirror","War Paint","Red Mask","Singing Bowl"],"acts_visited":["Exordium","TheCity"],"potions_floor_usage":[14,14,22,29,31,33],"damage_taken":[{"damage":3,"enemies":"Jaw Worm","floor":1,"turns":3},{"damage":2,"enemies":"2 Louse","floor":2,"turns":3},{"damage":37,"enemies":"3 Sentries","floor":6,"turns":18},{"damage":0,"enemies":"Small Slimes","floor":8,"turns":3},{"damage":0,"enemies":"Looter","floor":11,"turns":4},{"damage":1,"enemies":"Lagavulin Event","floor":14,"turns":5},{"damage":0,"enemies":"Hexaghost","floor":16,"turns":9},{"damage":0,"enemies":"Shell Parasite","floor":18,"turns":3},{"damage":62,"enemies":"Masked Bandits","floor":22,"turns":6},{"damage":4,"enemies":"3 Byrds","floor":27,"turns":6},{"damage":0,"enemies":"Snecko","floor":28,"turns":5},{"damage":0,"enemies":"3 Cultists","floor":29,"turns":5},{"damage":12,"enemies":"Cultist and Chosen","floor":31,"turns":5},{"damage":47,"enemies":"Collector","floor":33,"turns":6}],"seed_played":"-2383739137247458146","potions_obtained":[{"floor":2,"key":"Ancient Potion"},{"floor":8,"key":"ColorlessPotion"},{"floor":16,"key":"SneckoOil"},{"floor":17,"key":"Energy Potion"},{"floor":22,"key":"Dexterity Potion"},{"floor":27,"key":"Block Potion"},{"floor":28,"key":"BottledMiracle"}],"is_trial":false,"path_per_floor":["M","M","?","?","?","E","R","M","T","R","M","?","R","?","R","B",null,"M","?","$","?","?","R","?","R","T","M","M","M","R","M","R","B"],"character_chosen":"WATCHER","items_purchased":["DollysMirror","War Paint"],"campfire_rested":4,"item_purchase_floors":[20,20],"current_hp_per_floor":[69,67,55,55,41,4,25,25,25,46,46,46,46,45,45,45,77,77,71,71,71,9,32,32,32,32,30,32,32,56,46,46,0,0],"gold":254,"neow_bonus":"THREE_CARDS","is_daily":false,"chose_seed":false,"campfire_upgraded":4,"win_rate":0.0,"timestamp":1607766208,"path_taken":["M","M","?","?","?","E","R","M","T","R","M","?","R","?","R","BOSS","M","?","$","?","?","R","?","R","T","?","?","M","R","M","R","BOSS"],"items_purchased_type":["Relic","Relic"],"build_version":"2020-11-30","purchased_purges":0,"victory":false,"max_hp_per_floor":[72,72,72,72,72,72,72,72,72,72,72,72,72,72,72,72,77,77,77,77,77,77,77,77,77,77,79,81,81,81,83,83,83,83],"card_choices":[{"not_picked":["JustLucky","FlyingSleeves"],"picked":"Study","floor":0},{"not_picked":["ThirdEye","BowlingBash"],"picked":"Prostrate","floor":1},{"not_picked":["Study","EmptyFist"],"picked":"TalkToTheHand","floor":2},{"not_picked":["CarveReality","ClearTheMind"],"picked":"WindmillStrike","floor":6},{"not_picked":["BowlingBash","EmptyFist"],"picked":"Prostrate","floor":8},{"not_picked":["WaveOfTheHand","CutThroughFate"],"picked":"CrushJoints","floor":11},{"not_picked":["EmptyFist","Evaluate"],"picked":"Ragnarok","floor":14},{"not_picked":["ConjureBlade","Omniscience"],"picked":"Devotion","floor":16},{"not_picked":["Prostrate","FlyingSleeves"],"picked":"Consecrate","floor":17},{"not_picked":["MentalFortress+1","Tantrum"],"picked":"Wireheading","floor":18},{"not_picked":["ThirdEye","Sanctity","Collect"],"picked":"Singing Bowl","floor":27},{"not_picked":["CrushJoints","EmptyMind","BowlingBash"],"picked":"Singing Bowl","floor":28},{"not_picked":["CrushJoints","JustLucky"],"picked":"Weave+1","floor":29},{"not_picked":["Meditate+1","FearNoEvil","SpiritShield"],"picked":"Singing Bowl","floor":31}],"player_experience":136554,"relics_obtained":[{"floor":6,"key":"HornCleat"},{"floor":9,"key":"InkBottle"},{"floor":14,"key":"Omamori"},{"floor":22,"key":"Red Mask"},{"floor":26,"key":"Singing Bowl"}],"event_choices":[{"damage_healed":0,"gold_gain":0,"player_choice":"Success","damage_taken":12,"relics_obtained":["Blue Candle"],"max_hp_gain":0,"max_hp_loss":0,"event_name":"Scrap Ooze","floor":3,"gold_loss":0},{"damage_healed":0,"gold_gain":0,"player_choice":"Left Gold","damage_taken":0,"max_hp_gain":0,"max_hp_loss":0,"event_name":"World of Goop","floor":4,"gold_loss":20},{"damage_healed":0,"gold_gain":0,"player_choice":"Entered Light","damage_taken":14,"max_hp_gain":0,"max_hp_loss":0,"event_name":"Shining Light","floor":5,"gold_loss":0,"cards_upgraded":["Defend_P","Defend_P"]},{"damage_healed":0,"gold_gain":0,"player_choice":"Take Wound","damage_taken":0,"relics_obtained":["Golden Idol"],"max_hp_gain":0,"max_hp_loss":0,"event_name":"Golden Idol","floor":12,"gold_loss":0,"cards_obtained":["Injury"]},{"damage_healed":0,"gold_gain":30,"player_choice":"Searched \u00273\u0027 times","damage_taken":0,"max_hp_gain":0,"max_hp_loss":0,"event_name":"Dead Adventurer","floor":14,"gold_loss":0},{"damage_healed":0,"gold_gain":0,"player_choice":"Joined the Cult","damage_taken":6,"max_hp_gain":0,"max_hp_loss":0,"event_name":"Nest","floor":19,"gold_loss":0,"cards_obtained":["RitualDagger"]},{"damage_healed":0,"gold_gain":0,"player_choice":"Read","damage_taken":0,"max_hp_gain":0,"max_hp_loss":0,"event_name":"The Library","floor":21,"gold_loss":0,"cards_obtained":["Wallop"]},{"damage_healed":0,"gold_gain":0,"player_choice":"Fought Bandits","damage_taken":0,"max_hp_gain":0,"max_hp_loss":0,"event_name":"Masked Bandits","floor":22,"gold_loss":0},{"damage_healed":0,"gold_gain":0,"player_choice":"Ignored","damage_taken":0,"max_hp_gain":0,"max_hp_loss":0,"event_name":"NoteForYourself","floor":24,"gold_loss":0}],"is_beta":false,"boss_relics":[{"not_picked":["Busted Crown","Fusion Hammer"],"picked":"Tiny House"}],"items_purged_floors":[],"is_endless":false,"potions_floor_spawned":[2,8,16,22,27,28],"killed_by":"Collector","ascension_level":0}}