{"host":"j4g6ia6asvpyu2b0","time":1607807674,"event":{"mods":["BaseMod","Colored Map","Minty Spire (QoL Compilation)","Permanent Neow","Quick Restart","Relic Stats","StSLib","Unceasing Turn Reminder"],"gold_per_floor":[115,142,153,113,126,155,155,186,186,221,240,240,259,259,259,387,387,401,72,72,92,105,105,105,105],"floor_reached":24,"playtime":647,"items_purged":[],"score":279,"play_id":"b470403d-6a19-4bc6-9723-2559ab58f4c6","local_time":"20201212141434","is_ascension_mode":true,"campfire_choices":[{"data":"Sunder","floor":7,"key":"SMITH"},{"data":"Undo","floor":12,"key":"SMITH"},{"floor":15,"key":"RECALL"},{"data":"Glacier","floor":23,"key":"SMITH"}],"circlet_count":0,"master_deck":["Strike_B","Strike_B","Strike_B","Strike_B","Defend_B","Defend_B","Defend_B","Defend_B","Zap","Dualcast","Sunder+1","Sweeping Beam","Ball Lightning","Self Repair","Undo+1","Coolheaded","Ball Lightning","Echo Form","Loop+1","Storm","Rainbow","Glacier+1"],"relics":["Snecko Eye","Tiny Chest","FossilizedHelix","Akabeko","Golden Idol","Philosopher\u0027s Stone","Cables","Nloth\u0027s Gift"],"acts_visited":["Exordium","TheCity"],"potions_floor_usage":[6],"damage_taken":[{"damage":1.0,"enemies":"Cultist","floor":1.0,"turns":4.0},{"damage":6.0,"enemies":"2 Louse","floor":3.0,"turns":2.0},{"damage":0.0,"enemies":"Small Slimes","floor":5.0,"turns":2.0},{"damage":0,"enemies":"3 Sentries","floor":6,"turns":4},{"damage":14,"enemies":"Gremlin Nob","floor":8,"turns":3},{"damage":0,"enemies":"Lagavulin","floor":10,"turns":4},{"damage":0,"enemies":"Exordium Wildlife","floor":11,"turns":3},{"damage":0,"enemies":"Gremlin Gang","floor":13,"turns":3},{"damage":3,"enemies":"Slime Boss","floor":16,"turns":8},{"damage":0,"enemies":"Spheric Guardian","floor":18,"turns":3},{"damage":0,"enemies":"Shell Parasite","floor":21,"turns":3},{"damage":6,"enemies":"Centurion and Healer","floor":22,"turns":3},{"damage":0,"enemies":"Gremlin Leader","floor":24,"turns":4}],"seed_played":"-228947563304866636","potions_obtained":[{"floor":3.0,"key":"ColorlessPotion"},{"floor":4.0,"key":"EntropicBrew"},{"floor":4.0,"key":"Swift Potion"},{"floor":6,"key":"FocusPotion"}],"is_trial":false,"path_per_floor":["M","T","M","?","M","E","R","E","T","E","M","R","M","?","R","B",null,"M","$","?","M","M","R","E"],"character_chosen":"DEFECT","items_purchased":["Cables","Storm"],"campfire_rested":0,"item_purchase_floors":[19,19],"current_hp_per_floor":[74,74,68,68,68,68,68,54,54,61,68,68,75,57,57,61,75,75,75,75,75,75,75,75,75],"gold":105,"neow_bonus":"BOSS_RELIC","is_daily":false,"chose_seed":false,"campfire_upgraded":3,"win_rate":0.0,"timestamp":1607807674,"path_taken":["M","?","M","?","?","E","R","E","T","E","M","R","M","?","R","BOSS","M","$","?","?","M","R","E"],"items_purchased_type":["Relic","Card"],"build_version":"2020-11-30","purchased_purges":0,"victory":false,"max_hp_per_floor":[75,75,75,75,75,75,75,75,75,75,75,75,75,75,75,75,75,75,75,75,75,75,75,75,75],"relic_stats":{"counters":[13,46],"Golden Idol":36,"Snecko Eye":[78,80,86,84],"Tiny Chest":0,"Nloth\u0027s Gift":1,"obtain_stats":[{"Golden Idol":14,"Snecko Eye":0,"Tiny Chest":8,"Philosopher\u0027s Stone":17,"Nloth\u0027s Gift":20,"Cracked Core":0,"FossilizedHelix":9,"Akabeko":10,"Meat on the Bone":6,"Cables":19},{"Golden Idol":8,"Snecko Eye":0,"Tiny Chest":5,"Philosopher\u0027s Stone":9,"Nloth\u0027s Gift":10,"Cracked Core":0,"FossilizedHelix":5,"Akabeko":6,"Meat on the Bone":4,"Cables":10},{"Golden Idol":25,"Snecko Eye":0,"Tiny Chest":15,"Philosopher\u0027s Stone":33,"Nloth\u0027s Gift":36,"Cracked Core":0,"FossilizedHelix":15,"Akabeko":19,"Meat on the Bone":12,"Cables":36}],"Cables":[7,4,2,1,0]},"card_choices":[{"not_picked":["Hologram","Undo"],"picked":"Sunder","floor":1.0},{"not_picked":["Rebound","Leap","Reprogram"],"picked":"SKIP","floor":3.0},{"not_picked":["Gash","Hello World"],"picked":"Sweeping Beam","floor":5},{"not_picked":["Compile Driver","Chaos"],"picked":"Ball Lightning","floor":6},{"not_picked":["Gash","Coolheaded"],"picked":"Self Repair","floor":8},{"not_picked":["Seek","Stack"],"picked":"Undo","floor":10},{"not_picked":["Go for the Eyes","Rebound"],"picked":"Coolheaded","floor":11},{"not_picked":["Cold Snap","Rebound"],"picked":"Ball Lightning","floor":13},{"not_picked":["Rainbow","Creative AI"],"picked":"Echo Form","floor":16},{"not_picked":["Conserve Battery","Go for the Eyes"],"picked":"Loop+1","floor":18},{"not_picked":["Leap","Conserve Battery"],"picked":"Rainbow","floor":21},{"not_picked":["Doom and Gloom","Double Energy"],"picked":"Glacier","floor":22}],"player_experience":622715,"relics_obtained":[{"floor":6,"key":"Meat on the Bone"},{"floor":8,"key":"Tiny Chest"},{"floor":9,"key":"FossilizedHelix"},{"floor":10,"key":"Akabeko"}],"event_choices":[{"damage_healed":0.0,"max_hp_gain":0.0,"max_hp_loss":0.0,"gold_gain":0.0,"event_name":"The Woman in Blue","player_choice":"Bought 3 Potions","floor":4.0,"gold_loss":0.0,"damage_taken":0.0},{"damage_healed":0,"gold_gain":0,"player_choice":"Take Damage","damage_taken":18,"relics_obtained":["Golden Idol"],"max_hp_gain":0,"max_hp_loss":0,"event_name":"Golden Idol","floor":14,"gold_loss":0},{"damage_healed":0,"gold_gain":0,"player_choice":"Traded Relic","damage_taken":0,"relics_obtained":["Nloth\u0027s Gift"],"max_hp_gain":0,"max_hp_loss":0,"event_name":"N\u0027loth","floor":20,"relics_lost":["Meat on the Bone"],"gold_loss":0}],"is_beta":false,"boss_relics":[{"not_picked":["SacredBark","Runic Pyramid"],"picked":"Philosopher\u0027s Stone"}],"items_purged_floors":[],"is_endless":false,"potions_floor_spawned":[3,6,11,18],"killed_by":"Gremlin Leader","ascension_level":1}}