{"host":"ocll6kdfqxraqtza","time":1607744480,"event":{"mods":["2.2 Compatiblity","Act Like it!","Aspiration","BaseMod","Better Third Choice","Gensokyo","Hallownest","Hermit","Hubris","Jorbs\u0027s Wanderer Trilogy","Luminous","Marisa（霧雨　魔理沙）","Minty Spire (QoL Compilation)","Reimu（博??梦）","Replay The Spire","StSLib","The Alterego","The Bug Knight","The Cursed","The Hierophant","The Runesmith","TheBandit","Wandering Minibosses","vexMod"],"gold_per_floor":[112,112,112,112,112,112,112,138,138,163,183,108,135,152,152,152,152],"floor_reached":16,"playtime":958,"items_purged":["stsjorbsmod:Defend_Wanderer"],"score":112,"play_id":"3e0bf9c4-36d9-4687-bcca-88d4970a8d33","local_time":"20201212114120","is_ascension_mode":true,"campfire_choices":[{"data":"stsjorbsmod:FreshAdventure","floor":7,"key":"SMITH"}],"circlet_count":0,"master_deck":["stsjorbsmod:ForbiddenGrimoire+1","stsjorbsmod:Strike_Wanderer","stsjorbsmod:Defend_Wanderer","stsjorbsmod:Defend_Wanderer","stsjorbsmod:FreshAdventure+1","stsjorbsmod:EyeOfTheStorm","stsjorbsmod:Stalwart","stsjorbsmod:SmithingStrike","stsjorbsmod:Hibernate","stsjorbsmod:BurningFlask","stsjorbsmod:LocateObject"],"relics":["stsjorbsmod:GrimoireRelic","CaptainsWheel","hubris:Icosahedron","Gensokyo:OccultBall","Snack Pack","Calipers"],"acts_visited":["Gensokyo:Gensokyo"],"potions_floor_usage":[6,16],"damage_taken":[{"damage":4,"enemies":"Gensokyo:2_Kodama","floor":1,"turns":4},{"damage":0,"enemies":"Gensokyo:Cirno","floor":6,"turns":1},{"damage":3,"enemies":"Gensokyo:Python","floor":8,"turns":3},{"damage":5,"enemies":"Gensokyo:Gryphon","floor":11,"turns":3},{"damage":18,"enemies":"Gensokyo:Aya","floor":13,"turns":6},{"damage":0,"enemies":"Gensokyo:5_Fairies","floor":14,"turns":2},{"damage":29,"enemies":"Gensokyo:Reimu","floor":16,"turns":9}],"seed_played":"-1553768463311597","potions_obtained":[{"floor":1,"key":"DistilledChaos"},{"floor":13,"key":"FearPotion"}],"is_trial":false,"path_per_floor":["M","?","?","?","?","E","R","M","T","T","M","$","E","M","R","B"],"character_chosen":"WANDERER","items_purchased":[],"campfire_rested":0,"item_purchase_floors":[],"current_hp_per_floor":[65,39,39,39,39,39,39,38,38,38,35,35,21,21,21,0,0],"gold":152,"neow_bonus":"ONE_RARE_RELIC","is_daily":false,"chose_seed":false,"campfire_upgraded":1,"win_rate":0.0,"timestamp":1607744480,"path_taken":["M","?","?","?","?","E","R","?","T","?","M","?","E","M","R","BOSS"],"items_purchased_type":[],"build_version":"2020-11-30","purchased_purges":1,"victory":false,"max_hp_per_floor":[68,68,68,68,68,68,68,68,68,68,68,68,70,70,70,70,70],"card_choices":[{"not_picked":["stsjorbsmod:Patron","stsjorbsmod:Mending"],"picked":"stsjorbsmod:DoubleCheck","floor":1},{"not_picked":["stsjorbsmod:DisguiseSelf","stsjorbsmod:Inferno"],"picked":"stsjorbsmod:Stalwart","floor":8},{"not_picked":["stsjorbsmod:BurningFlask","stsjorbsmod:MageArmor"],"picked":"stsjorbsmod:SmithingStrike","floor":11},{"not_picked":["stsjorbsmod:Message","stsjorbsmod:Aid"],"picked":"stsjorbsmod:Hibernate","floor":13},{"not_picked":["stsjorbsmod:DoubleCheck","stsjorbsmod:MistyStep"],"picked":"stsjorbsmod:BurningFlask","floor":14}],"player_experience":441860,"relics_obtained":[{"floor":8,"key":"Gensokyo:OccultBall"},{"floor":9,"key":"Snack Pack"},{"floor":13,"key":"Calipers"},{"floor":14,"key":"Gensokyo:OccultBall"}],"event_choices":[],"is_beta":false,"boss_relics":[],"items_purged_floors":[12],"is_endless":false,"potions_floor_spawned":[1,6,13],"killed_by":"Gensokyo:Reimu","ascension_level":1}}