{"host":"tfp298o0a6uof1l0","time":1607776939,"event":{"mods":["BaseMod","Colored Powertips","Friendly Minions","Lobotomy","Minty Spire (QoL Compilation)","StSLib"],"gold_per_floor":[116,116,116,134,146,146,173,173,173,200,200,234,249,260,260,362,362,372,398,252,252,252,280,280,296,320,340,368,468,495,514,514,615,615,630,641,1640,1862,1880,1909,1909,1238,1265,633,633,633,633,54,54,54,54],"floor_reached":52,"playtime":2547,"items_purged":["Normality","Strike_G","Normality"],"score":1000,"play_id":"de28f154-8599-4e42-b4f2-62445fab50d1","local_time":"20201212214219","is_ascension_mode":true,"campfire_choices":[{"data":"After Image","floor":6.0,"key":"SMITH"},{"data":"Cloak And Dagger","floor":8.0,"key":"SMITH"},{"data":"Flechettes","floor":15.0,"key":"SMITH"},{"data":"A Thousand Cuts","floor":24.0,"key":"SMITH"},{"data":"Calculated Gamble","floor":32.0,"key":"SMITH"},{"floor":49,"key":"REST"}],"circlet_count":0,"master_deck":["Strike_G","Defend_G","Defend_G","Defend_G","Defend_G","Defend_G","Survivor","Neutralize+1","Cloak And Dagger+1","After Image+1","Heel Hook","Flechettes+1","Deflect","PiercingWail","A Thousand Cuts+1","Backflip","Finisher+1","Backflip","Calculated Gamble+1","Outmaneuver+1","Doppelganger","PiercingWail+1","Deflect","After Image","Noxious Fumes+1","Bouncing Flask+1","Parasite","Sucker Punch+1","Backflip+1","Terror","Flash of Steel","Writhe","Bouncing Flask+1","Accuracy+1","Prepared","Blade Dance"],"relics":["Ring of the Serpent","Pantograph","Ornamental Fan","Oddly Smooth Stone","Mummified Hand","Red Mask","Boot","Blue Candle","Lantern","Bag of Preparation","Blood Vial","SlaversCollar","Toolbox","Dream Catcher","Regal Pillow","PreservedInsect","Medical Kit","Tough Bandages","Pen Nib","Orrery","Torii"],"acts_visited":["Exordium","TheCity","TheBeyond"],"potions_floor_usage":[50,50],"damage_taken":[{"damage":0.0,"enemies":"Cultist","floor":1.0,"turns":4.0},{"damage":0.0,"enemies":"Jaw Worm","floor":4.0,"turns":4.0},{"damage":0.0,"enemies":"Small Slimes","floor":5.0,"turns":4.0},{"damage":16.0,"enemies":"Gremlin Nob","floor":7.0,"turns":5.0},{"damage":2.0,"enemies":"3 Sentries","floor":10.0,"turns":11.0},{"damage":7.0,"enemies":"Lagavulin","floor":12.0,"turns":8.0},{"damage":0.0,"enemies":"Looter","floor":13.0,"turns":2.0},{"damage":0.0,"enemies":"Gremlin Gang","floor":14.0,"turns":5.0},{"damage":18.0,"enemies":"Hexaghost","floor":16.0,"turns":15.0},{"damage":4.0,"enemies":"Spheric Guardian","floor":18.0,"turns":4.0},{"damage":22.0,"enemies":"Masked Bandits","floor":19.0,"turns":6.0},{"damage":13.0,"enemies":"Book of Stabbing","floor":23.0,"turns":5.0},{"damage":7.0,"enemies":"Chosen","floor":25.0,"turns":6.0},{"damage":3.0,"enemies":"Centurion and Healer","floor":27.0,"turns":5.0},{"damage":0.0,"enemies":"Slavers","floor":28.0,"turns":5.0},{"damage":8.0,"enemies":"Book of Stabbing","floor":30.0,"turns":5.0},{"damage":0.0,"enemies":"Chosen and Byrds","floor":31.0,"turns":4.0},{"damage":18.0,"enemies":"Collector","floor":33.0,"turns":9.0},{"damage":0.0,"enemies":"Orb Walker","floor":35.0,"turns":3.0},{"damage":0.0,"enemies":"3 Shapes","floor":36.0,"turns":3.0},{"damage":15.0,"enemies":"Writhing Mass","floor":39.0,"turns":7.0},{"damage":40.0,"enemies":"Giant Head","floor":40.0,"turns":9.0},{"damage":49,"enemies":"Time Eater","floor":50,"turns":9}],"seed_played":"6518089700520802398","potions_obtained":[{"floor":0.0,"key":"Fire Potion"},{"floor":0.0,"key":"Regen Potion"},{"floor":0.0,"key":"DuplicationPotion"},{"floor":10.0,"key":"SpeedPotion"},{"floor":12.0,"key":"BlessingOfTheForge"},{"floor":13.0,"key":"PowerPotion"},{"floor":18.0,"key":"Energy Potion"},{"floor":19.0,"key":"LiquidBronze"},{"floor":25.0,"key":"Poison Potion"},{"floor":33.0,"key":"DuplicationPotion"},{"floor":36.0,"key":"ColorlessPotion"},{"floor":40.0,"key":"CultistPotion"}],"is_trial":false,"path_per_floor":["M","?","?","M","M","R","E","R","T","E","$","E","M","M","R","B",null,"M","?","$","?","?","E","R","M","T","M","E","?","E","M","R","B",null,"M","M","?","?","M","E","?","$","T","$","?","?","T","$","R","B",null,null],"character_chosen":"THE_SILENT","items_purchased":["Boot","Toolbox","Dream Catcher","Regal Pillow","Terror","Fire Potion","Medical Kit","Tough Bandages","Flash of Steel","Orrery","Torii"],"campfire_rested":1,"item_purchase_floors":[20,42,42,42,42,42,44,44,44,48,48],"current_hp_per_floor":[70,70,70,70,70,70,54,54,54,52,52,45,45,45,45,52,70,66,44,44,44,44,31,31,24,24,21,35,35,27,29,29,38,70,70,70,70,70,55,17,17,17,17,17,35,35,35,35,70,21,21],"gold":54,"neow_bonus":"THREE_SMALL_POTIONS","is_daily":false,"chose_seed":false,"campfire_upgraded":5,"win_rate":0.0,"timestamp":1607776939,"path_taken":["M","?","?","M","M","R","E","R","T","E","$","E","M","M","R","BOSS","M","?","$","?","?","E","R","M","T","?","E","?","E","M","R","BOSS","M","?","?","?","M","E","?","$","T","?","?","?","?","$","R","BOSS"],"items_purchased_type":["Relic","Relic","Relic","Relic","Card","Potion","Relic","Relic","Card","Relic","Relic"],"build_version":"2020-11-30","purchased_purges":3,"victory":true,"max_hp_per_floor":[70,70,70,70,70,70,70,70,70,70,70,70,70,70,70,70,70,70,70,70,70,70,70,70,70,70,70,70,70,70,70,70,70,70,70,70,70,70,70,70,70,70,70,70,70,70,70,70,70,70,70],"card_choices":[{"not_picked":["Calculated Gamble","Underhanded Strike","Distraction"],"picked":"SKIP","floor":1.0},{"not_picked":["Backstab","Choke"],"picked":"Cloak And Dagger","floor":4.0},{"not_picked":["Accuracy","Acrobatics"],"picked":"After Image","floor":5.0},{"not_picked":["Choke","Poisoned Stab"],"picked":"Heel Hook","floor":7.0},{"not_picked":["Blade Dance","Underhanded Strike"],"picked":"Flechettes","floor":10.0},{"not_picked":["Crippling Poison","Bane"],"picked":"Deflect","floor":12.0},{"not_picked":["Deflect","Dodge and Roll"],"picked":"PiercingWail","floor":13.0},{"not_picked":["Predator","Blade Dance","Masterful Stab"],"picked":"SKIP","floor":14.0},{"not_picked":["Wraith Form v2","Glass Knife"],"picked":"A Thousand Cuts","floor":16.0},{"not_picked":["Underhanded Strike","Prepared"],"picked":"Backflip","floor":18.0},{"not_picked":["Dash","Well Laid Plans"],"picked":"Finisher+1","floor":19.0},{"not_picked":["Concentrate","Eviscerate","Tactician"],"picked":"SKIP","floor":23.0},{"not_picked":["Cloak And Dagger","Quick Slash"],"picked":"Calculated Gamble","floor":25.0},{"not_picked":["Acrobatics","Poisoned Stab+1"],"picked":"Outmaneuver+1","floor":27.0},{"not_picked":["A Thousand Cuts","Cloak And Dagger"],"picked":"Doppelganger","floor":28.0},{"not_picked":["Cloak And Dagger","Outmaneuver"],"picked":"PiercingWail+1","floor":30.0},{"not_picked":["Cloak And Dagger","Deadly Poison"],"picked":"Deflect","floor":31.0},{"not_picked":["Envenom","Venomology"],"picked":"After Image","floor":33.0},{"not_picked":["Dagger Spray+1","Quick Slash"],"picked":"Noxious Fumes+1","floor":35.0},{"not_picked":["Terror","Flechettes"],"picked":"Bouncing Flask+1","floor":36.0},{"not_picked":["Distraction+1","Finisher"],"picked":"Sucker Punch+1","floor":39.0},{"not_picked":["Endless Agony+1","Deadly Poison"],"picked":"Backflip+1","floor":40.0},{"not_picked":["Heel Hook","Dagger Spray+1"],"picked":"Bouncing Flask+1","floor":48},{"not_picked":["Flying Knee","Night Terror"],"picked":"Accuracy+1","floor":48},{"not_picked":["Masterful Stab","Dagger Spray+1"],"picked":"Prepared","floor":48},{"not_picked":["Accuracy","Bane"],"picked":"Blade Dance","floor":49}],"player_experience":215827,"relics_obtained":[{"floor":7.0,"key":"Pantograph"},{"floor":9.0,"key":"Ornamental Fan"},{"floor":10.0,"key":"Oddly Smooth Stone"},{"floor":12.0,"key":"Mummified Hand"},{"floor":19.0,"key":"Red Mask"},{"floor":23.0,"key":"Blue Candle"},{"floor":26.0,"key":"Lantern"},{"floor":28.0,"key":"Bag of Preparation"},{"floor":30.0,"key":"Blood Vial"},{"floor":43.0,"key":"PreservedInsect"},{"floor":47.0,"key":"Pen Nib"}],"event_choices":[{"damage_healed":0.0,"max_hp_gain":0.0,"max_hp_loss":0.0,"gold_gain":0.0,"event_name":"Living Wall","player_choice":"Grow","floor":2.0,"gold_loss":0.0,"damage_taken":0.0,"cards_upgraded":["Neutralize"]},{"cards_removed":["Strike_G"],"damage_healed":0.0,"max_hp_gain":0.0,"max_hp_loss":0.0,"gold_gain":0.0,"event_name":"Purifier","player_choice":"Purged","floor":3.0,"gold_loss":0.0,"damage_taken":0.0},{"damage_healed":0.0,"max_hp_gain":0.0,"max_hp_loss":0.0,"gold_gain":0.0,"event_name":"Masked Bandits","player_choice":"Fought Bandits","floor":19.0,"gold_loss":0.0,"damage_taken":0.0},{"damage_healed":0.0,"max_hp_gain":0.0,"max_hp_loss":0.0,"gold_gain":0.0,"event_name":"The Library","player_choice":"Read","floor":21.0,"gold_loss":0.0,"damage_taken":0.0,"cards_obtained":["Backflip"]},{"cards_removed":["Strike_G"],"damage_healed":0.0,"max_hp_gain":0.0,"max_hp_loss":0.0,"gold_gain":0.0,"event_name":"Bonfire Elementals","player_choice":"Offered Basic","floor":22.0,"gold_loss":0.0,"damage_taken":0.0},{"damage_healed":0.0,"max_hp_gain":0.0,"max_hp_loss":0.0,"gold_gain":100.0,"event_name":"Golden Shrine","player_choice":"Pray","floor":29.0,"gold_loss":0.0,"damage_taken":0.0},{"damage_healed":0.0,"max_hp_gain":0.0,"max_hp_loss":0.0,"gold_gain":999.0,"event_name":"MindBloom","player_choice":"Gold","floor":37.0,"gold_loss":0.0,"damage_taken":0.0,"cards_obtained":["Normality","Normality"]},{"damage_healed":0.0,"max_hp_gain":0.0,"max_hp_loss":0.0,"gold_gain":222.0,"event_name":"Tomb of Lord Red Mask","player_choice":"Wore Mask","floor":38.0,"gold_loss":0.0,"damage_taken":0.0},{"damage_healed":0.0,"max_hp_gain":0.0,"max_hp_loss":0.0,"gold_gain":0.0,"event_name":"Mysterious Sphere","player_choice":"Ignored","floor":41.0,"gold_loss":0.0,"damage_taken":0.0},{"damage_healed":18.0,"max_hp_gain":0.0,"max_hp_loss":0.0,"gold_gain":0.0,"event_name":"Winding Halls","player_choice":"Writhe","floor":45.0,"gold_loss":0.0,"damage_taken":0.0,"cards_obtained":["Writhe"]},{"cards_removed":["Strike_G"],"damage_healed":0.0,"max_hp_gain":0.0,"max_hp_loss":0.0,"gold_gain":0.0,"event_name":"Falling","player_choice":"Removed Attack","floor":46.0,"gold_loss":0.0,"damage_taken":0.0}],"is_beta":false,"boss_relics":[{"not_picked":["Cursed Key","Empty Cage"],"picked":"Ring of the Serpent"},{"not_picked":["Calling Bell","Philosopher\u0027s Stone"],"picked":"SlaversCollar"}],"items_purged_floors":[42,44,48],"is_endless":false,"potions_floor_spawned":[5,10,12,13,18,19,25,33,36,40],"ascension_level":4}}