{"host":"y0fby0q96ywik4sv","time":1607750767,"event":{"mods":["BaseMod","StSLib","SuperFastMode","Colored Map","Custom Start","DeckTracker","2.2 Compatiblity","Highlight Path","Keyboard Shortcuts","Minty Spire (QoL Compilation)","Permanent Neow","Quick Restart","everything is the same but u backflip on backflip"],"gold_per_floor":[109,119,129,204,379,379,74,103,129,163,174,174,255,273,273,347,347,364,380,212,229,243,243,274,274,274,274,274,289,289,308,308],"floor_reached":31,"playtime":854,"items_purged":["Doubt","Strike_R"],"score":466,"play_id":"8d28c583-b246-447a-84d5-dd47f8293ae1","local_time":"20201212142607","is_ascension_mode":true,"campfire_choices":[{"data":"Immolate","floor":6.0,"key":"SMITH"},{"data":"Apotheosis","floor":12.0,"key":"SMITH"},{"data":"Evolve","floor":15.0,"key":"SMITH"},{"data":"Inflame","floor":23.0,"key":"SMITH"},{"data":"Offering","floor":25.0,"key":"SMITH"},{"data":"Fire Breathing","floor":28.0,"key":"SMITH"}],"circlet_count":0,"master_deck":["AscendersBane","Strike_R+1","Strike_R+1","Strike_R+1","Strike_R+1","Defend_R+1","Defend_R+1","Defend_R+1","Defend_R+1","Bash","Shrug It Off","Clothesline","Pummel","Flame Barrier","Immolate+1","Evolve+1","Apotheosis+1","Shrug It Off","Feed","Inflame+1","Impervious","Seeing Red","Fire Breathing+1","Offering+1","Bloodletting","Battle Trance","Inflame","Flex+1","Dark Embrace","Combust"],"special_seed":0,"relics":["Burning Blood","Prayer Wheel","Tiny Chest","Blood Vial","Bottled Tornado","Pear","Snecko Eye","Charon\u0027s Ashes","Bird Faced Urn","FossilizedHelix"],"acts_visited":[],"potions_floor_usage":[],"damage_taken":[{"damage":9.0,"enemies":"Jaw Worm","floor":1.0,"turns":3.0},{"damage":7.0,"enemies":"Small Slimes","floor":2.0,"turns":3.0},{"damage":2.0,"enemies":"Cultist","floor":3.0,"turns":4.0},{"damage":20.0,"enemies":"3 Sentries","floor":8.0,"turns":4.0},{"damage":45.0,"enemies":"Lagavulin","floor":10.0,"turns":8.0},{"damage":3.0,"enemies":"Looter","floor":11.0,"turns":3.0},{"damage":8.0,"enemies":"Large Slime","floor":14.0,"turns":4.0},{"damage":15.0,"enemies":"Hexaghost","floor":16.0,"turns":11.0},{"damage":1.0,"enemies":"3 Byrds","floor":18.0,"turns":4.0},{"damage":18.0,"enemies":"Chosen","floor":19.0,"turns":6.0},{"damage":33.0,"enemies":"Snake Plant","floor":21.0,"turns":3.0},{"damage":0.0,"enemies":"Snecko","floor":22.0,"turns":5.0},{"damage":22.0,"enemies":"Slavers","floor":24.0,"turns":4.0},{"damage":32.0,"enemies":"Sentry and Sphere","floor":29.0,"turns":6.0},{"damage":16.0,"enemies":"Centurion and Healer","floor":31.0,"turns":5.0}],"seed_played":"972306641148114230","potions_obtained":[{"floor":10.0,"key":"Ancient Potion"},{"floor":11.0,"key":"DistilledChaos"},{"floor":14.0,"key":"ElixirPotion"},{"floor":29.0,"key":"Weak Potion"},{"floor":31,"key":"ElixirPotion"}],"is_trial":false,"path_per_floor":["M","M","M","?","?","R","$","E","T","E","M","R","T","M","R","B",null,"M","M","$","M","M","R","E","R","T","?","R","M","T","M"],"character_chosen":"IRONCLAD","items_purchased":["Apotheosis","Shrug It Off","Battle Trance"],"campfire_rested":0,"item_purchase_floors":[7,7,20],"current_hp_per_floor":[69,68,72,61,61,61,61,47,47,10,15,15,25,25,25,18,66,73,67,67,42,54,54,44,44,44,44,44,32,32,28,28],"gold":308,"neow_bonus":"ONE_RARE_RELIC","is_daily":false,"chose_seed":false,"campfire_upgraded":6,"win_rate":0,"timestamp":1607750767,"path_taken":["M","M","M","?","?","R","$","E","T","E","M","R","?","M","R","BOSS","M","?","$","M","M","R","E","R","T","?","R","M","?","M"],"build_version":"2020-11-30","purchased_purges":2,"victory":false,"max_hp_per_floor":[72,72,72,72,72,72,72,72,72,72,72,72,82,82,82,82,82,82,86,86,86,90,90,94,94,94,94,94,98,98,98,98],"card_choices":[{"not_picked":["Pommel Strike","Wild Strike"],"picked":"Shrug It Off","floor":1.0},{"not_picked":["Cleave","Burning Pact"],"picked":"Clothesline","floor":1.0},{"not_picked":["Thunderclap","Twin Strike"],"picked":"Pummel","floor":2.0},{"not_picked":["True Grit","Thunderclap"],"picked":"Flame Barrier","floor":2.0},{"not_picked":["Twin Strike","Anger"],"picked":"Immolate","floor":3.0},{"not_picked":["Rage","Thunderclap"],"picked":"Evolve","floor":3.0},{"not_picked":["Pommel Strike","Headbutt","Havoc"],"picked":"SKIP","floor":8.0},{"not_picked":["Havoc","Pommel Strike"],"picked":"Feed","floor":10.0},{"not_picked":["Searing Blow","Anger"],"picked":"Inflame","floor":11.0},{"not_picked":["Warcry","Iron Wave"],"picked":"Impervious","floor":11.0},{"not_picked":["Sword Boomerang","Wild Strike"],"picked":"Seeing Red","floor":14.0},{"not_picked":["Armaments","Headbutt"],"picked":"Fire Breathing","floor":14.0},{"not_picked":["Exhume","Brutality"],"picked":"Offering","floor":16.0},{"not_picked":["Warcry","Spot Weakness","Blood for Blood+1"],"picked":"SKIP","floor":18.0},{"not_picked":["Evolve","Anger","Shrug It Off"],"picked":"SKIP","floor":18.0},{"not_picked":["Cleave+1","True Grit+1"],"picked":"Bloodletting","floor":19.0},{"not_picked":["Havoc","Iron Wave+1","Dropkick+1"],"picked":"SKIP","floor":19.0},{"not_picked":["Cleave","Twin Strike"],"picked":"Inflame","floor":21.0},{"not_picked":["Twin Strike","Pommel Strike+1","Perfected Strike"],"picked":"SKIP","floor":21.0},{"not_picked":["Thunderclap+1","Berserk","Clash"],"picked":"SKIP","floor":22.0},{"not_picked":["Cleave","Clothesline","Thunderclap+1"],"picked":"SKIP","floor":22.0},{"not_picked":["Pommel Strike","Havoc"],"picked":"Flex+1","floor":24.0},{"not_picked":["True Grit+1","Anger"],"picked":"Dark Embrace","floor":29.0},{"not_picked":["Intimidate","Pommel Strike","Heavy Blade"],"picked":"SKIP","floor":29.0},{"not_picked":["Inflame","Clash"],"picked":"Combust","floor":31}],"player_experience":161963,"relics_obtained":[{"floor":8.0,"key":"Tiny Chest"},{"floor":9.0,"key":"Blood Vial"},{"floor":10.0,"key":"Bottled Tornado"},{"floor":13.0,"key":"Pear"},{"floor":24.0,"key":"Charon\u0027s Ashes"},{"floor":26.0,"key":"Bird Faced Urn"},{"floor":30.0,"key":"FossilizedHelix"}],"event_choices":[{"damage_healed":0.0,"max_hp_gain":0.0,"max_hp_loss":0.0,"gold_gain":75.0,"event_name":"World of Goop","player_choice":"Gather Gold","floor":4.0,"gold_loss":0.0,"damage_taken":11.0},{"damage_healed":0.0,"max_hp_gain":0.0,"max_hp_loss":0.0,"gold_gain":175.0,"event_name":"Liars Game","player_choice":"AGREE","floor":5.0,"gold_loss":0.0,"damage_taken":0.0,"cards_obtained":["Doubt"]},{"damage_healed":0.0,"max_hp_gain":0.0,"max_hp_loss":0.0,"gold_gain":0.0,"event_name":"Back to Basics","player_choice":"Simplicity","floor":27.0,"gold_loss":0.0,"damage_taken":0.0,"cards_upgraded":["Strike_R","Strike_R","Strike_R","Strike_R","Defend_R","Defend_R","Defend_R","Defend_R"]}],"is_beta":false,"boss_relics":[{"not_picked":["Runic Dome","Astrolabe"],"picked":"Snecko Eye"}],"items_purged_floors":[7,20],"is_endless":false,"potions_floor_spawned":[10,11,14,16,29,31],"killed_by":"Centurion and Healer","ascension_level":13}}