{"host":"4c7oxphrh4ok8x7u","time":1607785905,"event":{"mods":["2.2 Compatiblity","Act Like it!","Ascension Reborn","Aspiration","BaseMod","Better Skull","Better Vampires","BetterRewards","Challenge The Spire","Conjunction","Conspire","Custom Start","Dota2Spire","Friendly Minions","FruityMod","GifTheSpireLib","Halation","Hermit","HololiveMod","Hubris","Hyrulean Relics","Jedi Mod","Kratos Character Expansion","Minty Spire (QoL Compilation)","MostiFishMod","Permanent Neow","Prisma Mod","Quarter Circle Forward PUNCH!","RatMod","Replay The Spire","Robot Space Explorer","SCP261 Mod","Shade Mod","Slay the Relics Exporter","Small Relic Pack","Spicy Shops","Spikes Relics","Spires And Sneckos","StSLib","Stuff the Spire","The Animator","The Blue Laboratory","The Death Knight","The Edgeheg","The Fake Hero","TheWitcher","Wandering Minibosses"],"gold_per_floor":[127,143,162,7,7,46,71,71,71,84,84,100,100,119,119,119,119],"floor_reached":16,"playtime":1024,"items_purged":[],"score":104,"play_id":"09714942-9497-4ea4-a36d-831cec2319b1","local_time":"20201212181145","is_ascension_mode":true,"campfire_choices":[{"data":"animator:Viivi","floor":8,"key":"SMITH"},{"data":"animator:YachiyoNanami","floor":11,"key":"SMITH"},{"data":"animator:KrulTepes","floor":13,"key":"SMITH"},{"data":"animator:Walpurgisnacht","floor":15,"key":"SMITH"}],"circlet_count":0,"master_deck":["animator:Strike_MadokaMagica","animator:Defend_MadokaMagica","animator:Strike","animator:Strike","animator:Defend","animator:Defend","animator:Defend","animator:IrohaTamaki","animator:YuiTsuruno","Eruption+1","animator:KrulTepes+1","animator:Viivi+1","animator:Mitsuba","animator:NagisaMomoe","animator:Yoichi","animator:YachiyoNanami+1","animator:NarberalGamma","animator:Walpurgisnacht+1"],"relics":["animator:LivingPicture","animator:TheMissingPiece","DaveBox","Jackal-EndForJourney","Question Card","Strange Spoon","qcfpunch:Not_Strongest_Fighting_Style_Guidebook","InkBottle","animator:CursedGlyph"],"acts_visited":["Exordium"],"potions_floor_usage":[6,16],"damage_taken":[{"damage":0,"enemies":"Jaw Worm","floor":1,"turns":1},{"damage":0,"enemies":"Cultist","floor":2,"turns":4},{"damage":0,"enemies":"conspire:RoseBush","floor":3,"turns":1},{"damage":11,"enemies":"Gremlin Nob","floor":6,"turns":3},{"damage":0,"enemies":"Red Slaver","floor":7,"turns":1},{"damage":11,"enemies":"Gremlin Gang","floor":10,"turns":6},{"damage":0,"enemies":"2 Fungi Beasts","floor":12,"turns":1},{"damage":10,"enemies":"Looter","floor":14,"turns":3},{"damage":44,"enemies":"Slime Boss","floor":16,"turns":4}],"seed_played":"3475143175816065480","potions_obtained":[{"floor":1,"key":"Dota2Spire:Clarity"},{"floor":3,"key":"blueLaboratory:BottleOfRum"},{"floor":14,"key":"Swift Potion"}],"is_trial":false,"path_per_floor":["M","M","M","$","?","E","M","R","T","M","R","M","R","M","R","B"],"character_chosen":"THE_ANIMATOR","items_purchased":["Strange Spoon"],"campfire_rested":0,"item_purchase_floors":[4],"current_hp_per_floor":[66,66,67,67,67,56,56,56,56,46,46,46,46,36,36,0,0],"gold":119,"neow_bonus":"UPGRADE_CARD","is_daily":false,"chose_seed":false,"campfire_upgraded":4,"win_rate":0.0,"timestamp":1607785905,"path_taken":["M","M","M","$","?","E","M","R","T","?","R","M","R","M","R","BOSS"],"items_purchased_type":["Relic"],"build_version":"2020-11-30","purchased_purges":0,"victory":false,"max_hp_per_floor":[66,66,67,67,67,67,67,67,67,68,68,68,68,64,64,64,64],"card_choices":[{"not_picked":["animator:YuiTsuruno","animator:Mikaela"],"picked":"animator:KrulTepes","floor":1},{"not_picked":["animator:ChlammyZell","animator:ChaikaBohdan","animator:UneriGinkaku"],"picked":"animator:Viivi","floor":2},{"not_picked":["animator:Sora","animator:DolaCouronne","animator:YuiTsuruno"],"picked":"animator:Mitsuba","floor":3},{"not_picked":["animator:OrikoMikuni","animator:KyokoSakura","animator:YuiTsuruno"],"picked":"animator:NagisaMomoe","floor":6},{"not_picked":["animator:Mikaela","animator:Emonzaemon","animator:UneriGinkaku"],"picked":"animator:Yoichi","floor":7},{"not_picked":["animator:Shichika","animator:SayakaMiki","animator:KrulTepes"],"picked":"animator:YachiyoNanami","floor":10},{"not_picked":["animator:MaesHughes","animator:Hitei","animator:DolaStephanie"],"picked":"animator:NarberalGamma","floor":12},{"not_picked":["animator:SayakaMiki","animator:YuiTsuruno","animator:MamiTomoe"],"picked":"animator:Walpurgisnacht","floor":14}],"player_experience":556067,"relics_obtained":[{"floor":1,"key":"Question Card"},{"floor":6,"key":"qcfpunch:Not_Strongest_Fighting_Style_Guidebook"},{"floor":9,"key":"InkBottle"},{"floor":14,"key":"animator:CursedGlyph"}],"event_choices":[{"cards_removed":["animator:Strike"],"damage_healed":0,"gold_gain":0,"player_choice":"Offered Basic","damage_taken":0,"max_hp_gain":0,"max_hp_loss":0,"event_name":"Bonfire Elementals","floor":5,"gold_loss":0}],"is_beta":false,"boss_relics":[],"items_purged_floors":[],"is_endless":false,"potions_floor_spawned":[1,3,10,14],"killed_by":"Slime Boss","ascension_level":0}}