{"host":"8ty8vzcv2y40vx6u","time":1607812778,"event":{"mods":["Act Like it!","Aspiration","BaseMod","BetterRewards","Conspire","Duelist Mod","Elementarium","GifTheSpireLib","Hallownest","Hubris","Infinite Spire","Minty Spire (QoL Compilation)","Potionbrewer","Replay The Spire","Shop Mod","StSLib","Stuff the Spire","The Animator","The Cursed","The Judge","The Mystic","The Runesmith","Wandering Minibosses"],"gold_per_floor":[143,207,207,222,234,234,234,234],"floor_reached":7,"playtime":622,"items_purged":["theDuelist:Sparks","theDuelist:CastleWalls","theDuelist:Sparks"],"score":100,"play_id":"b3ad3ee4-3783-4a0d-8f38-5ba35973670f","local_time":"20201212233938","is_ascension_mode":true,"campfire_choices":[{"data":"theDuelist:ToonSummonedSkull","floor":6,"key":"SMITH"}],"circlet_count":0,"master_deck":["AscendersBane","theDuelist:GoldenSparks","theDuelist:MangaRyuRan","theDuelist:ToonAncientGear","theDuelist:ToonMermaid","theDuelist:ToonSummonedSkull+1","theDuelist:ToonWorld","theDuelist:ToonMaskedSorcerer","Hallownest:skillLeafShield","Hallownest:skillLeafShield","Hallownest:skillLeafShield","Hallownest:skillLeafShield","Hallownest:skillLeafShield"],"relics":["theDuelist:MillenniumPuzzle","theDuelist:CardPoolRelic","theDuelist:CardPoolBasicRelic","theDuelist:BoosterPackPoolRelic","theDuelist:CardPoolAddRelic","theDuelist:CardPoolMinusRelic","theDuelist:CardPoolSaveRelic","theDuelist:CardPoolOptionsRelic","theDuelist:MillenniumArmor","Durian","aspiration:Nostalgia","WordoMod:Obsidian","hubris:SlimyHat","Anchor","Pondfish Scales"],"acts_visited":["Hallownest:Greenpath"],"potions_floor_usage":[4,7],"damage_taken":[{"damage":0,"enemies":"Hallownest:monsterHuskGuard","floor":1,"turns":3},{"damage":1,"enemies":"Hallownest:2_Tiktiks_and_1_Crawlid","floor":2,"turns":3},{"damage":0,"enemies":"2_ Uuma","floor":4,"turns":7},{"damage":0,"enemies":"Hallownest:monsterMossCharger","floor":5,"turns":1},{"damage":25,"enemies":"Hallownest:eliteVengeflyKing","floor":7,"turns":5}],"seed_played":"-6273853591675858429","potions_obtained":[{"floor":2,"key":"infinitespire:BlackPotion"},{"floor":5,"key":"Venom Potion"}],"is_trial":false,"path_per_floor":["M","M","?","M","M","R","E"],"character_chosen":"THE_DUELIST","items_purchased":["theDuelist:MillenniumArmor","Durian","aspiration:Nostalgia","hubris:SlimyHat","Anchor"],"campfire_rested":0,"item_purchase_floors":[0,0,0,0,0],"current_hp_per_floor":[26,25,25,25,25,25,0,0],"gold":234,"neow_bonus":"","is_daily":false,"chose_seed":false,"campfire_upgraded":1,"win_rate":0.0,"timestamp":1607812778,"path_taken":["M","M","?","M","M","R","E"],"items_purchased_type":["Relic","Relic","Relic","Relic","Relic"],"build_version":"2020-11-30","purchased_purges":3,"victory":false,"max_hp_per_floor":[75,75,75,75,75,75,75,75],"card_choices":[{"not_picked":["theDuelist:WhiteMagicalHat","theDuelist:SpiritHarp","theDuelist:RainbowNeos","theDuelist:ToonDarkMagician"],"picked":"theDuelist:ToonMaskedSorcerer","floor":1},{"not_picked":["theDuelist:CannonSoldier","theDuelist:Factory100Machines","theDuelist:ScrapBeast","theDuelist:ScrapFactory","theDuelist:JunkKuriboh"],"picked":"SKIP","floor":2},{"not_picked":["theDuelist:RainbowNeos","theDuelist:DestroyerGolem","theDuelist:EvilswarmHeliotrope","theDuelist:PowerGiant","theDuelist:RainbowOverdragon"],"picked":"SKIP","floor":4},{"not_picked":["theDuelist:Deskbot001","theDuelist:RainbowNeos","theDuelist:DarkBurningAttack","theDuelist:FlyingSaucer","theDuelist:Oilman"],"picked":"SKIP","floor":5}],"player_experience":625125,"relics_obtained":[],"event_choices":[],"is_beta":false,"boss_relics":[],"items_purged_floors":[0,0,0],"is_endless":false,"potions_floor_spawned":[2,5],"killed_by":"Hallownest:eliteVengeflyKing","ascension_level":15}}