{"host":"n4g93besrg43trcj","time":1607742030,"event":{"mods":["BaseMod","GifTheSpireLib","Minty Spire (QoL Compilation)","StSLib"],"gold_per_floor":[119,394,406,406,419,419,438,512,512,526,540,559,19,38,38,139,139,149,149,149,248,248,248,248,248],"floor_reached":24,"playtime":1108,"items_purged":["Regret"],"score":263,"play_id":"91a71859-308f-47fa-a990-b2e901ba09bf","local_time":"20201211220030","is_ascension_mode":false,"campfire_choices":[{"data":"PathToVictory","floor":6,"key":"SMITH"},{"floor":15,"key":"REST"},{"data":"PathToVictory","floor":23,"key":"SMITH"}],"circlet_count":0,"master_deck":["Strike_P","Strike_P","Strike_P","Strike_P","Defend_P","Defend_P","Defend_P+1","Defend_P","Eruption+1","Vigilance","PathToVictory+1","Prostrate","Prostrate","Pray","Prostrate","PathToVictory+1","Prostrate","Establishment+1","Necronomicurse"],"relics":["PureWater","Bag of Preparation","The Courier","Mummified Hand","Frozen Egg 2","HornCleat","Runic Pyramid","MutagenicStrength","Necronomicon"],"acts_visited":["Exordium","TheCity"],"potions_floor_usage":[7,16,16],"damage_taken":[{"damage":0,"enemies":"Small Slimes","floor":1,"turns":2},{"damage":7,"enemies":"Cultist","floor":3,"turns":2},{"damage":0,"enemies":"2 Louse","floor":5,"turns":1},{"damage":16,"enemies":"Exordium Wildlife","floor":7,"turns":6},{"damage":7,"enemies":"Exordium Thugs","floor":10,"turns":4},{"damage":11,"enemies":"Blue Slaver","floor":11,"turns":3},{"damage":3,"enemies":"Looter","floor":12,"turns":3},{"damage":0,"enemies":"3 Louse","floor":14,"turns":3},{"damage":0,"enemies":"The Guardian","floor":16,"turns":8},{"damage":10,"enemies":"Chosen","floor":18,"turns":5},{"damage":16,"enemies":"Gremlin Leader","floor":24,"turns":3}],"seed_played":"-4923453345999735617","potions_obtained":[{"floor":7,"key":"Fruit Juice"},{"floor":12,"key":"Dexterity Potion"},{"floor":14,"key":"Ancient Potion"},{"floor":16,"key":"SteroidPotion"},{"floor":18,"key":"DistilledChaos"}],"is_trial":false,"path_per_floor":["M","?","M","?","M","R","M","T","T","M","M","M","$","M","R","B",null,"M","?","?","?","?","R","E"],"character_chosen":"WATCHER","items_purchased":["PathToVictory","Prostrate","Frozen Egg 2","HornCleat"],"campfire_rested":1,"item_purchase_floors":[13,13,13,13],"current_hp_per_floor":[72,72,65,51,51,51,40,40,40,33,22,19,19,19,42,42,77,67,67,51,51,51,51,35,35],"gold":248,"neow_bonus":"RANDOM_COMMON_RELIC","is_daily":false,"chose_seed":false,"campfire_upgraded":2,"win_rate":0.0,"timestamp":1607742030,"path_taken":["M","?","?","?","M","R","M","?","T","M","M","?","$","M","R","BOSS","M","?","?","?","?","R","E"],"items_purchased_type":["Card","Card","Relic","Relic"],"build_version":"2020-11-30","purchased_purges":1,"victory":false,"max_hp_per_floor":[72,72,72,72,72,72,77,77,77,77,77,77,77,77,77,77,77,77,77,77,77,77,77,77,77],"card_choices":[{"not_picked":["FollowUp","FlurryOfBlows"],"picked":"PathToVictory","floor":1},{"not_picked":["EmptyMind","EmptyFist"],"picked":"Prostrate","floor":3},{"not_picked":["Wallop","CutThroughFate"],"picked":"Prostrate","floor":5},{"not_picked":["FlyingSleeves","Wallop","Crescendo"],"picked":"SKIP","floor":7},{"not_picked":["Consecrate","DeusExMachina","Meditate"],"picked":"SKIP","floor":10},{"not_picked":["CrushJoints","Crescendo"],"picked":"Pray","floor":11},{"not_picked":["Nirvana","Collect"],"picked":"Prostrate","floor":12},{"not_picked":["Worship","FollowUp","Fasting2+1"],"picked":"SKIP","floor":14},{"not_picked":["MasterReality+1","DeusExMachina"],"picked":"Establishment+1","floor":16},{"not_picked":["Perseverance+1","Evaluate+1","CarveReality"],"picked":"SKIP","floor":18}],"player_experience":209323,"relics_obtained":[{"floor":8,"key":"The Courier"},{"floor":9,"key":"Mummified Hand"},{"floor":20,"key":"Necronomicon"}],"event_choices":[{"damage_healed":0,"gold_gain":275,"player_choice":"Desecrate","damage_taken":0,"max_hp_gain":0,"max_hp_loss":0,"event_name":"Golden Shrine","floor":2,"gold_loss":0,"cards_obtained":["Regret"]},{"damage_healed":0,"gold_gain":0,"player_choice":"Entered Light","damage_taken":14,"max_hp_gain":0,"max_hp_loss":0,"event_name":"Shining Light","floor":4,"gold_loss":0,"cards_upgraded":["Eruption","Defend_P"]},{"damage_healed":0,"gold_gain":0,"player_choice":"Inject Mutagens","damage_taken":0,"relics_obtained":["MutagenicStrength"],"max_hp_gain":0,"max_hp_loss":0,"event_name":"Drug Dealer","floor":19,"gold_loss":0},{"damage_healed":0,"gold_gain":0,"player_choice":"Obtained Book","damage_taken":16,"max_hp_gain":0,"max_hp_loss":0,"event_name":"Cursed Tome","floor":20,"gold_loss":0},{"damage_healed":0,"gold_gain":99,"player_choice":"Stole From Cult","damage_taken":0,"max_hp_gain":0,"max_hp_loss":0,"event_name":"Nest","floor":21,"gold_loss":0},{"damage_healed":0,"gold_gain":0,"player_choice":"Ignored","damage_taken":0,"max_hp_gain":0,"max_hp_loss":0,"event_name":"Ghosts","floor":22,"gold_loss":0}],"is_beta":false,"boss_relics":[{"not_picked":["Ectoplasm","Runic Dome"],"picked":"Runic Pyramid"}],"items_purged_floors":[13],"is_endless":false,"potions_floor_spawned":[7,12,14,16,18],"killed_by":"Gremlin Leader","ascension_level":0}}