{"host":"hu28r05xoq06ggve","time":1607748504,"event":{"mods":["BaseMod","Hubris","Infinite Spire","Minty Spire (QoL Compilation)","Replay The Spire","StSLib"],"gold_per_floor":[119,119,137,137,164,164,164,164,164,208,133,154,154,178,178,309,309,325,325,325,359,259,259,259],"floor_reached":23,"playtime":1644,"items_purged":["Injury","Decay"],"score":185,"play_id":"fdbe09bc-905d-4cd7-9656-3f8a8748a7e8","local_time":"20201211204824","is_ascension_mode":false,"campfire_choices":[{"data":"Iron Wave","floor":6,"key":"SMITH"},{"data":"Shrug It Off","floor":8,"key":"SMITH"},{"data":"Neutralize","floor":13,"key":"SMITH"},{"data":"Headbutt","floor":15,"key":"SMITH"}],"circlet_count":0,"master_deck":["Strike_R","Strike_R","Strike_R","Strike_R","Strike_R","Defend_R","Defend_R","Defend_R","Defend_R","Shrug It Off+1","Iron Wave+1","Survivor","Neutralize+1","Headbutt+1","Barricade","Metallicize"],"relics":["Burning Blood","Art of War","infinitespire:Satchel","Golden Idol","hubris:OldNail","Mercury Hourglass","hubris:Backtick","Matryoshka","Oddly Smooth Stone","Red Mask"],"acts_visited":["Exordium","TheCity"],"potions_floor_usage":[21,23],"damage_taken":[{"damage":4,"enemies":"Cultist","floor":1,"turns":4},{"damage":2,"enemies":"2 Louse","floor":3,"turns":4},{"damage":27,"enemies":"3 Sentries","floor":10,"turns":12},{"damage":0,"enemies":"Jaw Worm","floor":12,"turns":3},{"damage":0,"enemies":"Large Slime","floor":14,"turns":5},{"damage":11,"enemies":"The Guardian","floor":16,"turns":16},{"damage":0,"enemies":"3 Byrds","floor":18,"turns":6},{"damage":53,"enemies":"Masked Bandits","floor":21,"turns":7},{"damage":45,"enemies":"Gremlin Leader","floor":23,"turns":9}],"seed_played":"8677725766569041527","potions_obtained":[{"floor":1,"key":"Strength Potion"},{"floor":3,"key":"Explosive Potion"},{"floor":12,"key":"Weak Potion"},{"floor":21,"key":"AttackPotion"}],"is_trial":false,"path_per_floor":["M","?","M","?","T","R","?","R","T","E","$","M","R","M","R","B",null,"M","?","?","?","$","E"],"character_chosen":"IRONCLAD","items_purchased":[],"campfire_rested":0,"item_purchase_floors":[],"current_hp_per_floor":[80,80,80,80,80,80,80,80,80,59,59,65,65,71,71,66,80,80,80,80,33,33,0,0],"gold":259,"neow_bonus":"THREE_CARDS","is_daily":false,"chose_seed":false,"campfire_upgraded":4,"win_rate":0.0,"timestamp":1607748504,"path_taken":["M","?","M","?","?","R","?","R","T","E","$","M","R","M","R","BOSS","M","?","?","?","$","E"],"items_purchased_type":[],"build_version":"2020-11-30","purchased_purges":2,"victory":false,"max_hp_per_floor":[80,80,80,80,80,80,80,80,80,80,80,80,80,80,80,80,80,80,80,80,80,80,80,80],"card_choices":[{"not_picked":["True Grit","Cleave"],"picked":"Shrug It Off","floor":0},{"not_picked":["Bloodletting","Perfected Strike"],"picked":"Iron Wave","floor":1},{"not_picked":["Shockwave","Flex","Warcry"],"picked":"SKIP","floor":3},{"not_picked":["Whirlwind","Sword Boomerang","hubris:ReadiedAction"],"picked":"SKIP","floor":10},{"not_picked":["Sword Boomerang","Warcry"],"picked":"Headbutt","floor":12},{"not_picked":["Life Link","Replay:Many Hands","hubris:ReadiedAction"],"picked":"SKIP","floor":14},{"not_picked":["Demonic Infusion","Impervious"],"picked":"Barricade","floor":16},{"not_picked":["ReplayTheSpireMod:Limb From Limb+1","Searing Blow"],"picked":"Metallicize","floor":18}],"player_experience":89244,"relics_obtained":[{"floor":2,"key":"Art of War"},{"floor":5,"key":"infinitespire:Satchel"},{"floor":9,"key":"hubris:OldNail"},{"floor":10,"key":"Mercury Hourglass"},{"floor":21,"key":"Red Mask"}],"event_choices":[{"damage_healed":0,"gold_gain":0,"player_choice":"Take Wound","damage_taken":0,"relics_obtained":["Golden Idol"],"max_hp_gain":0,"max_hp_loss":0,"event_name":"Golden Idol","floor":7,"gold_loss":0,"cards_obtained":["Injury"]},{"damage_healed":0,"gold_gain":0,"player_choice":"Fought Bandits","damage_taken":0,"max_hp_gain":0,"max_hp_loss":0,"event_name":"Masked Bandits","floor":21,"gold_loss":0}],"is_beta":false,"boss_relics":[{"not_picked":["Busted Crown","Replay:Drink Me"],"picked":"hubris:Backtick"}],"items_purged_floors":[11,22],"is_endless":false,"potions_floor_spawned":[1,3,12,14,21],"killed_by":"Gremlin Leader","ascension_level":0}}