{"host":"91n1pc4te07j54gv","time":1607787256,"event":{"mods":["BaseMod","BetterRewards","Colored Powertips","Downfall","Highlight Path","Infinite Spire","Minty Spire (QoL Compilation)","Quick Restart","Relic Filter","Relic Stats","Replay The Spire","Spicy Shops","StSLib"],"gold_per_floor":[112,112,124,13,13,40,40,73,73,73,100,100,134,151,151,224,224,237,237,252,272,61,90,123,123,123,123,123,123],"floor_reached":28,"playtime":1357,"items_purged":["Strike_B","Strike_B","Defend_B"],"score":764,"play_id":"e7d26ea8-e2e0-4001-aebf-22c7eb2f0bd0","local_time":"20201212233416","is_ascension_mode":true,"campfire_choices":[{"data":"ReplayTheSpireMod:Fabricate Wheel","floor":7.0,"key":"SMITH"},{"data":"Discovery","floor":7.0,"key":"SMITH"},{"data":"Creative AI","floor":12.0,"key":"SMITH"},{"data":"Creative AI","floor":12.0,"key":"SMITH"},{"data":"Storm","floor":15.0,"key":"SMITH"},{"data":"Recycle","floor":15.0,"key":"SMITH"},{"data":"Amplify","floor":25.0,"key":"SMITH"},{"data":"Self Repair","floor":25.0,"key":"SMITH"}],"circlet_count":0,"master_deck":["AscendersBane","Defend_B","Defend_B","Defend_B+1","Zap","Dualcast","Self Repair+1","Self Repair+1","Master of Strategy","Discovery+1","Cold Snap","Hologram","Storm+1","Cold Snap","Creative AI+1","Creative AI+1","Undo","Recycle+1","Storm+1","Amplify+1","Barrage+1","Skim","Ball Lightning","ReplaySolidLightProjector+1","Coolheaded","Crystallizer","Double Energy"],"relics":["Cracked Core","Runic Capacitor","Blue Candle","Replay:Arrowhead","WingedGreaves","Counterbalance","Meat on the Bone","ClockworkSouvenir","Solar Panel","Boot","Pondfish Scales","Prayer Wheel","Geode","infinitespire:Golems Mask","Empty Cage","Replay:Frozen Program","Pen Nib","Du-Vu Doll","DataDisk"],"acts_visited":["Exordium","TheCity"],"potions_floor_usage":[],"damage_taken":[{"damage":0.0,"enemies":"Small Slimes","floor":1.0,"turns":4.0},{"damage":13.0,"enemies":"Cultist","floor":3.0,"turns":4.0},{"damage":40.0,"enemies":"Gremlin Nob","floor":6.0,"turns":5.0},{"damage":19.0,"enemies":"3 Sentries","floor":8.0,"turns":5.0},{"damage":15.0,"enemies":"Replay:BlueRogue","floor":11.0,"turns":5.0},{"damage":30.0,"enemies":"3 Sentries","floor":13.0,"turns":4.0},{"damage":5.0,"enemies":"Jaw Worm","floor":14.0,"turns":3.0},{"damage":6.0,"enemies":"The Guardian","floor":16.0,"turns":8.0},{"damage":20.0,"enemies":"Spheric Guardian","floor":18.0,"turns":3.0},{"damage":20.0,"enemies":"Chosen","floor":20.0,"turns":3.0},{"damage":24.0,"enemies":"Snake Plant","floor":21.0,"turns":3.0},{"damage":55.0,"enemies":"Slavers","floor":23.0,"turns":3.0},{"damage":23.0,"enemies":"Gremlin Leader","floor":24.0,"turns":5.0},{"damage":49,"enemies":"Nightmare","floor":28,"turns":3}],"seed_played":"-1370319659611637569","potions_obtained":[{"floor":1.0,"key":"DuplicationPotion"},{"floor":8.0,"key":"Explosive Potion"},{"floor":24.0,"key":"Dexterity Potion"}],"is_trial":false,"path_per_floor":["M","?","M","$","?","E","R","E","T","?","E","R","E","M","R","B",null,"M","AVR","M","M","$","E","E","R","T","?","NM"],"character_chosen":"DEFECT","items_purchased":["Runic Capacitor","Self Repair","Blue Candle","Master of Strategy","Discovery","Meat on the Bone","Cold Snap","ClockworkSouvenir","Storm","Cold Snap","Crystallizer"],"campfire_rested":0,"item_purchase_floors":[0,0,0,0,0,0,0,0,4,4,22],"current_hp_per_floor":[48,48,64,64,43,32,32,46,46,46,68,68,58,69,69,71,71,71,71,63,59,59,32,48,48,48,48,0,0],"gold":123,"neow_bonus":"","is_daily":false,"chose_seed":false,"campfire_upgraded":8,"win_rate":0.0,"timestamp":1607787256,"path_taken":["M","?","M","?","?","E","R","E","T","?","E","R","E","?","R","BOSS","M","AVR","M","M","$","E","E","R","T","?","NM"],"items_purchased_type":["Relic","Card","Relic","Card","Card","Relic","Card","Relic","Card","Card","Card"],"build_version":"2020-11-30","purchased_purges":3,"victory":false,"max_hp_per_floor":[71,71,71,71,71,71,71,71,71,71,71,71,71,71,71,71,71,71,71,71,71,71,71,71,71,71,71,71,71],"relic_stats":{"counters":[142,608],"Blue Candle":[0],"Prayer Wheel":17,"Pen Nib":[0],"Boot":[5],"obtain_stats":[{"infinitespire:BottledMercury":54,"infinitespire:Cubic Diamond":2,"Ginger":0,"Bottled Tornado":53,"Boot":8,"FrozenCore":17,"Replay:Ringing Soul":9,"infinitespire:ShieldingShard":13,"MealTicket":26,"infinitespire:Golems Mask":13,"Fusion Hammer":17,"HandDrill":0,"Replay:Wax Seal":53,"Counterbalance":25,"Blue Candle":0,"Pen Nib":23,"Guardian:PocketSentry":10,"infinitespire:Magic Flask":49,"infinitespire:EvilPickle":33,"SlaversCollar":17,"infinitespire:Lychee Nut":21,"Bird Faced Urn":0,"Pandora\u0027s Box":0,"StrikeDummy":34,"Solar Panel":6,"Lantern":11,"Regal Pillow":14,"Singing Bowl":26,"Torii":53,"Blue Doll":13,"Bag of Preparation":30,"Smiling Mask":12,"Ancient Tea Set":40,"Pet Ghost":46,"Matryoshka":12,"Shovel":0,"WingedGreaves":7,"Replay:Bottled Eggs":40,"InkBottle":23,"Potion Belt":23,"Lee\u0027s Waffle":14,"infinitespire:Joker Card":0,"Geode":7,"Frozen Egg 2":0,"MawBank":43,"Replay:Arrowhead":0,"Nuclear Battery":17,"Orrery":0,"Garlic":8,"Art of War":53,"ReplayTheSpireMod:Lightbulb":30,"Toy Ornithopter":42,"infinitespire:Freezer":43,"Ice Cream":21,"Calipers":7,"Vajra":10,"Runic Capacitor":0,"Sozu":17,"Lizard Tail":24,"Centennial Puzzle":48,"infinitespire:SolderingIron":0,"Replay:Frozen Program":19,"DollysMirror":11,"Prayer Wheel":34,"Philosopher\u0027s Stone":34,"Iron Hammer":12,"Toxic Egg 2":0,"Girya":0,"Happy Flower":40,"Replay:Grab Bag":17,"Oddly Smooth Stone":54,"infinitespire:Beetle Shell":10,"Letter Opener":32,"Du-Vu Doll":53,"OrangePellets":0,"Replay:Baseball":28,"Bottled Flame":14,"Bronze Scales":10,"Molten Egg 2":4,"ReplayTheSpireMod:TigerMarble":2,"infinitespire:EmpoweringShard":28,"Black Star":34,"Symbiotic Virus":3,"Mirror":52,"Meat on the Bone":0,"SacredBark":17,"Incense Burner":24,"Juzu Bracelet":41,"Empty Cage":17,"ClockworkSouvenir":0,"Frozen Eye":53,"Nunchaku":23,"Mummified Hand":9,"Tiny Chest":21,"Red Mask":22,"Replay:Bottled Snecko":6,"Replay:Antivirus Software":53,"Cracked Core":0,"Gremlin Food":53,"ReplayTheSpireMod:Ninjato":44,"Quantum Egg":4,"Replay:WaspNest":42,"White Beast Statue":28,"Mercury Hourglass":14,"Calling Bell":34,"Strange Spoon":6,"DataDisk":29,"CaptainsWheel":0,"Anchor":6,"Pondfish Scales":9,"infinitespire:Satchel":34,"Coffee Dripper":17,"Bag of Marbles":13,"Membership Card":53,"FossilizedHelix":21,"TungstenRod":0,"ReplayTheSpireMod:ShopPack":53},{"infinitespire:BottledMercury":69,"infinitespire:Cubic Diamond":1,"Ginger":70,"Bottled Tornado":68,"Boot":132,"FrozenCore":48,"Replay:Ringing Soul":33,"infinitespire:ShieldingShard":36,"MealTicket":14,"infinitespire:Golems Mask":134,"Fusion Hammer":48,"HandDrill":29,"Replay:Wax Seal":126,"Counterbalance":83,"Blue Candle":128,"Pen Nib":140,"Guardian:PocketSentry":34,"infinitespire:Magic Flask":96,"infinitespire:EvilPickle":57,"SlaversCollar":79,"infinitespire:Lychee Nut":12,"Bird Faced Urn":29,"Pandora\u0027s Box":0,"StrikeDummy":57,"Solar Panel":131,"Lantern":6,"Regal Pillow":9,"Singing Bowl":53,"Torii":68,"Blue Doll":36,"Bag of Preparation":55,"Smiling Mask":47,"Ancient Tea Set":120,"Pet Ghost":94,"Matryoshka":36,"Shovel":70,"WingedGreaves":76,"Replay:Bottled Eggs":120,"InkBottle":13,"Potion Belt":27,"Lee\u0027s Waffle":22,"infinitespire:Joker Card":15,"Geode":4,"Frozen Egg 2":70,"MawBank":91,"Replay:Arrowhead":128,"Nuclear Battery":106,"Orrery":15,"Garlic":19,"Art of War":126,"ReplayTheSpireMod:Lightbulb":85,"Toy Ornithopter":121,"infinitespire:Freezer":64,"Ice Cream":12,"Calipers":32,"Vajra":4,"Runic Capacitor":70,"Sozu":23,"Lizard Tail":53,"Centennial Puzzle":96,"infinitespire:SolderingIron":99,"Replay:Frozen Program":137,"DollysMirror":76,"Prayer Wheel":57,"Philosopher\u0027s Stone":87,"Iron Hammer":76,"Toxic Egg 2":99,"Girya":99,"Happy Flower":62,"Replay:Grab Bag":48,"Oddly Smooth Stone":127,"infinitespire:Beetle Shell":20,"Letter Opener":86,"Du-Vu Doll":97,"OrangePellets":70,"Replay:Baseball":27,"Bottled Flame":47,"Bronze Scales":45,"Molten Egg 2":16,"ReplayTheSpireMod:TigerMarble":30,"infinitespire:EmpoweringShard":54,"Black Star":116,"Symbiotic Virus":30,"Mirror":97,"Meat on the Bone":128,"SacredBark":10,"Incense Burner":82,"Juzu Bracelet":90,"Empty Cage":48,"ClockworkSouvenir":128,"Frozen Eye":97,"Nunchaku":82,"Mummified Hand":76,"Tiny Chest":25,"Red Mask":51,"Replay:Bottled Snecko":43,"Replay:Antivirus Software":126,"Cracked Core":0,"Gremlin Food":97,"ReplayTheSpireMod:Ninjato":65,"Quantum Egg":2,"Replay:WaspNest":64,"White Beast Statue":84,"Mercury Hourglass":78,"Calling Bell":57,"Strange Spoon":17,"DataDisk":28,"CaptainsWheel":70,"Anchor":103,"Pondfish Scales":132,"infinitespire:Satchel":57,"Coffee Dripper":48,"Bag of Marbles":105,"Membership Card":97,"FossilizedHelix":80,"TungstenRod":99,"ReplayTheSpireMod:ShopPack":126},{"infinitespire:BottledMercury":336,"infinitespire:Cubic Diamond":2,"Ginger":342,"Bottled Tornado":332,"Boot":568,"FrozenCore":218,"Replay:Ringing Soul":147,"infinitespire:ShieldingShard":158,"MealTicket":63,"infinitespire:Golems Mask":577,"Fusion Hammer":218,"HandDrill":137,"Replay:Wax Seal":541,"Counterbalance":384,"Blue Candle":550,"Pen Nib":600,"Guardian:PocketSentry":152,"infinitespire:Magic Flask":412,"infinitespire:EvilPickle":276,"SlaversCollar":373,"infinitespire:Lychee Nut":50,"Bird Faced Urn":137,"Pandora\u0027s Box":0,"StrikeDummy":276,"Solar Panel":563,"Lantern":23,"Regal Pillow":32,"Singing Bowl":246,"Torii":332,"Blue Doll":158,"Bag of Preparation":256,"Smiling Mask":207,"Ancient Tea Set":516,"Pet Ghost":409,"Matryoshka":158,"Shovel":342,"WingedGreaves":364,"Replay:Bottled Eggs":516,"InkBottle":56,"Potion Belt":124,"Lee\u0027s Waffle":97,"infinitespire:Joker Card":70,"Geode":14,"Frozen Egg 2":342,"MawBank":403,"Replay:Arrowhead":550,"Nuclear Battery":460,"Orrery":70,"Garlic":81,"Art of War":541,"ReplayTheSpireMod:Lightbulb":388,"Toy Ornithopter":520,"infinitespire:Freezer":312,"Ice Cream":50,"Calipers":145,"Vajra":14,"Runic Capacitor":342,"Sozu":108,"Lizard Tail":246,"Centennial Puzzle":412,"infinitespire:SolderingIron":421,"Replay:Frozen Program":591,"DollysMirror":364,"Prayer Wheel":276,"Philosopher\u0027s Stone":394,"Iron Hammer":364,"Toxic Egg 2":421,"Girya":421,"Happy Flower":299,"Replay:Grab Bag":218,"Oddly Smooth Stone":544,"infinitespire:Beetle Shell":87,"Letter Opener":390,"Du-Vu Doll":416,"OrangePellets":342,"Replay:Baseball":124,"Bottled Flame":207,"Bronze Scales":197,"Molten Egg 2":73,"ReplayTheSpireMod:TigerMarble":139,"infinitespire:EmpoweringShard":252,"Black Star":499,"Symbiotic Virus":139,"Mirror":416,"Meat on the Bone":550,"SacredBark":41,"Incense Burner":379,"Juzu Bracelet":401,"Empty Cage":218,"ClockworkSouvenir":550,"Frozen Eye":416,"Nunchaku":379,"Mummified Hand":364,"Tiny Chest":114,"Red Mask":235,"Replay:Bottled Snecko":187,"Replay:Antivirus Software":541,"Cracked Core":0,"Gremlin Food":416,"ReplayTheSpireMod:Ninjato":317,"Quantum Egg":4,"Replay:WaspNest":312,"White Beast Statue":386,"Mercury Hourglass":369,"Calling Bell":276,"Strange Spoon":76,"DataDisk":136,"CaptainsWheel":342,"Anchor":438,"Pondfish Scales":568,"infinitespire:Satchel":276,"Coffee Dripper":218,"Bag of Marbles":449,"Membership Card":416,"FossilizedHelix":375,"TungstenRod":421,"ReplayTheSpireMod:ShopPack":541}],"Meat on the Bone":84},"card_choices":[{"not_picked":["Redo","Beam Cell"],"picked":"Hologram","floor":1.0},{"not_picked":["Leap","Steam","ReplaySolidLightProjector"],"picked":"SKIP","floor":3.0},{"not_picked":["Capacitor","Rebound"],"picked":"ReplayTheSpireMod:Fabricate Wheel","floor":6.0},{"not_picked":["Compile Driver","FTL"],"picked":"Creative AI","floor":8.0},{"not_picked":["Auto Shields","Machine Learning"],"picked":"Undo","floor":11.0},{"not_picked":["Heatsinks","BootSequence"],"picked":"Recycle","floor":13.0},{"not_picked":["Time Bomb","Coolheaded"],"picked":"Storm","floor":14.0},{"not_picked":["Darkness","Stack","Melter"],"picked":"SKIP","floor":14.0},{"not_picked":["Thunder Strike","Multi-Cast"],"picked":"Amplify","floor":16.0},{"not_picked":["Sweeping Beam","BasicCrystalCard"],"picked":"Barrage+1","floor":18.0},{"not_picked":["Rebound","Streamline","Steam"],"picked":"SKIP","floor":18.0},{"not_picked":["Rebound","Streamline","Steam"],"picked":"SKIP","floor":18.0},{"not_picked":["Barrage","Steam"],"picked":"Skim","floor":20.0},{"not_picked":["Conserve Battery","Reinforced Body"],"picked":"Ball Lightning","floor":20.0},{"not_picked":["ReplayTheSpireMod:Repulse","Rip and Tear"],"picked":"ReplaySolidLightProjector+1","floor":21.0},{"not_picked":["Hologram","Rebound"],"picked":"Coolheaded","floor":21.0},{"not_picked":["Gash","Beam Cell","ReplaySort"],"picked":"SKIP","floor":23.0},{"not_picked":["Panic Button","Turbo"],"picked":"Double Energy","floor":24.0}],"player_experience":956865,"relics_obtained":[{"floor":6.0,"key":"Solar Panel"},{"floor":8.0,"key":"Boot"},{"floor":9.0,"key":"Pondfish Scales"},{"floor":11.0,"key":"Geode"},{"floor":13.0,"key":"infinitespire:Golems Mask"},{"floor":23.0,"key":"Pen Nib"},{"floor":24.0,"key":"Du-Vu Doll"},{"floor":26.0,"key":"DataDisk"}],"event_choices":[{"damage_healed":0.0,"max_hp_gain":0.0,"max_hp_loss":0.0,"gold_gain":0.0,"event_name":"Shining Light","player_choice":"Entered Light","floor":5.0,"gold_loss":0.0,"damage_taken":21.0,"cards_upgraded":["Storm","Defend_B"]},{"damage_healed":0.0,"max_hp_gain":0.0,"max_hp_loss":0.0,"gold_gain":0.0,"event_name":"The Cleric","player_choice":"Leave","floor":10.0,"gold_loss":0.0,"damage_taken":0.0}],"is_beta":false,"boss_relics":[{"not_picked":["Velvet Choker","ReplayTheSpireMod:SealedPack"],"picked":"Empty Cage"}],"items_purged_floors":[0,0,22],"is_endless":false,"potions_floor_spawned":[1,8,16,20,24],"killed_by":"Nightmare","ascension_level":20}}