{"host":"1c52r9kaxdyo25eq","time":1607747103,"event":{"mods":["AchievementEnabler","BaseMod","Minty Spire (QoL Compilation)","Rare Cards Sparkle","SuperFastMode","everything is the same but u backflip on backflip"],"gold_per_floor":[119,136,151,171,171,171,198,198,198,228,242,272,272,291,291,363,363,363,363],"floor_reached":18,"playtime":430,"items_purged":[],"score":335,"play_id":"f2e77a6a-70ea-4424-897d-294b89de85e6","local_time":"20201212132503","is_ascension_mode":true,"campfire_choices":[{"data":"MentalFortress","floor":6.0,"key":"SMITH"},{"data":"FearNoEvil","floor":8.0,"key":"SMITH"},{"floor":13.0,"key":"REST"},{"data":"Vault","floor":15.0,"key":"SMITH"}],"circlet_count":0,"master_deck":["AscendersBane","Strike_P","Strike_P","Strike_P","Strike_P","Defend_P","Defend_P","Defend_P","Defend_P","Eruption+1","Vigilance","MentalFortress+1","FearNoEvil+1","EmptyMind","Vault+1"],"relics":["PureWater","Ice Cream","Blood Vial","Frozen Egg 2","Turnip","VioletLotus"],"acts_visited":["Exordium","TheCity"],"potions_floor_usage":[],"damage_taken":[{"damage":3.0,"enemies":"2 Louse","floor":1.0,"turns":4.0},{"damage":2.0,"enemies":"Cultist","floor":2.0,"turns":3.0},{"damage":0.0,"enemies":"Jaw Worm","floor":3.0,"turns":3.0},{"damage":8.0,"enemies":"Looter","floor":4.0,"turns":4.0},{"damage":5.0,"enemies":"Lagavulin","floor":7.0,"turns":7.0},{"damage":33.0,"enemies":"3 Sentries","floor":10.0,"turns":11.0},{"damage":2.0,"enemies":"Large Slime","floor":11.0,"turns":5.0},{"damage":0.0,"enemies":"Red Slaver","floor":14.0,"turns":3.0},{"damage":6.0,"enemies":"The Guardian","floor":16.0,"turns":12.0},{"damage":31,"enemies":"3 Byrds","floor":18,"turns":4}],"seed_played":"-2489399196940809558","potions_obtained":[{"floor":2.0,"key":"LiquidMemories"},{"floor":7.0,"key":"DuplicationPotion"},{"floor":11.0,"key":"DuplicationPotion"},{"floor":16.0,"key":"Strength Potion"}],"is_trial":false,"path_per_floor":["M","M","M","M","?","R","E","R","T","E","M","?","R","M","R","B",null,"M"],"character_chosen":"WATCHER","items_purchased":[],"campfire_rested":1,"item_purchase_floors":[],"current_hp_per_floor":[58,56,56,48,48,48,43,43,43,12,12,12,30,32,32,28,54,25,25],"gold":363,"neow_bonus":"ONE_RARE_RELIC","is_daily":false,"chose_seed":false,"campfire_upgraded":3,"win_rate":0.0,"timestamp":1607747103,"path_taken":["M","M","M","M","?","R","E","R","T","E","?","?","R","M","R","BOSS","M"],"items_purchased_type":[],"build_version":"2020-11-30","purchased_purges":0,"victory":false,"max_hp_per_floor":[62,62,62,62,62,62,62,62,62,62,62,62,62,62,62,62,62,62,62],"card_choices":[{"not_picked":["FlurryOfBlows","ClearTheMind","CutThroughFate"],"picked":"SKIP","floor":1.0},{"not_picked":["Consecrate","Evaluate","BowlingBash"],"picked":"SKIP","floor":2.0},{"not_picked":["FlyingSleeves","Evaluate","Consecrate"],"picked":"SKIP","floor":3.0},{"not_picked":["Protect","Halt"],"picked":"MentalFortress","floor":4.0},{"not_picked":["FlurryOfBlows","BowlingBash"],"picked":"FearNoEvil","floor":7.0},{"not_picked":["SandsOfTime","Nirvana+1"],"picked":"EmptyMind","floor":10.0},{"not_picked":["EmptyFist","FollowUp","Protect"],"picked":"SKIP","floor":11.0},{"not_picked":["Evaluate","Halt"],"picked":"Vault","floor":14.0}],"player_experience":462957,"relics_obtained":[{"floor":7.0,"key":"Blood Vial"},{"floor":9.0,"key":"Frozen Egg 2"},{"floor":10.0,"key":"Turnip"}],"event_choices":[{"damage_healed":0.0,"max_hp_gain":0.0,"max_hp_loss":0.0,"gold_gain":0.0,"event_name":"Upgrade Shrine","player_choice":"Upgraded","floor":5.0,"gold_loss":0.0,"damage_taken":0.0,"cards_upgraded":["Eruption"]},{"damage_healed":0.0,"max_hp_gain":0.0,"max_hp_loss":0.0,"gold_gain":30.0,"event_name":"Dead Adventurer","player_choice":"Searched \u00271\u0027 times","floor":12.0,"gold_loss":0.0,"damage_taken":0.0}],"is_beta":false,"boss_relics":[{"not_picked":["Velvet Choker","Black Star"],"picked":"VioletLotus"}],"items_purged_floors":[],"is_endless":false,"potions_floor_spawned":[2,7,11,16],"killed_by":"3 Byrds","ascension_level":19}}