{"host":"5f8ute538gzudddu","time":1607743491,"event":{"mods":["BaseMod","Highlight Path","Minty Spire (QoL Compilation)","Relic Stats","StSLib"],"gold_per_floor":[114,128,49,49,65,65,93,106,129,143,68,68,13,32,32,109,109,148,48,323,8,45,45,45,45],"floor_reached":24,"playtime":1325,"items_purged":["Strike_P","Defend_P","Regret"],"score":392,"play_id":"dfed1256-688b-41de-99ad-310503e4e4dd","local_time":"20201211192451","is_ascension_mode":true,"campfire_choices":[{"data":"Ragnarok","floor":6.0,"key":"SMITH"},{"data":"Wallop","floor":12,"key":"SMITH"},{"data":"DeceiveReality","floor":15,"key":"SMITH"},{"floor":23,"key":"REST"}],"circlet_count":0,"master_deck":["AscendersBane","Strike_P","Defend_P","Vigilance","Ragnarok+1","EmptyBody","Prostrate","Prostrate","WreathOfFlame+1","Evaluate","DeceiveReality+1","Wallop+1","Brilliance","Wish","JustLucky+1","Study+1","DevaForm+1","Secret Weapon"],"relics":["PureWater","Akabeko","Art of War","Astrolabe"],"acts_visited":["Exordium","TheCity"],"potions_floor_usage":[8,24],"damage_taken":[{"damage":1.0,"enemies":"Small Slimes","floor":1.0,"turns":3.0},{"damage":7.0,"enemies":"Cultist","floor":2.0,"turns":3.0},{"damage":4.0,"enemies":"Jaw Worm","floor":5.0,"turns":4.0},{"damage":36,"enemies":"Gremlin Nob","floor":7,"turns":4},{"damage":0,"enemies":"Lots of Slimes","floor":8,"turns":3},{"damage":0,"enemies":"Blue Slaver","floor":10,"turns":3},{"damage":1,"enemies":"2 Fungi Beasts","floor":14,"turns":3},{"damage":2,"enemies":"Hexaghost","floor":16,"turns":9},{"damage":17,"enemies":"Chosen","floor":18,"turns":5},{"damage":8,"enemies":"2 Thieves","floor":22,"turns":4},{"damage":52,"enemies":"Gremlin Leader","floor":24,"turns":4}],"seed_played":"-65976370756990664","potions_obtained":[{"floor":7,"key":"Fire Potion"},{"floor":8,"key":"PowerPotion"},{"floor":16,"key":"SpeedPotion"}],"is_trial":false,"path_per_floor":["M","M","$","?","M","R","E","M","T","M","$","R","$","M","R","B",null,"M","$","?","$","M","R","E"],"character_chosen":"WATCHER","items_purchased":["WreathOfFlame","SteroidPotion","Secret Weapon"],"campfire_rested":1,"item_purchase_floors":[3,13,21],"current_hp_per_floor":[60,53,53,53,49,49,13,13,13,13,13,13,13,12,12,10,49,32,32,32,32,24,42,0,0],"gold":45,"neow_bonus":"TRANSFORM_TWO_CARDS","is_daily":false,"chose_seed":false,"campfire_upgraded":3,"win_rate":0.0,"timestamp":1607743491,"path_taken":["M","M","$","?","M","R","E","M","T","?","?","R","$","M","R","BOSS","M","$","?","$","?","R","E"],"items_purchased_type":["Card","Potion","Card"],"build_version":"2020-11-30","purchased_purges":3,"victory":false,"max_hp_per_floor":[62,62,62,62,62,62,62,62,62,62,62,62,62,62,62,62,62,62,62,62,62,62,62,62,62],"relic_stats":{"counters":[11,45],"Astrolabe":["JustLucky","Study","DevaForm"],"Art of War":[12],"obtain_stats":[{"Astrolabe":17,"Art of War":9,"PureWater":0,"Akabeko":7},{"Astrolabe":8,"Art of War":5,"PureWater":0,"Akabeko":4},{"Astrolabe":32,"Art of War":17,"PureWater":0,"Akabeko":14}]},"card_choices":[{"not_picked":["FlyingSleeves","Consecrate"],"picked":"Prostrate","floor":1.0},{"not_picked":["Adaptation","Halt"],"picked":"Prostrate","floor":2.0},{"not_picked":["SashWhip","BattleHymn"],"picked":"Evaluate","floor":5.0},{"not_picked":["ForeignInfluence","Prostrate"],"picked":"DeceiveReality","floor":7},{"not_picked":["ThirdEye","PathToVictory"],"picked":"Wallop","floor":8},{"not_picked":["Collect","PathToVictory"],"picked":"Brilliance","floor":10},{"not_picked":["PathToVictory","FlurryOfBlows","FlyingSleeves"],"picked":"SKIP","floor":14},{"not_picked":["DevaForm","Alpha"],"picked":"Wish","floor":16},{"not_picked":["Protect","BowlingBash","CarveReality"],"picked":"SKIP","floor":18},{"not_picked":["Sanctity","FlurryOfBlows","CrushJoints"],"picked":"SKIP","floor":22}],"player_experience":866091,"relics_obtained":[{"floor":7,"key":"Akabeko"},{"floor":9,"key":"Art of War"}],"event_choices":[{"damage_healed":0.0,"max_hp_gain":0.0,"max_hp_loss":0.0,"gold_gain":0.0,"event_name":"Accursed Blacksmith","player_choice":"Forge","floor":4.0,"gold_loss":0.0,"damage_taken":0.0,"cards_upgraded":["WreathOfFlame"]},{"damage_healed":0,"gold_gain":275,"player_choice":"Desecrate","damage_taken":0,"max_hp_gain":0,"max_hp_loss":0,"event_name":"Golden Shrine","floor":20,"gold_loss":0,"cards_obtained":["Regret"]}],"is_beta":false,"boss_relics":[{"not_picked":["HolyWater","Fusion Hammer"],"picked":"Astrolabe"}],"items_purged_floors":[11,19,21],"is_endless":false,"potions_floor_spawned":[7,8,14,16],"killed_by":"Gremlin Leader","ascension_level":20}}