{"host":"qqjv58wfhopf6ysa","time":1607764567,"event":{"mods":["AchievementEnabler","Aspiration","BaseMod","Conspire","Hubris","Infinite Spire","Minty Spire (QoL Compilation)","Quick Restart","Replay The Spire","StSLib","SuperFastMode","vexMod"],"gold_per_floor":[114,141,173,189,207,207,207,207,207,51,66,66,66,82,82,187,187,205,221,64,82,82,82,98,98,123,123,50,66,66,93,93,192,192,206,52,52,52,52,66,66,100,127,161,136,136,136],"floor_reached":46,"playtime":1520,"items_purged":[],"score":584,"play_id":"df57982c-7ad4-4c86-b784-4367ab9ce975","local_time":"20201212181607","is_ascension_mode":false,"campfire_choices":[{"data":"White Noise","floor":6,"key":"SMITH"},{"data":"Fusion","floor":8,"key":"SMITH"},{"data":"Crystallizer","floor":23,"key":"SMITH"},{"data":"White Noise","floor":27,"key":"SMITH"}],"circlet_count":0,"master_deck":["Strike_B","Defend_B","Defend_B","Defend_B","Zap+1","Dualcast","Coolheaded","White Noise+1","Storm+1","Fusion+1","Chill","Turbo","Crystallizer+1","infinitespire:Punishment+1","White Noise+1","aspiration:Polymerization+1","conspire:SharedLibrary","Creative AI","Compile Driver+1","Capacitor+1","Echo Form","Finisher+1","Toxin Wave","Quick Slash+1","Fusion+1","hubris:Prefetch","Buffer"],"relics":["Cracked Core","aspiration:Nostalgia","Ring of the Snake","Dead Branch","hubris:PeanutButter","Molten Egg 2","DataDisk","Prayer Wheel","Inserter","vexMod:Cooldron","Du-Vu Doll","Centennial Puzzle","Anchor","hubris:BlackHole","hubris:Towel","Replay:Wax Seal","Blood Vial","hubris:DisguiseKit"],"acts_visited":["Exordium","TheCity","TheBeyond"],"potions_floor_usage":[16,16,21,33,33,33,33,33],"damage_taken":[{"damage":12,"enemies":"Small Slimes","floor":1,"turns":3},{"damage":3,"enemies":"conspire:MimicChest","floor":3,"turns":5},{"damage":0,"enemies":"2 Louse","floor":4,"turns":2},{"damage":3,"enemies":"Jaw Worm","floor":5,"turns":2},{"damage":0,"enemies":"Blue Slaver","floor":11,"turns":3},{"damage":2,"enemies":"Lots of Slimes","floor":14,"turns":3},{"damage":3,"enemies":"Fading Forest","floor":16,"turns":11},{"damage":9,"enemies":"2 Thieves","floor":18,"turns":4},{"damage":0,"enemies":"Spheric Guardian","floor":19,"turns":6},{"damage":7,"enemies":"Snake Plant","floor":21,"turns":4},{"damage":0,"enemies":"Chosen and Byrds","floor":24,"turns":5},{"damage":4,"enemies":"Centurion and Healer","floor":29,"turns":3},{"damage":37,"enemies":"Nightmare","floor":31,"turns":5},{"damage":33,"enemies":"Automaton","floor":33,"turns":10},{"damage":0,"enemies":"Orb Walker","floor":35,"turns":1},{"damage":0,"enemies":"3 Shapes","floor":40,"turns":1},{"damage":0,"enemies":"Nemesis","floor":42,"turns":1},{"damage":0,"enemies":"Reptomancer","floor":44,"turns":1},{"damage":0,"enemies":"infinitespire:Three Voidlings","floor":46,"turns":1},{"damage":81,"enemies":"Nightmare_Alpha","floor":46,"turns":4}],"seed_played":"-3129685238725230958","potions_obtained":[{"floor":1,"key":"LiquidMemories"},{"floor":11,"key":"Elixir"},{"floor":14,"key":"Elixir"},{"floor":16,"key":"EssenceOfSteel"},{"floor":18,"key":"Block Potion"},{"floor":21,"key":"EntropicBrew"},{"floor":33,"key":"EntropicBrew"}],"is_trial":false,"path_per_floor":["M","?","?","M","M","R","?","R","T","$","M","?","$","M","R","B",null,"M","M","$","M","?","R","M","T","T","R","$","M","?","NM","R","B",null,"M","$","?","$","?","M","$","E","T","E","?","?"],"character_chosen":"DEFECT","items_purchased":["DataDisk","vexMod:Cooldron","aspiration:Polymerization","Echo Form"],"campfire_rested":0,"item_purchase_floors":[10,20,28,36],"current_hp_per_floor":[63,33,30,30,27,27,27,27,27,27,27,27,27,25,25,22,75,66,66,66,59,41,41,41,41,41,41,41,37,62,25,47,14,75,75,75,75,75,75,75,75,75,75,75,75,0,0],"gold":136,"neow_bonus":"NOSTALGIA","is_daily":false,"chose_seed":false,"campfire_upgraded":4,"win_rate":0.0,"timestamp":1607764567,"path_taken":["M","?","?","M","?","R","?","R","T","$","M","?","$","M","R","BOSS","M","?","?","?","?","R","M","?","T","R","?","M","?","NM","R","BOSS","M","?","?","$","?","?","?","E","T","E","?","?"],"items_purchased_type":["Relic","Relic","Card","Card"],"build_version":"2020-11-30","purchased_purges":0,"victory":false,"max_hp_per_floor":[75,75,75,75,75,75,75,75,75,75,75,75,75,75,75,75,75,75,75,75,75,75,75,75,75,75,75,75,75,75,75,75,75,75,75,75,75,75,75,75,75,75,75,75,75,75,75],"card_choices":[{"not_picked":["Panic Button","Beam Cell"],"picked":"Coolheaded","floor":1},{"not_picked":["Leap","Go for the Eyes"],"picked":"White Noise","floor":2},{"not_picked":["Hello World","Panic Button"],"picked":"Storm","floor":3},{"not_picked":["Ball Lightning","Reprogram"],"picked":"Fusion","floor":4},{"not_picked":["Stack","FIFO Queue","Go for the Eyes"],"picked":"SKIP","floor":5},{"not_picked":["Streamline+1","Ball Lightning+1","ReplaySort"],"picked":"SKIP","floor":11},{"not_picked":["Turbo","Panic Button"],"picked":"ReplayTheSpireMod:Fabricate Wheel","floor":14},{"not_picked":["Sweeping Beam+1","Hologram"],"picked":"Turbo","floor":18},{"not_picked":["Reinforced Body","Chill","Beam Cell+1"],"picked":"SKIP","floor":18},{"not_picked":["Recycle","Streamline+1"],"picked":"Crystallizer","floor":19},{"not_picked":["Stack","Ball Lightning+1","Barrage+1"],"picked":"SKIP","floor":19},{"not_picked":["Chaos+1","Steam","Conserve Battery"],"picked":"SKIP","floor":21},{"not_picked":["Ball Lightning+1","Recycle","Panic Button"],"picked":"SKIP","floor":21},{"not_picked":["ReplayTheSpireMod:Haul","infinitespire:Execution"],"picked":"infinitespire:Punishment","floor":22},{"not_picked":["Barrage+1","conspire:Rain"],"picked":"White Noise","floor":24},{"not_picked":["Conserve Battery","Amplify","Ball Lightning+1"],"picked":"SKIP","floor":24},{"not_picked":["Steam","Panic Button"],"picked":"conspire:SharedLibrary","floor":29},{"not_picked":["aspiration:Polymerization","Recycle","Barrage+1"],"picked":"SKIP","floor":29},{"not_picked":["Time Bomb","ReplaySort","Leap"],"picked":"SKIP","floor":31},{"not_picked":["Fission","Amplify"],"picked":"Creative AI","floor":33},{"not_picked":["Go for the Eyes+1","Steam"],"picked":"Compile Driver+1","floor":35},{"not_picked":["Streamline+1","Turbo"],"picked":"Capacitor+1","floor":35},{"not_picked":["Redo+1","Beam Cell+1"],"picked":"Fusion+1","floor":40},{"not_picked":["conspire:Rain+1","Reprogram+1","Rebound+1"],"picked":"SKIP","floor":40},{"not_picked":["Hello World","Rainbow"],"picked":"hubris:Prefetch","floor":42},{"not_picked":["Redo+1","Aggregate"],"picked":"Buffer","floor":44}],"player_experience":315764,"relics_obtained":[{"floor":2,"key":"Dead Branch"},{"floor":3,"key":"hubris:PeanutButter"},{"floor":9,"key":"Molten Egg 2"},{"floor":25,"key":"Du-Vu Doll"},{"floor":26,"key":"Centennial Puzzle"},{"floor":31,"key":"Anchor"},{"floor":42,"key":"Replay:Wax Seal"},{"floor":43,"key":"Blood Vial"},{"floor":44,"key":"hubris:DisguiseKit"}],"event_choices":[{"damage_healed":0,"gold_gain":0,"player_choice":"Grow","damage_taken":0,"max_hp_gain":0,"max_hp_loss":0,"event_name":"Living Wall","floor":7,"gold_loss":0,"cards_upgraded":["Storm"]},{"damage_healed":0,"gold_gain":0,"player_choice":"Forge","damage_taken":0,"max_hp_gain":0,"max_hp_loss":0,"event_name":"Accursed Blacksmith","floor":12,"gold_loss":0,"cards_upgraded":["Zap"]},{"damage_healed":25,"gold_gain":0,"player_choice":"Heal","damage_taken":0,"max_hp_gain":0,"max_hp_loss":0,"event_name":"The Library","floor":30,"gold_loss":0}],"is_beta":false,"boss_relics":[{"not_picked":["hubris:GrandSneckoEye","Fusion Hammer"],"picked":"Inserter"},{"not_picked":["conspire:SlowCooker","vexMod:TanglingVine"],"picked":"hubris:BlackHole"}],"items_purged_floors":[],"is_endless":true,"potions_floor_spawned":[1,11,14,16,18,21,33,40,42],"killed_by":"Nightmare_Alpha","ascension_level":0}}