{"host":"4qin5krp9hszysdc","time":1607755358,"event":{"mods":["AchievementEnabler","BaseMod","BetterRewards","Infinite Spire","Minty Spire (QoL Compilation)","Quick Restart","StSLib"],"gold_per_floor":[112,112,128,74,249,249,324,349,429,79,79,107,107,132,132,234,234,250,250,175,191,24,58,58,87,110,128,163,163,183,213,213,311,311,330,340,440,458,475,501,501,518,597,622,622,651,671,671,671,671],"floor_reached":51,"playtime":3417,"items_purged":["Strike_P","Defend_P","Strike_P","Strike_P","Doubt","Defend_P","Strike_P+1"],"score":2094,"play_id":"4d123bdf-43ba-4a4a-921c-a7ab56104458","local_time":"20201212014238","is_ascension_mode":true,"campfire_choices":[{"floor":6.0,"key":"REST"},{"data":"infinitespire:SevenWalls","floor":6.0,"key":"SMITH"},{"floor":13,"key":"REST"},{"data":"TalkToTheHand","floor":13,"key":"SMITH"},{"data":"WaveOfTheHand","floor":15,"key":"SMITH"},{"data":"ThirdEye","floor":24,"key":"SMITH"},{"data":"Wallop","floor":29,"key":"SMITH"},{"data":"Conclude","floor":32,"key":"SMITH"},{"floor":41,"key":"DIG"},{"floor":49,"key":"DIG"}],"circlet_count":0,"master_deck":["AscendersBane","Eruption","Vigilance","FollowUp","CrushJoints+1","Flash of Steel","Wallop+1","Study+1","InnerPeace","infinitespire:SevenWalls+1","CutThroughFate","TalkToTheHand+1","Adaptation+1","WheelKick","WaveOfTheHand+1","Flash of Steel","Protect+1","infinitespire:FutureSight+1","MasterReality+1","Vengeance","ThirdEye+1","Conclude+1","Consecrate","EmptyFist+1","BattleHymn+1","infinitespire:FutureSight","DeceiveReality+1","Good Instincts"],"relics":["PureWater","infinitespire:Magic Flask","Whetstone","Kunai","Frozen Egg 2","Ice Cream","Membership Card","infinitespire:FocusingShard","Mummified Hand","DollysMirror","Prayer Wheel","Gambling Chip","Bag of Preparation","Busted Crown","Blood Vial","infinitespire:Satchel","Regal Pillow","Bronze Scales","infinitespire:Lucky Rock","Centennial Puzzle","War Paint","Black Star","Shovel","Blood Vial","MealTicket","The Courier","Mango","Dream Catcher","Torii","Bag of Marbles","Lantern","Happy Flower"],"acts_visited":["Exordium","TheCity","TheBeyond"],"potions_floor_usage":[39,39,50],"damage_taken":[{"damage":0.0,"enemies":"2 Louse","floor":1.0,"turns":2.0},{"damage":0.0,"enemies":"Jaw Worm","floor":3.0,"turns":2.0},{"damage":0,"enemies":"3 Sentries","floor":8,"turns":5},{"damage":0,"enemies":"Lagavulin","floor":12,"turns":5},{"damage":0,"enemies":"Nightmare","floor":14,"turns":12},{"damage":0,"enemies":"Hexaghost","floor":16,"turns":4},{"damage":0,"enemies":"Chosen","floor":18,"turns":3},{"damage":0,"enemies":"3 Byrds","floor":21,"turns":3},{"damage":0,"enemies":"Gremlin Leader","floor":23,"turns":4},{"damage":0,"enemies":"Book of Stabbing","floor":25,"turns":2},{"damage":0,"enemies":"3 Cultists","floor":27,"turns":3},{"damage":0,"enemies":"Nightmare","floor":28,"turns":5},{"damage":0,"enemies":"Snake Plant","floor":30,"turns":2},{"damage":0,"enemies":"Slavers","floor":31,"turns":3},{"damage":0,"enemies":"Champ","floor":33,"turns":5},{"damage":0,"enemies":"Orb Walker","floor":35,"turns":3},{"damage":0,"enemies":"3 Shapes","floor":36,"turns":3},{"damage":0,"enemies":"Spire Growth","floor":38,"turns":2},{"damage":0,"enemies":"Jaw Worm Horde","floor":39,"turns":2},{"damage":0,"enemies":"Nemesis","floor":40,"turns":5},{"damage":0,"enemies":"Sphere and 2 Shapes","floor":42,"turns":2},{"damage":0,"enemies":"Reptomancer","floor":44,"turns":4},{"damage":7,"enemies":"Nemesis","floor":46,"turns":3},{"damage":0,"enemies":"4 Shapes","floor":47,"turns":2},{"damage":6,"enemies":"Awakened One","floor":50,"turns":7}],"seed_played":"-3026924792374963869","potions_obtained":[{"floor":1.0,"key":"SkillPotion"},{"floor":3.0,"key":"AttackPotion"},{"floor":12,"key":"BottledMiracle"},{"floor":46,"key":"Regen Potion"},{"floor":47,"key":"ColorlessPotion"}],"is_trial":false,"path_per_floor":["M","?","M","$","?","R","?","E","T","$","?","E","R","NM","R","B",null,"M","AVR","?","M","$","E","R","E","T","M","NM","R","M","E","R","B",null,"M","M","?","M","M","E","R","M","T","E","AVR","E","M","?","R","B",null],"character_chosen":"WATCHER","items_purchased":["FollowUp","CrushJoints","Whetstone","Kunai","Frozen Egg 2","Membership Card","Flash of Steel","Wallop","Study+1","TalkToTheHand","Adaptation+1","WaveOfTheHand","DollysMirror","Prayer Wheel","infinitespire:Satchel"],"campfire_rested":2,"item_purchase_floors":[0,0,0,0,0,0,0,0,0,4,4,10,10,10,22],"current_hp_per_floor":[23,5,5,5,5,26,15,15,15,15,8,8,29,29,29,29,61,61,61,61,63,63,65,65,67,67,69,71,71,72,72,72,72,72,72,72,72,72,72,72,72,72,72,86,86,79,83,73,73,71],"gold":671,"neow_bonus":"","is_daily":false,"chose_seed":false,"campfire_upgraded":6,"win_rate":0.0,"timestamp":1607755358,"path_taken":["M","?","M","$","?","R","?","E","T","$","?","E","R","NM","R","BOSS","M","AVR","?","M","$","E","R","E","T","M","NM","R","M","E","R","BOSS","M","M","?","M","?","E","R","M","T","E","AVR","E","M","?","R","BOSS"],"items_purchased_type":["Card","Card","Relic","Relic","Relic","Relic","Card","Card","Card","Card","Card","Card","Relic","Relic","Relic"],"build_version":"2020-11-30","purchased_purges":7,"victory":true,"max_hp_per_floor":[72,72,72,72,72,72,72,72,72,72,72,72,72,72,72,72,72,72,72,72,72,72,72,72,72,72,72,72,72,72,72,72,72,72,72,72,72,72,72,72,72,72,72,86,86,86,86,86,86,86],"card_choices":[{"not_picked":["Sanctity","PathToVictory"],"picked":"InnerPeace","floor":1.0},{"not_picked":["infinitespire:FutureSight","infinitespire:Oblivion"],"picked":"infinitespire:SevenWalls","floor":2.0},{"not_picked":["FlurryOfBlows","InnerPeace"],"picked":"CutThroughFate","floor":3.0},{"not_picked":["BowlingBash","Indignation"],"picked":"WheelKick","floor":8},{"not_picked":["CutThroughFate","Prostrate"],"picked":"Protect","floor":12},{"not_picked":["infinitespire:SevenWalls","infinitespire:DeathsTouch"],"picked":"infinitespire:FutureSight","floor":14},{"not_picked":["EmptyMind","Halt","SashWhip"],"picked":"SKIP","floor":14},{"not_picked":["Blasphemy","Ragnarok"],"picked":"MasterReality+1","floor":16},{"not_picked":["WaveOfTheHand"],"picked":"SKIP","floor":18},{"not_picked":["WreathOfFlame"],"picked":"SKIP","floor":18},{"not_picked":[],"picked":"Vengeance","floor":21},{"not_picked":[],"picked":"ThirdEye","floor":21},{"not_picked":["WindmillStrike"],"picked":"SKIP","floor":23},{"not_picked":["CutThroughFate+1"],"picked":"SKIP","floor":25},{"not_picked":["CutThroughFate"],"picked":"SKIP","floor":27},{"not_picked":["FlyingSleeves"],"picked":"SKIP","floor":27},{"not_picked":["CutThroughFate"],"picked":"SKIP","floor":28},{"not_picked":["Vengeance"],"picked":"SKIP","floor":30},{"not_picked":["Crescendo"],"picked":"SKIP","floor":30},{"not_picked":[],"picked":"Conclude","floor":31},{"not_picked":[],"picked":"Consecrate","floor":35},{"not_picked":["CrushJoints"],"picked":"SKIP","floor":35},{"not_picked":["SashWhip+1"],"picked":"SKIP","floor":36},{"not_picked":["Conclude"],"picked":"SKIP","floor":36},{"not_picked":[],"picked":"EmptyFist+1","floor":38},{"not_picked":[],"picked":"BattleHymn+1","floor":38},{"not_picked":["Pray+1"],"picked":"SKIP","floor":39},{"not_picked":["EmptyBody"],"picked":"SKIP","floor":39},{"not_picked":["FlurryOfBlows"],"picked":"SKIP","floor":40},{"not_picked":["Weave+1"],"picked":"SKIP","floor":42},{"not_picked":["FollowUp+1"],"picked":"SKIP","floor":42},{"not_picked":["WaveOfTheHand"],"picked":"SKIP","floor":44},{"not_picked":["Nirvana+1"],"picked":"SKIP","floor":46},{"not_picked":[],"picked":"DeceiveReality+1","floor":47},{"not_picked":["PathToVictory"],"picked":"SKIP","floor":47},{"not_picked":[],"picked":"Good Instincts","floor":48}],"player_experience":2686378,"relics_obtained":[{"floor":8,"key":"infinitespire:FocusingShard"},{"floor":9,"key":"Mummified Hand"},{"floor":12,"key":"Gambling Chip"},{"floor":14,"key":"Bag of Preparation"},{"floor":23,"key":"Regal Pillow"},{"floor":25,"key":"Bronze Scales"},{"floor":26,"key":"infinitespire:Lucky Rock"},{"floor":28,"key":"Centennial Puzzle"},{"floor":31,"key":"War Paint"},{"floor":40,"key":"Shovel"},{"floor":40,"key":"Blood Vial"},{"floor":41,"key":"MealTicket"},{"floor":43,"key":"The Courier"},{"floor":44,"key":"Mango"},{"floor":44,"key":"Dream Catcher"},{"floor":46,"key":"Bag of Marbles"},{"floor":46,"key":"Lantern"},{"floor":49,"key":"Happy Flower"}],"event_choices":[{"damage_healed":0.0,"max_hp_gain":0.0,"max_hp_loss":0.0,"gold_gain":175.0,"event_name":"Liars Game","player_choice":"AGREE","floor":5.0,"gold_loss":0.0,"damage_taken":0.0,"cards_obtained":["Doubt"]},{"damage_healed":0.0,"max_hp_gain":0.0,"max_hp_loss":0.0,"gold_gain":75.0,"event_name":"World of Goop","player_choice":"Gather Gold","floor":7.0,"gold_loss":0.0,"damage_taken":11.0},{"cards_removed":["Defend_P"],"damage_healed":0,"gold_gain":0,"player_choice":"Card Removal","damage_taken":7,"max_hp_gain":0,"max_hp_loss":0,"event_name":"Golden Wing","floor":11,"gold_loss":0},{"cards_removed":["Defend_P"],"damage_healed":0,"gold_gain":0,"player_choice":"Gave Gold","damage_taken":0,"max_hp_gain":0,"max_hp_loss":0,"event_name":"Beggar","floor":20,"gold_loss":75},{"damage_healed":0,"gold_gain":100,"player_choice":"Pray","damage_taken":0,"max_hp_gain":0,"max_hp_loss":0,"event_name":"Golden Shrine","floor":37,"gold_loss":0},{"damage_healed":0,"gold_gain":0,"player_choice":"Memory 3","damage_taken":10,"max_hp_gain":0,"max_hp_loss":0,"event_name":"SensoryStone","floor":48,"gold_loss":0}],"is_beta":false,"boss_relics":[{"not_picked":["SacredBark","Cursed Key"],"picked":"Busted Crown"},{"not_picked":["Tiny House","Velvet Choker"],"picked":"Black Star"}],"items_purged_floors":[0,0,0,10,19,22,45],"is_endless":false,"potions_floor_spawned":[1,3,12,21,25,27,28,30,36,38,46,47],"ascension_level":10}}