{"host":"27hat5v0dffgaxzm","time":1607798722,"event":{"mods":["BaseMod","Colored Map","Colored Powertips","Highlight Path","Minty Spire (QoL Compilation)","Permanent Neow","Quick Restart"],"gold_per_floor":[118,118,132,148,73,73,108,108,133,147,160,187,187,198,198,275,275,294,18,18,33,43,43,43,43],"floor_reached":24,"playtime":820,"items_purged":["Pain"],"score":416,"play_id":"9618b77c-3e51-4b6b-ba58-ba4e398fce42","local_time":"20201213034522","is_ascension_mode":true,"campfire_choices":[{"data":"Neutralize","floor":6.0,"key":"SMITH"},{"data":"Crippling Poison","floor":8.0,"key":"SMITH"},{"data":"Deadly Poison","floor":15.0,"key":"SMITH"},{"data":"Adrenaline","floor":23.0,"key":"SMITH"}],"circlet_count":0,"master_deck":["AscendersBane","Strike_G","Strike_G","Strike_G","Strike_G","Strike_G","Defend_G+1","Defend_G","Defend_G","Defend_G+1","Defend_G","Survivor","Neutralize+1","Writhe","Corpse Explosion","Crippling Poison+1","Poisoned Stab","Terror","Deadly Poison+1","Footwork","Tools of the Trade","Adrenaline+1","CurseOfTheBell","Noxious Fumes"],"relics":["Ring of the Snake","WarpedTongs","War Paint","MealTicket","Gremlin Horn","Calling Bell","Smiling Mask","Shuriken","WingedGreaves","Meat on the Bone"],"acts_visited":["Exordium","TheCity"],"potions_floor_usage":[24,24],"damage_taken":[{"damage":1.0,"enemies":"2 Louse","floor":1.0,"turns":4.0},{"damage":7.0,"enemies":"Cultist","floor":3.0,"turns":4.0},{"damage":4.0,"enemies":"Small Slimes","floor":4.0,"turns":4.0},{"damage":14.0,"enemies":"3 Sentries","floor":7.0,"turns":3.0},{"damage":0.0,"enemies":"2 Fungi Beasts","floor":10.0,"turns":2.0},{"damage":4.0,"enemies":"Exordium Thugs","floor":11.0,"turns":4.0},{"damage":16.0,"enemies":"Lagavulin","floor":12.0,"turns":5.0},{"damage":0.0,"enemies":"Looter","floor":14.0,"turns":3.0},{"damage":11.0,"enemies":"The Guardian","floor":16.0,"turns":9.0},{"damage":11.0,"enemies":"Shell Parasite","floor":18.0,"turns":7.0},{"damage":11.0,"enemies":"Spheric Guardian","floor":21.0,"turns":6.0},{"damage":3.0,"enemies":"3 Cultists","floor":22.0,"turns":3.0},{"damage":49,"enemies":"Gremlin Leader","floor":24,"turns":5}],"seed_played":"3990961800241113279","potions_obtained":[{"floor":1.0,"key":"Explosive Potion"},{"floor":4.0,"key":"Swift Potion"},{"floor":7.0,"key":"Fire Potion"},{"floor":10.0,"key":"Explosive Potion"},{"floor":16.0,"key":"Energy Potion"},{"floor":18.0,"key":"LiquidBronze"},{"floor":22.0,"key":"Block Potion"}],"is_trial":false,"path_per_floor":["M","?","M","M","$","R","E","R","T","M","M","E","?","M","R","B",null,"M","$","?","M","M","R","E"],"character_chosen":"THE_SILENT","items_purchased":["Meat on the Bone"],"campfire_rested":0,"item_purchase_floors":[19],"current_hp_per_floor":[58,58,51,47,47,47,33,33,33,33,29,13,13,13,13,2,50,39,54,54,43,40,40,0,0],"gold":43,"neow_bonus":"THREE_RARE_CARDS","is_daily":false,"chose_seed":false,"campfire_upgraded":4,"win_rate":0.0,"timestamp":1607798722,"path_taken":["M","?","?","?","$","R","E","R","T","M","M","E","?","M","R","BOSS","M","$","?","M","M","R","E"],"items_purchased_type":["Relic"],"build_version":"2020-11-30","purchased_purges":1,"victory":false,"max_hp_per_floor":[66,66,66,66,66,66,66,66,66,66,66,66,66,66,66,66,66,66,66,66,66,66,66,66,66],"card_choices":[{"not_picked":["Burst","After Image"],"picked":"Corpse Explosion","floor":0.0},{"not_picked":["Caltrops","Cloak And Dagger","Endless Agony"],"picked":"SKIP","floor":1.0},{"not_picked":["Blade Dance","Leg Sweep"],"picked":"Crippling Poison","floor":3.0},{"not_picked":["Dodge and Roll","Deflect"],"picked":"Poisoned Stab","floor":4.0},{"not_picked":["Skewer","Heel Hook"],"picked":"Terror","floor":7.0},{"not_picked":["Deflect","Bane"],"picked":"Deadly Poison","floor":10.0},{"not_picked":["Backstab","Slice"],"picked":"Footwork","floor":11.0},{"not_picked":["Heel Hook","Flechettes"],"picked":"Tools of the Trade","floor":12.0},{"not_picked":["Sucker Punch","Deflect","Slice"],"picked":"SKIP","floor":14.0},{"not_picked":["Phantasmal Killer","Grand Finale"],"picked":"Adrenaline","floor":16.0},{"not_picked":["Flying Knee","Bane","Choke"],"picked":"SKIP","floor":18.0},{"not_picked":["Dash","Quick Slash"],"picked":"Noxious Fumes","floor":21.0},{"not_picked":["Setup","Terror","Infinite Blades"],"picked":"SKIP","floor":22.0}],"player_experience":311439,"relics_obtained":[{"floor":7.0,"key":"War Paint"},{"floor":9.0,"key":"MealTicket"},{"floor":12.0,"key":"Gremlin Horn"},{"floor":17.0,"key":"Smiling Mask"},{"floor":17.0,"key":"Shuriken"},{"floor":17.0,"key":"WingedGreaves"}],"event_choices":[{"damage_healed":0.0,"max_hp_gain":0.0,"max_hp_loss":0.0,"gold_gain":0.0,"event_name":"Accursed Blacksmith","player_choice":"Rummage","floor":2.0,"gold_loss":0.0,"damage_taken":0.0,"relics_obtained":["WarpedTongs"],"cards_obtained":["Pain"]},{"damage_healed":0.0,"max_hp_gain":0.0,"max_hp_loss":0.0,"gold_gain":0.0,"event_name":"Liars Game","player_choice":"Ignored","floor":13.0,"gold_loss":0.0,"damage_taken":0.0},{"damage_healed":0.0,"max_hp_gain":0.0,"max_hp_loss":0.0,"gold_gain":0.0,"event_name":"Match and Keep!","player_choice":"0 cards matched","floor":20.0,"gold_loss":0.0,"damage_taken":0.0,"cards_obtained":[]}],"is_beta":false,"boss_relics":[{"not_picked":["Philosopher\u0027s Stone","SacredBark"],"picked":"Calling Bell"}],"items_purged_floors":[5],"is_endless":false,"potions_floor_spawned":[1,4,7,10,16,18,22],"killed_by":"Gremlin Leader","ascension_level":20}}