{"host":"fbqvzfq8f1yzoo4u","time":1607762359,"event":{"mods":["BaseMod","Minty Spire (QoL Compilation)","Replay The Spire","StSLib"],"gold_per_floor":[119,135,135,203,253,253,268,318,370,420,43,69,182,199,199,270,270,290,26,76,14,25,25,25],"floor_reached":23,"playtime":859,"items_purged":["Strike_B","Strike_B"],"score":378,"play_id":"bc920097-7544-49e2-b35a-5baf44f96bba","local_time":"20201212163919","is_ascension_mode":true,"campfire_choices":[{"data":"Self Repair","floor":6.0,"key":"SMITH"},{"floor":15.0,"key":"REST"}],"circlet_count":0,"master_deck":["AscendersBane","Defend_B+1","Defend_B","Zap","Dualcast","ReplayTheSpireMod:Necrogeddon","Auto Shields+1","Self Repair+1","Self Repair+1","Machine Learning","Storm","Purity","Leap","Ball Lightning","Force Field","Creative AI","Defragment","ReplayTheSpireMod:Calculation Training"],"relics":["Cracked Core","SsserpentHead","War Paint","Lantern","Pen Nib","Ancient Tea Set","Empty Cage","TheAbacus"],"acts_visited":["Exordium","TheCity"],"potions_floor_usage":[23],"damage_taken":[{"damage":0.0,"enemies":"Small Slimes","floor":1.0,"turns":3.0},{"damage":1.0,"enemies":"Cultist","floor":2.0,"turns":4.0},{"damage":8.0,"enemies":"2 Louse","floor":4.0,"turns":3.0},{"damage":12.0,"enemies":"Looter","floor":7.0,"turns":4.0},{"damage":28.0,"enemies":"Gremlin Nob","floor":12.0,"turns":4.0},{"damage":36.0,"enemies":"Lagavulin Event","floor":13.0,"turns":6.0},{"damage":9.0,"enemies":"Large Slime","floor":14.0,"turns":6.0},{"damage":45.0,"enemies":"The Guardian","floor":16.0,"turns":13.0},{"damage":32.0,"enemies":"Spheric Guardian","floor":18.0,"turns":6.0},{"damage":14.0,"enemies":"Chosen","floor":22.0,"turns":5.0},{"damage":61,"enemies":"Slavers","floor":23,"turns":3}],"seed_played":"8827574710679126326","potions_obtained":[{"floor":2.0,"key":"Adrenaline Potion"},{"floor":4.0,"key":"Fire Potion"},{"floor":12.0,"key":"EssenceOfSteel"},{"floor":13.0,"key":"Strength Potion"}],"is_trial":false,"path_per_floor":["M","M","?","M","?","R","M","?","T","?","$","E","?","M","R","B",null,"M","$","?","$","M","E"],"character_chosen":"DEFECT","items_purchased":["Lantern","Storm","Purity","TheAbacus","Defragment","Elixir"],"campfire_rested":1,"item_purchase_floors":[11,11,11,19,21,21],"current_hp_per_floor":[46,45,45,44,44,44,52,52,52,57,57,49,33,44,66,41,67,55,55,55,55,61,0,0],"gold":25,"neow_bonus":"RANDOM_COLORLESS_2","is_daily":false,"chose_seed":false,"campfire_upgraded":1,"win_rate":0.0,"timestamp":1607762359,"path_taken":["M","M","?","?","?","R","M","?","T","?","?","E","?","M","R","BOSS","M","$","?","?","M","E"],"items_purchased_type":["Relic","Card","Card","Relic","Card","Potion"],"build_version":"2020-11-30","purchased_purges":2,"victory":false,"max_hp_per_floor":[71,71,71,71,71,71,71,71,71,76,76,76,76,76,76,76,76,76,76,76,76,76,76,76],"card_choices":[{"not_picked":["Secret Weapon","The Bomb"],"picked":"ReplayTheSpireMod:Necrogeddon","floor":0.0},{"not_picked":["Lockon","BasicCrystalCard"],"picked":"Auto Shields","floor":1.0},{"not_picked":["Cold Snap","ReplayGash"],"picked":"Self Repair","floor":2.0},{"not_picked":["Beam Cell","Ball Lightning"],"picked":"Self Repair","floor":4.0},{"not_picked":["Hello World","Go for the Eyes","Stack"],"picked":"SKIP","floor":7.0},{"not_picked":["Panic Button","Barrage"],"picked":"Leap","floor":12.0},{"not_picked":["BasicCrystalCard","Redo"],"picked":"Ball Lightning","floor":13.0},{"not_picked":["Turbo","Panic Button"],"picked":"Force Field","floor":14.0},{"not_picked":["Meteor Strike","Mirror Shield"],"picked":"Creative AI","floor":16.0},{"not_picked":["Fusion","Tempest+1","ReplayTheSpireMod:Reroute Power"],"picked":"SKIP","floor":18.0},{"not_picked":["Gash+1","Streamline"],"picked":"ReplayTheSpireMod:Calculation Training","floor":22.0}],"player_experience":565978,"relics_obtained":[{"floor":9.0,"key":"War Paint"},{"floor":12.0,"key":"Pen Nib"},{"floor":13.0,"key":"Ancient Tea Set"}],"event_choices":[{"damage_healed":0.0,"max_hp_gain":0.0,"max_hp_loss":0.0,"gold_gain":0.0,"event_name":"FaceTrader","player_choice":"Trade","floor":3.0,"gold_loss":0.0,"damage_taken":0.0,"relics_obtained":["SsserpentHead"]},{"damage_healed":0.0,"max_hp_gain":0.0,"max_hp_loss":0.0,"gold_gain":0.0,"cards_transformed":["Defend_B"],"event_name":"Living Wall","player_choice":"Change","floor":8.0,"gold_loss":0.0,"damage_taken":0.0,"cards_obtained":["Machine Learning"]},{"damage_healed":0.0,"max_hp_gain":5.0,"max_hp_loss":0.0,"gold_gain":0.0,"event_name":"Big Fish","player_choice":"Donut","floor":10.0,"gold_loss":0.0,"damage_taken":0.0},{"damage_healed":0.0,"max_hp_gain":0.0,"max_hp_loss":0.0,"gold_gain":0.0,"event_name":"Dead Adventurer","player_choice":"Searched \u00272\u0027 times","floor":13.0,"gold_loss":0.0,"damage_taken":0.0},{"cards_removed":["Defend_B"],"damage_healed":0.0,"max_hp_gain":0.0,"max_hp_loss":0.0,"gold_gain":0.0,"event_name":"Bonfire Elementals","player_choice":"Offered Basic","floor":20.0,"gold_loss":0.0,"damage_taken":0.0}],"is_beta":false,"boss_relics":[{"not_picked":["Coffee Dripper","Sozu"],"picked":"Empty Cage"}],"items_purged_floors":[11,19],"is_endless":false,"potions_floor_spawned":[2,4,12,13],"killed_by":"Slavers","ascension_level":20}}