{"host":"qqjv58wfhopf6ysa","time":1607757675,"event":{"mods":["AchievementEnabler","Aspiration","BaseMod","Conspire","Hubris","Infinite Spire","Minty Spire (QoL Compilation)","Quick Restart","Replay The Spire","StSLib","SuperFastMode","vexMod"],"gold_per_floor":[112,205,59,74,74,102,102,102,127,77,77,94,94,127,127,238,238,267,192,192,192,207,207,234,65,65,65,65,81,77,77],"floor_reached":30,"playtime":488,"items_purged":["All For One"],"score":249,"play_id":"ee0ee881-969b-47f7-acff-ced235a1a051","local_time":"20201212162115","is_ascension_mode":false,"campfire_choices":[{"data":"Hologram","floor":7,"key":"SMITH"},{"floor":23,"key":"REST"},{"data":"Redo","floor":28,"key":"SMITH"}],"circlet_count":0,"master_deck":["Strike_B","Strike_B+1","Defend_B","Defend_B","Defend_B","Zap+1","Dualcast","Redo","Redo+1","Hologram+1","conspire:SpireCoStock","hubris:DoWhile","infinitespire:TheBestDefense","Darkness","Bandage Up"],"relics":["Cracked Core","NeowsBlessing","ReplayFunnel","Raider\u0027s Mask","vexMod:InvisibilityCloak","hubris:Icosahedron","aspiration:ArtOfWarUpgrade","conspire:SpecialSausage","Prayer Wheel","infinitespire:PuzzleCube","Cables"],"acts_visited":["Exordium","TheCity"],"potions_floor_usage":[22,30],"damage_taken":[{"damage":0,"enemies":"Jaw Worm","floor":1,"turns":1},{"damage":0,"enemies":"2 Louse","floor":4,"turns":1},{"damage":0,"enemies":"Gremlin Nob","floor":6,"turns":1},{"damage":0,"enemies":"Small Slimes","floor":12,"turns":2},{"damage":4,"enemies":"Looter","floor":14,"turns":3},{"damage":35,"enemies":"Hexaghost","floor":16,"turns":11},{"damage":33,"enemies":"Shell Parasite","floor":18,"turns":6},{"damage":20,"enemies":"3 Byrds","floor":22,"turns":4},{"damage":9,"enemies":"Snake Plant","floor":29,"turns":3},{"damage":29,"enemies":"Shelled Parasite and Fungi","floor":30,"turns":4}],"seed_played":"-3456741101541923593","potions_obtained":[{"floor":1,"key":"Strength Potion"},{"floor":12,"key":"Block Potion"},{"floor":22,"key":"Adrenaline Potion"},{"floor":29,"key":"Regen Potion"}],"is_trial":false,"path_per_floor":["M","?","$","M","$","E","R","?","T","?","?","M","R","M","R","B",null,"M","?","?","?","M","R","T","$","T","?","R","M","M"],"character_chosen":"DEFECT","items_purchased":["Raider\u0027s Mask","Bandage Up"],"campfire_rested":1,"item_purchase_floors":[3,25],"current_hp_per_floor":[75,75,75,75,75,75,75,75,75,75,60,60,60,56,56,21,75,42,42,42,24,4,26,26,26,26,19,19,14,0,0],"gold":77,"neow_bonus":"THREE_ENEMY_KILL","is_daily":false,"chose_seed":false,"campfire_upgraded":2,"win_rate":0.0,"timestamp":1607757675,"path_taken":["M","?","$","M","$","E","R","?","T","?","?","M","R","M","R","BOSS","M","?","?","?","M","R","?","$","T","?","R","M","?"],"items_purchased_type":["Relic","Card"],"build_version":"2020-11-30","purchased_purges":1,"victory":false,"max_hp_per_floor":[75,75,75,75,75,75,75,75,75,75,75,75,75,75,75,75,75,75,75,75,75,75,75,75,75,75,75,75,75,75,75],"card_choices":[{"not_picked":["Consume","BasicCrystalCard"],"picked":"Redo","floor":1},{"not_picked":["Conserve Battery","Steam Power"],"picked":"Redo","floor":2},{"not_picked":["Steam Power","Consume"],"picked":"Hologram","floor":4},{"not_picked":["Biased Cognition","Panic Button","hubris:Ukulele"],"picked":"SKIP","floor":6},{"not_picked":["conspire:Rain","Beam Cell","Conserve Battery"],"picked":"SKIP","floor":12},{"not_picked":["Sweeping Beam","BootSequence","Turbo"],"picked":"SKIP","floor":14},{"not_picked":["Creative AI","Core Surge"],"picked":"ReplayTheSpireMod:Fabricate Wheel","floor":16},{"not_picked":["BasicCrystalCard+1","hubris:Ukulele","ReplayTheSpireMod:Repulse"],"picked":"SKIP","floor":18},{"not_picked":["Turbo","Steam","Rip and Tear"],"picked":"SKIP","floor":18},{"not_picked":["infinitespire:Execution","ReplayTheSpireMod:??????????????????????"],"picked":"infinitespire:TheBestDefense","floor":21},{"not_picked":["Hologram+1","Leap"],"picked":"Darkness","floor":22},{"not_picked":["Reprogram+1","Rip and Tear","Barrage"],"picked":"SKIP","floor":22},{"not_picked":["Rebound","Consume+1","Steam"],"picked":"SKIP","floor":29},{"not_picked":["Steam","conspire:Rain+1","Go for the Eyes+1"],"picked":"SKIP","floor":29}],"player_experience":315764,"relics_obtained":[{"floor":2,"key":"ReplayFunnel"},{"floor":6,"key":"vexMod:InvisibilityCloak"},{"floor":9,"key":"Art of War"},{"floor":24,"key":"infinitespire:PuzzleCube"},{"floor":26,"key":"Cables"}],"event_choices":[{"damage_healed":0,"gold_gain":0,"player_choice":"Invest 1","damage_taken":0,"max_hp_gain":0,"max_hp_loss":0,"event_name":"conspire:Investor","floor":10,"gold_loss":0},{"damage_healed":0,"gold_gain":0,"player_choice":"Entered Light","damage_taken":15,"max_hp_gain":0,"max_hp_loss":0,"event_name":"Shining Light","floor":11,"gold_loss":0,"cards_upgraded":["Zap","Strike_B"]},{"cards_removed":["Strike_B"],"damage_healed":0,"gold_gain":0,"player_choice":"Gave Gold","damage_taken":0,"max_hp_gain":0,"max_hp_loss":0,"event_name":"Beggar","floor":19,"gold_loss":75},{"damage_healed":0,"gold_gain":0,"cards_transformed":["Strike_B","Defend_B"],"player_choice":"Became Test Subject","damage_taken":0,"max_hp_gain":0,"max_hp_loss":0,"event_name":"Drug Dealer","floor":20,"gold_loss":0,"cards_obtained":["All For One","hubris:DoWhile"]},{"damage_healed":0,"gold_gain":0,"player_choice":"Damaged","damage_taken":7,"max_hp_gain":0,"max_hp_loss":0,"event_name":"Wheel of Change","floor":27,"gold_loss":0}],"is_beta":false,"boss_relics":[{"not_picked":["hubris:BlackHole","Painkiller Herb"],"picked":"conspire:SpecialSausage"}],"items_purged_floors":[25],"is_endless":false,"potions_floor_spawned":[1,12,22,29],"killed_by":"Shelled Parasite and Fungi","ascension_level":0}}