{"host":"irtkyucquvte0m2t","time":1607817460,"event":{"mods":["BaseMod","Better Note","BetterRewards","Colored Map","Colored Powertips","Minty Spire (QoL Compilation)","Quick Restart","Rare Cards Sparkle","StSLib","everything is the same but u backflip on backflip"],"gold_per_floor":[116,66,66,241,241,241,130,130,130,130,150,167,186,200,200,304,304,323,335,49,49,49,81,81,100,126,126,126,145,244,263,263,263,263],"floor_reached":33,"playtime":996,"items_purged":["Doubt"],"score":305,"play_id":"c3ba0e1c-869f-4165-b623-ceb9b77e3399","local_time":"20201212185740","is_ascension_mode":false,"campfire_choices":[{"data":"Dodge and Roll","floor":6,"key":"SMITH"},{"data":"Footwork","floor":8,"key":"SMITH"},{"data":"Neutralize","floor":10,"key":"SMITH"},{"data":"Blur","floor":15,"key":"SMITH"},{"floor":28,"key":"REST"},{"data":"Bouncing Flask","floor":32,"key":"SMITH"}],"circlet_count":0,"master_deck":["Strike_G","Strike_G+1","Defend_G","Defend_G+1","Defend_G","Survivor+1","Neutralize+1","Dodge and Roll+1","Footwork+1","Blur+1","Dagger Spray","Bouncing Flask+1","After Image","Sucker Punch+1","Escape Plan+1","Concentrate+1","Deadly Poison","Backstab+1","Impervious+1","All Out Attack+1","Dash","Catalyst+1"],"relics":["Ring of the Snake","Paper Crane","Akabeko","Astrolabe","Calipers","Sundial","Vajra","Potion Belt"],"acts_visited":["Exordium","TheCity"],"potions_floor_usage":[16,16,31,31,33],"damage_taken":[{"damage":0,"enemies":"2 Louse","floor":1,"turns":4},{"damage":0,"enemies":"Small Slimes","floor":11,"turns":4},{"damage":0,"enemies":"Jaw Worm","floor":12,"turns":3},{"damage":0,"enemies":"Large Slime","floor":13,"turns":8},{"damage":1,"enemies":"Looter","floor":14,"turns":4},{"damage":0,"enemies":"The Guardian","floor":16,"turns":12},{"damage":1,"enemies":"Shell Parasite","floor":18,"turns":7},{"damage":1,"enemies":"Spheric Guardian","floor":19,"turns":5},{"damage":1,"enemies":"Book of Stabbing","floor":23,"turns":8},{"damage":12,"enemies":"Snake Plant","floor":25,"turns":4},{"damage":9,"enemies":"Cultist and Chosen","floor":29,"turns":7},{"damage":1,"enemies":"Centurion and Healer","floor":31,"turns":5},{"damage":13,"enemies":"Collector","floor":33,"turns":6}],"seed_played":"-4835485077538369623","potions_obtained":[{"floor":14,"key":"EntropicBrew"},{"floor":18,"key":"Fire Potion"},{"floor":19,"key":"LiquidMemories"},{"floor":29,"key":"Energy Potion"},{"floor":31,"key":"SkillPotion"}],"is_trial":false,"path_per_floor":["M","?","?","?","T","R","$","R","T","R","M","M","M","M","R","B",null,"M","M","$","?","?","E","?","M","T","?","R","M","?","M","R","B"],"character_chosen":"THE_SILENT","items_purchased":["Footwork","Calipers"],"campfire_rested":1,"item_purchase_floors":[7,20],"current_hp_per_floor":[70,70,56,56,56,56,56,56,56,56,56,56,56,55,55,55,70,69,68,68,68,68,67,67,55,55,49,70,61,61,60,60,47,47],"gold":263,"neow_bonus":"UPGRADE_CARD","is_daily":false,"chose_seed":false,"campfire_upgraded":5,"win_rate":0.0,"timestamp":1607817460,"path_taken":["M","?","?","?","?","R","$","R","T","R","M","?","M","M","R","BOSS","M","M","$","?","?","E","?","?","T","?","R","?","?","M","R","BOSS"],"items_purchased_type":["Card","Relic"],"build_version":"2020-11-30","purchased_purges":1,"victory":false,"max_hp_per_floor":[70,70,70,70,70,70,70,70,70,70,70,70,70,70,70,70,70,70,70,70,70,70,70,70,70,70,70,70,70,70,70,70,70,70],"card_choices":[{"not_picked":["Blade Dance","Backflip"],"picked":"Dodge and Roll","floor":1},{"not_picked":["Acrobatics","Blade Dance","Backflip"],"picked":"SKIP","floor":11},{"not_picked":["Tactician","Choke"],"picked":"Blur","floor":12},{"not_picked":["Outmaneuver","Endless Agony"],"picked":"Dagger Spray","floor":13},{"not_picked":["Poisoned Stab","Acrobatics"],"picked":"Bouncing Flask","floor":14},{"not_picked":["Storm of Steel","Adrenaline"],"picked":"After Image","floor":16},{"not_picked":["Cloak And Dagger","Well Laid Plans"],"picked":"Deadly Poison","floor":18},{"not_picked":["Eviscerate","Deadly Poison"],"picked":"Backstab+1","floor":19},{"not_picked":["Deadly Poison","Eviscerate"],"picked":"All Out Attack+1","floor":23},{"not_picked":["Flying Knee+1","Tools of the Trade","PiercingWail"],"picked":"SKIP","floor":25},{"not_picked":["Backflip","Underhanded Strike"],"picked":"Catalyst+1","floor":29},{"not_picked":["Skewer","Dash+1","Accuracy"],"picked":"SKIP","floor":31}],"player_experience":1249688,"relics_obtained":[{"floor":5,"key":"Paper Crane"},{"floor":9,"key":"Akabeko"},{"floor":23,"key":"Vajra"},{"floor":26,"key":"Potion Belt"}],"event_choices":[{"cards_removed":["Defend_G"],"damage_healed":0,"gold_gain":0,"player_choice":"Card Removal","damage_taken":0,"max_hp_gain":0,"max_hp_loss":0,"event_name":"The Cleric","floor":2,"gold_loss":50},{"damage_healed":0,"gold_gain":0,"player_choice":"Entered Light","damage_taken":14,"max_hp_gain":0,"max_hp_loss":0,"event_name":"Shining Light","floor":3,"gold_loss":0,"cards_upgraded":["Defend_G","Strike_G"]},{"damage_healed":0,"gold_gain":175,"player_choice":"AGREE","damage_taken":0,"max_hp_gain":0,"max_hp_loss":0,"event_name":"Liars Game","floor":4,"gold_loss":0,"cards_obtained":["Doubt"]},{"damage_healed":0,"gold_gain":0,"player_choice":"Gave Potion","damage_taken":0,"relics_obtained":["Sundial"],"max_hp_gain":0,"max_hp_loss":0,"event_name":"WeMeetAgain","floor":21,"gold_loss":0},{"cards_removed":["Blur"],"damage_healed":0,"gold_gain":0,"player_choice":"Take \u0026 Give","damage_taken":0,"max_hp_gain":0,"max_hp_loss":0,"event_name":"betterNote:BetterNote","floor":22,"gold_loss":0,"cards_obtained":["Impervious"]},{"damage_healed":0,"gold_gain":0,"cards_transformed":["Strike_G"],"player_choice":"Transformed","damage_taken":0,"max_hp_gain":0,"max_hp_loss":0,"event_name":"Transmorgrifier","floor":24,"gold_loss":0,"cards_obtained":["Dash"]},{"damage_healed":0,"gold_gain":0,"player_choice":"","damage_taken":6,"max_hp_gain":0,"max_hp_loss":0,"event_name":"Knowing Skull","floor":27,"potions_obtained":[],"gold_loss":0,"cards_obtained":[]},{"damage_healed":0,"gold_gain":99,"player_choice":"Stole From Cult","damage_taken":0,"max_hp_gain":0,"max_hp_loss":0,"event_name":"Nest","floor":30,"gold_loss":0}],"is_beta":false,"boss_relics":[{"not_picked":["Fusion Hammer","Tiny House"],"picked":"Astrolabe"}],"items_purged_floors":[7],"is_endless":false,"potions_floor_spawned":[14,18,19,29,31],"killed_by":"Collector","ascension_level":0}}