{"host":"8ty8vzcv2y40vx6u","time":1607816853,"event":{"mods":["Act Like it!","Aspiration","BaseMod","BetterRewards","Conspire","Duelist Mod","Elementarium","GifTheSpireLib","Hallownest","Hubris","Infinite Spire","Minty Spire (QoL Compilation)","Potionbrewer","Replay The Spire","Shop Mod","StSLib","Stuff the Spire","The Animator","The Cursed","The Judge","The Mystic","The Runesmith","Wandering Minibosses"],"gold_per_floor":[136,5,16,16,16,51,51,77,101,101,127,127,147,147,147,223,223,243,14,32,78,78,78,78,124,124,161,161,161,35,77,77,163,163,879,879,879,879,899,899,933,990,1063,1095,1095,1143,1176,416,356,378],"floor_reached":51,"playtime":3512,"items_purged":["theDuelist:CastleWalls","theDuelist:CastleWalls","theDuelist:Sparks"],"score":1792,"play_id":"ed1648c7-9552-4eda-86cc-023b330474f6","local_time":"20201213004733","is_ascension_mode":true,"campfire_choices":[{"data":"theDuelist:PotGenerosity","floor":7,"key":"SMITH"},{"data":"theDuelist:ToonSummonedSkull","floor":10,"key":"SMITH"},{"floor":15,"key":"REST"},{"floor":23,"key":"REST"},{"floor":28,"key":"REST"},{"floor":40,"key":"REST"},{"floor":45,"key":"REST"}],"circlet_count":0,"master_deck":["theDuelist:DoomShaman","theDuelist:Sparks","theDuelist:ToonAncientGear","theDuelist:ToonDarkMagicianGirl","Flash of Steel+1","theDuelist:CombinationAttack","AscendersBane","theDuelist:CrystalBlessing+1","theDuelist:PotGenerosity+1","theDuelist:ToonMermaid","theDuelist:ToonDefense","theDuelist:MangaRyuRan","theDuelist:ShardGreed","theDuelist:ToonGeminiElf","theDuelist:ToonSummonedSkull+1","theDuelist:OjamaBlue","theDuelist:ToonBarrelDragon","hubris:Fate","theDuelist:ComicHand+1","theDuelist:OjamaDuo+1","theDuelist:PotAvarice","theDuelist:ToonMask","theDuelist:TrapHole"],"relics":["theDuelist:MillenniumPuzzle","theDuelist:CardPoolRelic","theDuelist:CardPoolBasicRelic","theDuelist:BoosterPackPoolRelic","theDuelist:CardPoolAddRelic","theDuelist:CardPoolMinusRelic","StuffTheSpire:OccultApparatus","theDuelist:CardPoolOptionsRelic","NeowsBlessing","ReplayTheSpireMod:ShopPack","aspiration:SeaSaltIceCream","aspiration:PoetsPen_weak","infinitespire:Satchel","theDuelist:DuelistOrichalcum","Prayer Wheel","Hallownest:DreamNailRelic","theDuelist:HauntedRelic","Simple Rune","Replay:Bandana","Ring of Searing","Ring of Misfortune","Gremlin Food","conspire:DeflatedDodgeball","HornCleat","hubris:Towel","theDuelist:ShopToken","Replay:Rubber Ducky","aspiration:MobileForge","wanderingMiniBosses:MasterThiefsPresence","ReplayTheSpireMod:EnergyBall","aspiration:SilentSkillbook","theDuelist:SpellcasterToken","Counterbalance","StuffTheSpire:HeavyRock","Tingsha","potionbrewer:MortarAndPestle","Replay:Towering Pillar of Hats","hubris:Potato","Potion Belt","theDuelist:MetronomeRelicB","theDuelist:ZombieRelic"],"acts_visited":["Hallownest:Greenpath","Hallownest:CityofTears","TheBeyond"],"potions_floor_usage":[11,16,16,25,27,31,33,35,41,44,50,50,50],"damage_taken":[{"damage":1,"enemies":"Hallownest:2_Tiktiks_and_1_Crawlid","floor":1,"turns":2},{"damage":0,"enemies":"Hallownest:monsterHuskGuard","floor":3,"turns":1},{"damage":0,"enemies":"Hallownest:eliteMossKnight","floor":6,"turns":1},{"damage":25,"enemies":"Hallownest:eliteVengeflyKing","floor":8,"turns":4},{"damage":16,"enemies":"Hallownest:eliteCrystalGuardian","floor":11,"turns":5},{"damage":4,"enemies":"Hallownest:2_Baldur","floor":13,"turns":3},{"damage":3,"enemies":"Hallownest:BossBrokenVessel","floor":16,"turns":4},{"damage":5,"enemies":"Hallownest:Guard_and_Sentry","floor":18,"turns":4},{"damage":20,"enemies":"Hallownest:2_Mistakes","floor":20,"turns":7},{"damage":8,"enemies":"Hallownest:eliteSoulWarrior","floor":25,"turns":4},{"damage":8,"enemies":"Hallownest:eliteWatcherKnight","floor":27,"turns":11},{"damage":21,"enemies":"Hallownest:Nosk","floor":31,"turns":5},{"damage":2,"enemies":"Hallownest:BossMantisLord","floor":33,"turns":5},{"damage":38,"enemies":"3 Shapes","floor":35,"turns":7},{"damage":7,"enemies":"Orb Walker","floor":39,"turns":1},{"damage":3,"enemies":"R_Hoarder","floor":41,"turns":2},{"damage":1,"enemies":"2 Orb Walkers","floor":42,"turns":2},{"damage":2,"enemies":"Writhing Mass","floor":44,"turns":3},{"damage":9,"enemies":"Reptomancer","floor":46,"turns":3},{"damage":2,"enemies":"Transient","floor":47,"turns":5},{"damage":0,"enemies":"infinitespire:MassOfShapes","floor":50,"turns":4}],"seed_played":"8500917012312293098","potions_obtained":[{"floor":1,"key":"PowerPotion"},{"floor":8,"key":"theDuelist:FireBottle"},{"floor":13,"key":"GamblersBrew"},{"floor":16,"key":"theDuelist:ElectricPotion"},{"floor":20,"key":"theDuelist:OrbBottle"},{"floor":25,"key":"theDuelist:BurningPotionB"},{"floor":27,"key":"potionbrewer:SplittingPotion"},{"floor":39,"key":"potionbrewer:CleansingPotion"},{"floor":41,"key":"infinitespire:BlackPotion"},{"floor":44,"key":"Adrenaline Potion"}],"is_trial":false,"path_per_floor":["M","$","M","?","?","E","R","E","T","R","E","?","M","?","R","B",null,"M","$","M","T","?","R","?","E","T","E","R","?","$","E","R","B",null,"M","AVR","?","$","M","R","E","?","T","M","R","E","M","$","R","B",null],"character_chosen":"THE_DUELIST","items_purchased":["ReplayTheSpireMod:ShopPack","Simple Rune","Flash of Steel","theDuelist:ShopToken","theDuelist:SpellcasterToken","Counterbalance","hubris:Potato","theDuelist:ToonMask","Potion Belt","potionbrewer:InfectionPotion","theDuelist:WaterBottle"],"campfire_rested":5,"item_purchase_floors":[2,19,19,30,38,38,48,48,48,48,48],"current_hp_per_floor":[62,62,62,62,58,58,58,33,33,33,17,17,13,13,31,28,54,49,49,29,29,29,47,62,54,54,46,62,62,62,41,41,39,56,18,18,62,28,21,39,36,35,35,33,51,42,40,40,40,40],"gold":378,"neow_bonus":"THREE_ENEMY_KILL","is_daily":false,"chose_seed":false,"campfire_upgraded":2,"win_rate":0.0,"timestamp":1607816853,"path_taken":["M","$","M","?","?","E","R","E","T","R","E","?","?","?","R","BOSS","M","$","M","?","?","R","?","E","T","E","R","?","$","E","R","BOSS","M","AVR","?","?","M","R","E","?","T","M","R","E","M","$","R","BOSS"],"items_purchased_type":["Relic","Relic","Card","Relic","Card","Relic","Relic","Card","Relic","Potion","Potion"],"build_version":"2020-11-30","purchased_purges":3,"victory":true,"max_hp_per_floor":[70,70,70,62,62,62,62,62,62,62,62,62,62,62,62,62,62,62,62,62,62,62,62,62,62,62,62,62,62,62,62,62,62,62,62,62,62,62,62,62,62,62,62,62,62,62,62,62,62,62],"card_choices":[{"not_picked":["theDuelist:Hayate","theDuelist:SangaThunder","theDuelist:DarkMagician","theDuelist:SoldierLady"],"picked":"theDuelist:CombinationAttack","floor":1},{"not_picked":["Dark Shackles","theDuelist:PotAvarice"],"picked":"theDuelist:PotGenerosity","floor":2},{"not_picked":["theDuelist:GemElephant","theDuelist:DarkFactory"],"picked":"theDuelist:ShardGreed","floor":2},{"not_picked":["theDuelist:ObeliskTormentor","ReplayUltimateDefense"],"picked":"Chrysalis","floor":2},{"not_picked":["theDuelist:MaxWarrior+1","theDuelist:BrushfireKnight+1","theDuelist:BlizzardPrincess+1"],"picked":"SKIP","floor":3},{"not_picked":["theDuelist:LegendarySword","theDuelist:DarkMagician","theDuelist:OjamaDeltaHurricane","theDuelist:ContractExodia"],"picked":"theDuelist:ToonDarkMagicianGirl","floor":6},{"not_picked":["theDuelist:MeteorDestruction","theDuelist:BullBlader","theDuelist:HardArmor","theDuelist:AfterTheStorm","theDuelist:EulerCircuit"],"picked":"SKIP","floor":8},{"not_picked":["theDuelist:Hayate","theDuelist:ElectromagneticTurtle","theDuelist:SpiritHarp","theDuelist:CrossAttack","theDuelist:CosmicHorrorGangiel"],"picked":"SKIP","floor":11},{"not_picked":["theDuelist:SilentDoom","theDuelist:GracefulCharity","theDuelist:ExodiaRA","theDuelist:LegendarySword"],"picked":"theDuelist:OjamaBlue","floor":13},{"not_picked":["theDuelist:SilentDoom","theDuelist:Ojamatch","theDuelist:VoidExpansion","theDuelist:WonderWand"],"picked":"theDuelist:CrystalBlessing","floor":13},{"not_picked":["theDuelist:SkilledDarkMagician","theDuelist:WhiteMagicalHat","theDuelist:GuardianAngel","theDuelist:ComboFighter","theDuelist:Ojamuscle"],"picked":"SKIP","floor":18},{"not_picked":["theDuelist:InjectionFairy","theDuelist:SpellShatteringArrow","theDuelist:AltarTribute","theDuelist:CheerfulCoffin","theDuelist:GauntletWarrior"],"picked":"SKIP","floor":18},{"not_picked":["theDuelist:MightyWarrior","theDuelist:MysticalElf","theDuelist:InjectionFairy","theDuelist:SpellShatteringArrow"],"picked":"theDuelist:DoomShaman","floor":20},{"not_picked":["theDuelist:AttackTheMoon","theDuelist:MudGolem","theDuelist:WormWarlord","theDuelist:BattleOx","theDuelist:LightningRodLord+1"],"picked":"SKIP","floor":20},{"not_picked":["theDuelist:RainbowDarkDragon","theDuelist:IrisEarthMother","theDuelist:RainbowMagician+1","theDuelist:RainbowKuriboh","theDuelist:RainbowOverdragon"],"picked":"SKIP","floor":25},{"not_picked":["theDuelist:MagnumShield+1","theDuelist:ChaosSeed+1","theDuelist:InfernoFireBlast+1","theDuelist:AncientGearFist+1"],"picked":"theDuelist:ToonDefense","floor":27},{"not_picked":["theDuelist:SuperheavyOgre","theDuelist:BattleguardRage+1","theDuelist:JudgeMan","theDuelist:SilentDoom"],"picked":"theDuelist:ToonGeminiElf","floor":31},{"not_picked":["theDuelist:GoyoChaser+1","theDuelist:MangaRyuRan","theDuelist:RedEyesToon","theDuelist:SuperheavySwordsman"],"picked":"theDuelist:ToonBarrelDragon","floor":35},{"not_picked":["theDuelist:GoyoChaser","theDuelist:JudgeMan","theDuelist:SuperheavySoulbuster","theDuelist:ToonBarrelDragon","theDuelist:DustKnight+1"],"picked":"SKIP","floor":35},{"not_picked":["theDuelist:AfterTheStorm","theDuelist:Flint+1","theDuelist:GoblinSecret+1","theDuelist:Ojamatch"],"picked":"theDuelist:ComicHand","floor":39},{"not_picked":["theDuelist:FeedbackWarrior","theDuelist:Zombyra+1","theDuelist:OjamaBlack+1","theDuelist:ExodiaLL+1"],"picked":"theDuelist:OjamaDuo+1","floor":39},{"not_picked":["theDuelist:RainbowDarkDragon","theDuelist:IrisEarthMother","theDuelist:RainbowMagician","theDuelist:RainbowKuriboh","theDuelist:RainbowOverdragon"],"picked":"SKIP","floor":41},{"not_picked":["theDuelist:ExodiaRL+1","theDuelist:SangaEarth","theDuelist:Relinquished","theDuelist:BlizzardPrincess+1","theDuelist:ToonDarkMagicianGirl+1"],"picked":"SKIP","floor":44},{"not_picked":["theDuelist:FuryFire","theDuelist:LightningDarts+1","theDuelist:LightningRodLord","theDuelist:PowerGiant","theDuelist:SmashingGround"],"picked":"SKIP","floor":44},{"not_picked":["theDuelist:MudGolem","theDuelist:MillenniumScorpion","theDuelist:Kuriboh","theDuelist:PowerGiant"],"picked":"theDuelist:PotAvarice","floor":46},{"not_picked":["theDuelist:DestroyerGolem","theDuelist:Fissure","theDuelist:Sangan","theDuelist:LightningDarts","theDuelist:Mathematician"],"picked":"SKIP","floor":47},{"not_picked":["theDuelist:GuardianAngel+1","theDuelist:CircleFireKings","theDuelist:GoyoEmperor+1","theDuelist:LightLaser","theDuelist:HeartUnderdog"],"picked":"SKIP","floor":47}],"player_experience":626266,"relics_obtained":[{"floor":6,"key":"aspiration:SeaSaltIceCream"},{"floor":8,"key":"infinitespire:Satchel"},{"floor":9,"key":"theDuelist:DuelistOrichalcum"},{"floor":11,"key":"Prayer Wheel"},{"floor":21,"key":"Replay:Bandana"},{"floor":22,"key":"Ring of Searing"},{"floor":22,"key":"Ring of Misfortune"},{"floor":25,"key":"Gremlin Food"},{"floor":26,"key":"conspire:DeflatedDodgeball"},{"floor":27,"key":"HornCleat"},{"floor":31,"key":"Replay:Rubber Ducky"},{"floor":35,"key":"wanderingMiniBosses:MasterThiefsPresence"},{"floor":41,"key":"StuffTheSpire:HeavyRock"},{"floor":42,"key":"Tingsha"},{"floor":43,"key":"potionbrewer:MortarAndPestle"},{"floor":46,"key":"Replay:Towering Pillar of Hats"}],"event_choices":[{"damage_healed":0,"gold_gain":0,"player_choice":"Leave","damage_taken":0,"max_hp_gain":0,"max_hp_loss":0,"event_name":"conspire:Investor","floor":5,"gold_loss":0},{"damage_healed":0,"gold_gain":0,"player_choice":"Leave","duelist":true,"damage_taken":0,"max_hp_gain":0,"max_hp_loss":0,"event_name":"Relic Duplicator","floor":14,"gold_loss":0},{"damage_healed":44,"gold_gain":0,"player_choice":"Full Heal","damage_taken":0,"max_hp_gain":0,"max_hp_loss":0,"event_name":"Wheel of Change","floor":37,"gold_loss":0},{"damage_healed":0,"gold_gain":0,"player_choice":"Fight","damage_taken":0,"max_hp_gain":0,"max_hp_loss":0,"event_name":"Mysterious Sphere","floor":42,"gold_loss":0},{"damage_healed":0,"gold_gain":0,"player_choice":"Purchased Trap Hole for 60 Gold.","duelist":true,"damage_taken":0,"max_hp_gain":0,"max_hp_loss":0,"event_name":"Card Trader","floor":49,"gold_loss":0}],"is_beta":false,"boss_relics":[{"not_picked":["hubris:GrandSneckoEye","Electric Blood"],"picked":"theDuelist:HauntedRelic"},{"not_picked":["Replay:Grab Bag","Busted Crown"],"picked":"aspiration:MobileForge"}],"items_purged_floors":[30,36,48],"is_endless":false,"potions_floor_spawned":[1,8,13,16,20,25,27,39,41,44,47],"ascension_level":15}}