{"host":"w4b7hmige5bnqipq","time":1607735499,"event":{"mods":["BaseMod","Minty Spire (QoL Compilation)","Rare Cards Sparkle","SuperFastMode","everything is the same but u backflip on backflip","slay the spire mod where everything is the same but ironclad has a cowboy hat"],"gold_per_floor":[112,37,37,56,56,88,88,121,172,183,213,225,238,248,248,248,248],"floor_reached":16,"playtime":372,"items_purged":[],"score":294,"play_id":"59cd6dd1-7c82-4a04-a377-fd3e28aec9ae","local_time":"20201212101139","is_ascension_mode":true,"campfire_choices":[{"data":"All Out Attack","floor":7,"key":"SMITH"},{"floor":15,"key":"REST"}],"circlet_count":0,"master_deck":["AscendersBane","Strike_G","Strike_G","Strike_G","Strike_G","Defend_G","Defend_G","Defend_G","Defend_G","Defend_G","Survivor","Neutralize","All Out Attack+1","Blur","Riddle With Holes","Reflex","Acrobatics","Envenom"],"relics":["Ring of the Snake","NeowsBlessing","FaceOfCleric","Toy Ornithopter","StoneCalendar","Orichalcum","Oddly Smooth Stone"],"acts_visited":["Exordium"],"potions_floor_usage":[8,8],"damage_taken":[{"damage":0,"enemies":"Jaw Worm","floor":1,"turns":1},{"damage":0,"enemies":"Cultist","floor":4,"turns":1},{"damage":0,"enemies":"Gremlin Nob","floor":6,"turns":1},{"damage":24,"enemies":"Lagavulin","floor":8,"turns":6},{"damage":0,"enemies":"2 Louse","floor":10,"turns":1},{"damage":44,"enemies":"Gremlin Nob","floor":11,"turns":5},{"damage":1,"enemies":"Blue Slaver","floor":12,"turns":4},{"damage":5,"enemies":"Exordium Thugs","floor":13,"turns":5},{"damage":0,"enemies":"Looter","floor":14,"turns":4},{"damage":28,"enemies":"The Guardian","floor":16,"turns":13}],"seed_played":"6735062786194871949","potions_obtained":[{"floor":1,"key":"Fire Potion"},{"floor":4,"key":"LiquidMemories"},{"floor":11,"key":"Swift Potion"}],"is_trial":false,"path_per_floor":["M","?","?","M","$","E","R","E","T","M","E","M","M","M","R","B"],"character_chosen":"THE_SILENT","items_purchased":[],"campfire_rested":1,"item_purchase_floors":[],"current_hp_per_floor":[59,59,59,60,60,61,61,48,48,49,6,6,2,3,25,0,0],"gold":248,"neow_bonus":"THREE_ENEMY_KILL","is_daily":false,"chose_seed":false,"campfire_upgraded":1,"win_rate":0.0,"timestamp":1607735499,"path_taken":["M","?","?","M","$","E","R","E","T","M","E","M","M","?","R","BOSS"],"items_purchased_type":[],"build_version":"2020-11-30","purchased_purges":0,"victory":false,"max_hp_per_floor":[66,66,66,67,67,68,68,69,69,70,71,72,73,74,74,74,74],"card_choices":[{"not_picked":["Setup","Backflip"],"picked":"All Out Attack","floor":1},{"not_picked":["Concentrate","Outmaneuver","Expertise"],"picked":"SKIP","floor":4},{"not_picked":["Sucker Punch","Slice","Deflect"],"picked":"SKIP","floor":6},{"not_picked":["Dash","Underhanded Strike"],"picked":"Blur","floor":8},{"not_picked":["Catalyst","Flying Knee"],"picked":"Riddle With Holes","floor":10},{"not_picked":["Flying Knee","Bane","Blade Dance"],"picked":"SKIP","floor":11},{"not_picked":["Dodge and Roll","Burst"],"picked":"Reflex","floor":12},{"not_picked":["Deadly Poison","Sucker Punch"],"picked":"Acrobatics","floor":13},{"not_picked":["Acrobatics","Distraction"],"picked":"Envenom","floor":14}],"player_experience":379978,"relics_obtained":[{"floor":6,"key":"Toy Ornithopter"},{"floor":8,"key":"StoneCalendar"},{"floor":9,"key":"Orichalcum"},{"floor":11,"key":"Oddly Smooth Stone"}],"event_choices":[{"cards_removed":["Strike_G"],"damage_healed":0,"gold_gain":0,"player_choice":"Card Removal","damage_taken":0,"max_hp_gain":0,"max_hp_loss":0,"event_name":"The Cleric","floor":2,"gold_loss":75},{"damage_healed":0,"gold_gain":0,"player_choice":"Trade","damage_taken":0,"relics_obtained":["FaceOfCleric"],"max_hp_gain":0,"max_hp_loss":0,"event_name":"FaceTrader","floor":3,"gold_loss":0}],"is_beta":false,"boss_relics":[],"items_purged_floors":[],"is_endless":false,"potions_floor_spawned":[1,4,6,11],"killed_by":"The Guardian","ascension_level":20}}