{"host":"raai0vtvcfkt8csp","time":1607756687,"event":{"mods":["2.2 Compatiblity","AchievementEnabler","BaseMod","Block Reminder","Booster Modes","DeckTracker","Defective Defect","GifTheSpireLib","Minty Spire (QoL Compilation)","Quick Restart","Random Character Button","Rare Cards Sparkle","Unceasing Turn Reminder"],"gold_per_floor":[113,130,16,16,28,58,58,77,77,109,109,144,155,187,187,284,284,304,304,2,12,12,37,37,52,52,0,0,18,47,66,66,167,167,186,36,46,60,60,60,111,139,220,233,259,259,259,259],"floor_reached":47,"playtime":2432,"items_purged":[],"score":784,"play_id":"6da201ed-0564-4f8f-bc7b-a0852561f82e","local_time":"20201212080447","is_ascension_mode":true,"campfire_choices":[{"data":"WindmillStrike","floor":7,"key":"SMITH"},{"floor":11,"key":"REST"},{"floor":15,"key":"RECALL"},{"data":"Wish","floor":24,"key":"SMITH"},{"data":"Ragnarok","floor":28,"key":"SMITH"},{"data":"Study","floor":32,"key":"SMITH"},{"floor":40,"key":"REST"},{"floor":46,"key":"REST"}],"circlet_count":0,"master_deck":["Strike_P+1","Strike_P+1","Strike_P+1","Strike_P+1","Defend_P+1","Defend_P+1","Defend_P+1","Defend_P+1","Eruption+1","Vigilance","Crescendo","EmptyBody","WindmillStrike+1","FollowUp","Consecrate+1","Wireheading","Wish+1","FollowUp","Study+1","EmptyBody","FearNoEvil","CutThroughFate","DevaForm","ClearTheMind","Necronomicurse","BattleHymn","DeceiveReality","Ragnarok+1","InnerPeace+1","Worship+1","Decay","Tantrum","ReachHeaven","Blasphemy","CutThroughFate+1","Perseverance+1","Parasite","Adaptation+1","Madness","Madness","Perseverance","Pain","Weave+1","Parasite","Protect+1","Evaluate+1","Pray+1"],"relics":["HolyWater","NeowsBlessing","Akabeko","Ice Cream","Gremlin Horn","Dream Catcher","Blood Vial","Meat on the Bone","Cursed Key","Necronomicon","Happy Flower","Toy Ornithopter","Bird Faced Urn","Whetstone","Orichalcum","Mummified Hand","Pear","Singing Bowl"],"acts_visited":["Exordium","TheCity","TheBeyond"],"potions_floor_usage":[13,13,29,31,31,35,38],"damage_taken":[{"damage":0,"enemies":"Cultist","floor":1,"turns":1},{"damage":0,"enemies":"Small Slimes","floor":2,"turns":1},{"damage":0,"enemies":"2 Louse","floor":5,"turns":1},{"damage":0,"enemies":"Gremlin Nob","floor":6,"turns":3},{"damage":5,"enemies":"Looter","floor":8,"turns":3},{"damage":12,"enemies":"3 Sentries","floor":10,"turns":4},{"damage":0,"enemies":"Lagavulin","floor":12,"turns":5},{"damage":0,"enemies":"Exordium Wildlife","floor":13,"turns":1},{"damage":1,"enemies":"3 Sentries","floor":14,"turns":6},{"damage":38,"enemies":"Hexaghost","floor":16,"turns":11},{"damage":3,"enemies":"Chosen","floor":18,"turns":2},{"damage":0,"enemies":"3 Byrds","floor":21,"turns":4},{"damage":0,"enemies":"Slavers","floor":23,"turns":1},{"damage":0,"enemies":"Snecko","floor":25,"turns":2},{"damage":0,"enemies":"3 Cultists","floor":29,"turns":3},{"damage":17,"enemies":"Book of Stabbing","floor":30,"turns":4},{"damage":11,"enemies":"Shelled Parasite and Fungi","floor":31,"turns":3},{"damage":38,"enemies":"Champ","floor":33,"turns":4},{"damage":21,"enemies":"3 Darklings","floor":35,"turns":4},{"damage":0,"enemies":"Orb Walker","floor":37,"turns":1},{"damage":46,"enemies":"Writhing Mass","floor":38,"turns":6},{"damage":13,"enemies":"Nemesis","floor":42,"turns":3},{"damage":42,"enemies":"4 Shapes","floor":44,"turns":7},{"damage":45,"enemies":"Reptomancer","floor":45,"turns":5},{"damage":99,"enemies":"Giant Head","floor":47,"turns":8}],"seed_played":"1494461529074934130","potions_obtained":[{"floor":2,"key":"SteroidPotion"},{"floor":10,"key":"Swift Potion"},{"floor":12,"key":"BottledMiracle"},{"floor":13,"key":"Block Potion"},{"floor":16,"key":"SteroidPotion"},{"floor":31,"key":"FairyPotion"},{"floor":33,"key":"Swift Potion"},{"floor":37,"key":"EssenceOfSteel"},{"floor":44,"key":"BottledMiracle"}],"is_trial":false,"path_per_floor":["M","M","$","?","M","E","R","M","T","E","R","E","M","E","R","B",null,"M","?","$","M","?","E","R","M","T","?","R","M","E","M","R","B",null,"M","$","M","M","?","R","T","E","T","M","E","R","E"],"character_chosen":"WATCHER","items_purchased":["WindmillStrike","FollowUp","Happy Flower","BattleHymn","DeceiveReality","Whetstone"],"campfire_rested":3,"item_purchase_floors":[3,3,20,20,20,36],"current_hp_per_floor":[72,72,72,65,65,65,65,60,60,48,69,69,71,71,71,46,72,69,53,53,55,55,57,57,59,59,59,59,66,51,54,54,32,72,54,54,56,33,24,45,45,48,58,40,15,39,0,0],"gold":259,"neow_bonus":"THREE_ENEMY_KILL","is_daily":false,"chose_seed":false,"campfire_upgraded":4,"win_rate":0.0,"timestamp":1607756687,"path_taken":["M","?","$","?","M","E","R","M","T","E","R","E","M","E","R","BOSS","M","?","$","M","?","E","R","M","T","?","R","M","E","?","R","BOSS","M","$","?","M","?","R","?","E","T","M","E","R","E"],"items_purchased_type":["Card","Card","Relic","Card","Card","Relic"],"build_version":"2020-11-30","purchased_purges":0,"victory":false,"max_hp_per_floor":[72,72,72,72,72,72,72,72,72,72,72,72,72,72,72,72,72,72,72,72,72,72,72,72,72,72,72,72,72,72,72,72,72,72,72,72,72,72,72,72,72,72,82,82,82,82,82,82],"card_choices":[{"not_picked":["FlyingSleeves","Adaptation"],"picked":"Crescendo","floor":1},{"not_picked":["Protect","ThirdEye"],"picked":"EmptyBody","floor":2},{"not_picked":["Evaluate","SashWhip"],"picked":"Consecrate","floor":5},{"not_picked":["Evaluate","EmptyFist"],"picked":"Wireheading","floor":6},{"not_picked":["JustLucky","Protect"],"picked":"Wish","floor":8},{"not_picked":["WheelKick","Tantrum"],"picked":"FollowUp","floor":10},{"not_picked":["WindmillStrike","CutThroughFate"],"picked":"Study","floor":11},{"not_picked":["EmptyMind","Brilliance"],"picked":"EmptyBody","floor":12},{"not_picked":["ClearTheMind","ThirdEye"],"picked":"FearNoEvil","floor":13},{"not_picked":["Wireheading","EmptyBody"],"picked":"CutThroughFate","floor":14},{"not_picked":["LessonLearned","Wish"],"picked":"DevaForm","floor":16},{"not_picked":["Halt","EmptyBody"],"picked":"ClearTheMind","floor":18},{"not_picked":["InnerPeace+1","FlurryOfBlows+1"],"picked":"Ragnarok","floor":21},{"not_picked":["Conclude+1","Prostrate+1"],"picked":"InnerPeace+1","floor":23},{"not_picked":["Sanctity+1","FlurryOfBlows"],"picked":"Worship+1","floor":25},{"not_picked":["Vengeance+1","SignatureMove","BowlingBash"],"picked":"SKIP","floor":29},{"not_picked":["PathToVictory","Vengeance"],"picked":"Tantrum","floor":30},{"not_picked":["Weave","Prostrate"],"picked":"ReachHeaven","floor":31},{"not_picked":["LessonLearned","Vault"],"picked":"Blasphemy","floor":33},{"not_picked":["ThirdEye","WreathOfFlame+1"],"picked":"CutThroughFate+1","floor":35},{"not_picked":["FlyingSleeves+1","MentalFortress+1"],"picked":"Perseverance+1","floor":37},{"not_picked":["JustLucky","ThirdEye+1"],"picked":"Adaptation+1","floor":38},{"not_picked":["Halt+1","BowlingBash+1"],"picked":"Perseverance","floor":40},{"not_picked":["Protect+1","FlyingSleeves+1"],"picked":"Weave+1","floor":42},{"not_picked":["PathToVictory","ClearTheMind"],"picked":"Protect+1","floor":44},{"not_picked":["FlyingSleeves+1","Brilliance"],"picked":"Evaluate+1","floor":45},{"not_picked":["ClearTheMind+1","EmptyFist+1"],"picked":"Pray+1","floor":46}],"player_experience":397319,"relics_obtained":[{"floor":6,"key":"Ice Cream"},{"floor":9,"key":"Gremlin Horn"},{"floor":10,"key":"Dream Catcher"},{"floor":12,"key":"Blood Vial"},{"floor":14,"key":"Meat on the Bone"},{"floor":19,"key":"Necronomicon"},{"floor":23,"key":"Toy Ornithopter"},{"floor":30,"key":"Bird Faced Urn"},{"floor":41,"key":"Orichalcum"},{"floor":42,"key":"Mummified Hand"},{"floor":43,"key":"Pear"},{"floor":45,"key":"Singing Bowl"}],"event_choices":[{"damage_healed":0,"gold_gain":0,"player_choice":"Success","damage_taken":7,"relics_obtained":["Akabeko"],"max_hp_gain":0,"max_hp_loss":0,"event_name":"Scrap Ooze","floor":4,"gold_loss":0},{"damage_healed":0,"gold_gain":0,"player_choice":"Obtained Book","damage_taken":16,"max_hp_gain":0,"max_hp_loss":0,"event_name":"Cursed Tome","floor":19,"gold_loss":0},{"damage_healed":0,"gold_gain":0,"player_choice":"Simplicity","damage_taken":0,"max_hp_gain":0,"max_hp_loss":0,"event_name":"Back to Basics","floor":22,"gold_loss":0,"cards_upgraded":["Strike_P","Strike_P","Strike_P","Strike_P","Defend_P","Defend_P","Defend_P","Defend_P"]},{"damage_healed":0,"gold_gain":0,"player_choice":"Paid Fearfully","damage_taken":0,"max_hp_gain":0,"max_hp_loss":0,"event_name":"Masked Bandits","floor":27,"gold_loss":52},{"damage_healed":0,"gold_gain":0,"player_choice":"Embrace Madness","damage_taken":9,"max_hp_gain":0,"max_hp_loss":0,"event_name":"Winding Halls","floor":39,"gold_loss":0,"cards_obtained":["Madness","Madness"]}],"is_beta":false,"boss_relics":[{"not_picked":["SacredBark","Astrolabe"],"picked":"Cursed Key"},{"not_picked":["Coffee Dripper","Pandora\u0027s Box"],"picked":"HolyWater"}],"items_purged_floors":[],"is_endless":false,"potions_floor_spawned":[2,10,12,13,16,21,23,31,33,37,44],"killed_by":"Giant Head","ascension_level":1}}