{"host":"8xp52u5o8fcssvzz","time":1607765282,"event":{"mods":["2.2 Compatiblity","AchievementEnabler","Act Like it!","Aspiration","BaseMod","Better Altar","Better Match","Better Note","Better Sensory Stone","Better Skull","Better Third Choice","BetterRewards","Colored Map","Conspire","Downfall","GifTheSpireLib","Googly Eyes","Halation","Hallownest","Highlight Path","Hubris","Infinite Spire","Jorbs\u0027s Wanderer Trilogy","Marisa????????","Mimic Mod","Minty Spire (QoL Compilation)","Replay The Spire","Spicy Shops","StSLib","Stuff the Spire","The Blackbeard","The Gatherer","The Necromancer","The Runesmith","The Servant 0.9.4","Unceasing Turn Reminder","everything is the same but u backflip on backflip"],"gold_per_floor":[109,109,109,128,164,164,197,213,245,259,271,286,286,304,304,408,408,424,349,362,375,387,419,419,419,419],"floor_reached":25,"playtime":1691,"items_purged":[],"score":265,"play_id":"593bfa50-ee87-4cc2-a23d-a6f74ee950ea","local_time":"20201212012802","is_ascension_mode":true,"campfire_choices":[{"data":"InstantArmor","floor":6,"key":"SMITH"},{"data":"Embodiment","floor":13,"key":"SMITH"},{"data":"Potential","floor":15,"key":"SMITH"},{"data":"TimeWarp","floor":24,"key":"SMITH"}],"circlet_count":0,"master_deck":["Strike_S","Strike_S","Strike_S","Defend_S","Defend_S","Defend_S","KidneyShot","Exchange","FanOfKnives","Misdirection+1","Replace","InstantArmor+1","Embodiment+1","Potential+1","Alleviate","Foresight","InstantArmor","TimeWarp+1","Dilation","Barrier+1","BottledTime+1","Manipulate","ShatteredReality","Replace"],"relics":["Uniform","NeowsBlessing","halation:SwordOfLegend","infinitespire:PuzzleCube","aspiration:RitualDagger","Mirror"],"acts_visited":["Exordium","TheCity"],"potions_floor_usage":[11,16,16,16,25,25],"damage_taken":[{"damage":0,"enemies":"2 Louse","floor":1,"turns":1},{"damage":0,"enemies":"Jaw Worm","floor":4,"turns":1},{"damage":0,"enemies":"Cultist","floor":5,"turns":2},{"damage":0,"enemies":"Lagavulin","floor":7,"turns":9},{"damage":0,"enemies":"Cultist","floor":8,"turns":4},{"damage":0,"enemies":"Exordium Thugs","floor":9,"turns":7},{"damage":3,"enemies":"Exordium Thugs","floor":10,"turns":4},{"damage":0,"enemies":"Gremlin Gang","floor":11,"turns":3},{"damage":0,"enemies":"2 Fungi Beasts","floor":12,"turns":2},{"damage":0,"enemies":"Exordium Wildlife","floor":14,"turns":6},{"damage":13,"enemies":"Slime Boss","floor":16,"turns":10},{"damage":28,"enemies":"2 Thieves","floor":18,"turns":5},{"damage":18,"enemies":"conspire:FuzzyDice","floor":20,"turns":8},{"damage":8,"enemies":"Snake Plant","floor":21,"turns":6},{"damage":59,"enemies":"3 Cultists","floor":22,"turns":8},{"damage":45,"enemies":"Book of Stabbing","floor":23,"turns":7},{"damage":37,"enemies":"Gremlin Leader","floor":25,"turns":3}],"seed_played":"8951522941287405447","potions_obtained":[{"floor":4,"key":"Explosive Potion"},{"floor":7,"key":"hexamod:EctoCoolerPotion"},{"floor":12,"key":"FearPotion"},{"floor":14,"key":"Adrenaline Potion"},{"floor":20,"key":"LiquidBronze"},{"floor":22,"key":"SpeedPotion"}],"is_trial":false,"path_per_floor":["M","?","?","M","MIM","R","E","M","MIM","M","M","M","R","M","R","B",null,"M","?","M","M","M","E","R","E"],"character_chosen":"THE_SERVANT","items_purchased":[],"campfire_rested":0,"item_purchase_floors":[],"current_hp_per_floor":[65,65,65,65,65,65,65,65,65,62,62,62,65,65,65,52,65,37,37,19,11,35,10,28,0,0],"gold":419,"neow_bonus":"THREE_ENEMY_KILL","is_daily":false,"chose_seed":false,"campfire_upgraded":4,"win_rate":0.0,"timestamp":1607765282,"path_taken":["M","?","?","M","?","R","E","?","MIM","?","M","M","R","M","R","BOSS","M","?","M","M","M","E","R","E"],"items_purchased_type":[],"build_version":"2020-11-30","purchased_purges":0,"victory":false,"max_hp_per_floor":[65,65,65,65,65,65,65,65,65,65,65,65,65,65,65,65,65,65,65,65,65,65,65,65,65,65],"card_choices":[{"not_picked":["Rewind","ShatteredReality"],"picked":"FanOfKnives","floor":1},{"not_picked":["Rewind","Rearm"],"picked":"Replace","floor":4},{"not_picked":["Revamp","Misdirection"],"picked":"InstantArmor","floor":5},{"not_picked":["Sabotage","Collapse"],"picked":"Embodiment","floor":7},{"not_picked":["Spin","Alleviate"],"picked":"Potential","floor":8},{"not_picked":["Rewind","Reset"],"picked":"Alleviate","floor":9},{"not_picked":["Rewind","Shuttle","Potential"],"picked":"SKIP","floor":10},{"not_picked":["DoubleEdge","Rearm"],"picked":"Foresight","floor":11},{"not_picked":["Alleviate","Comet"],"picked":"InstantArmor","floor":12},{"not_picked":["Misdirection","ShatteredReality"],"picked":"TimeWarp","floor":14},{"not_picked":["ForgedInTime","Initiator"],"picked":"Dilation","floor":16},{"not_picked":["Collapse","FastForward"],"picked":"Barrier+1","floor":18},{"not_picked":["DualDimension","Collapse"],"picked":"BottledTime+1","floor":20},{"not_picked":["FastForward","Rewind+1"],"picked":"Manipulate","floor":21},{"not_picked":["FastForward","Starlight"],"picked":"ShatteredReality","floor":22},{"not_picked":["LightFlow","Alleviate"],"picked":"Replace","floor":23}],"player_experience":410145,"relics_obtained":[{"floor":7,"key":"halation:SwordOfLegend"},{"floor":9,"key":"infinitespire:PuzzleCube"},{"floor":23,"key":"Mirror"}],"event_choices":[{"cards_removed":["Defend_S"],"damage_healed":0,"gold_gain":0,"player_choice":"Gave Gold","damage_taken":0,"max_hp_gain":0,"max_hp_loss":0,"event_name":"Beggar","floor":19,"gold_loss":75}],"is_beta":false,"boss_relics":[{"not_picked":["conspire:SeveredTorchhead","Pandora\u0027s Box"],"picked":"aspiration:RitualDagger"}],"items_purged_floors":[],"is_endless":false,"potions_floor_spawned":[4,7,12,14,20,22],"killed_by":"Gremlin Leader","ascension_level":1}}