{"host":"n7mxhpjy89lltbhc","time":1607768495,"event":{"mods":["2.2 Compatiblity","Act Like it!","Bard","BaseMod","Better Match","Better Sensory Stone","Better Synergies","Better Third Choice","Better Vampires","BetterRewards","Challenge The Spire","Colored Map","Colored Powertips","Displayed Cursed Tome","Gensokyo","Hubris","Infinite Spire","Jedi Mod","Marisa????????","Marked Mod","Mimic Mod","Minty Spire (QoL Compilation)","Permanent Neow","Rare Cards Sparkle","Relic Sorter","Relic Stats","Replay The Spire","Shop Mod","Small Relic Pack","Spicy Shops","StSLib","Strawberry Spire","The Alterego","The Blue Laboratory","The Disciple","The Runesmith","The Servant 0.9.4","Uncapped","Waifu the Spire","Wandering Minibosses","vexMod","???????????mod"],"gold_per_floor":[111,130,55,67,67,67,97,114,114,126,138,138,138,138,138,239,239,253,253,253,271,271,271,271,271],"floor_reached":24,"playtime":826,"items_purged":[],"score":308,"play_id":"3418eecf-1787-4a6b-831c-f62f9fa957fa","local_time":"25631212172135","is_ascension_mode":true,"campfire_choices":[{"data":"ShatteredReality","floor":6,"key":"SMITH"},{"floor":12,"key":"REST"},{"data":"Deny","floor":15,"key":"SMITH"}],"circlet_count":0,"master_deck":["AscendersBane","Strike_S","Strike_S","Strike_S","Strike_S","Defend_S","Defend_S","Defend_S","Defend_S","KidneyShot","Exchange","FloweringNight","Potential","ShatteredReality+1","Ricochet+1","TimeWarp","SilverBlades","Deny+1","Defy","Solidify","TimeWarp+1"],"relics":["Uniform","Molten Egg 2","Gensokyo:NagashiBinaDoll","BranchBurnRelic","Black Star","relicPack:DSword"],"acts_visited":["Gensokyo:Gensokyo","Gensokyo:Gensokyoer"],"potions_floor_usage":[16,24],"damage_taken":[{"damage":6,"enemies":"Gensokyo:Python","floor":1,"turns":5},{"damage":24,"enemies":"Gensokyo:Gryphon","floor":2,"turns":5},{"damage":7,"enemies":"Gensokyo:2_Kodama","floor":4,"turns":3},{"damage":4,"enemies":"Gensokyo:Aya","floor":7,"turns":6},{"damage":5,"enemies":"Gensokyo:LivingMonolith","floor":8,"turns":5},{"damage":7,"enemies":"Gensokyo:3_Kodama","floor":10,"turns":3},{"damage":0,"enemies":"Gensokyo:Kitsune","floor":11,"turns":2},{"damage":15,"enemies":"Gensokyo:Yukari","floor":16,"turns":7},{"damage":16,"enemies":"Gensokyo:AngelMirror","floor":18,"turns":4},{"damage":0,"enemies":"Gensokyo:2_Gloops","floor":21,"turns":4},{"damage":10,"enemies":"Gensokyo:Mirror_and_Dog","floor":24,"turns":3}],"seed_played":"-5545833284658549581","potions_obtained":[{"floor":2,"key":"blueLaboratory:PolymorphPotion"},{"floor":7,"key":"blueLaboratory:NullPotion"},{"floor":18,"key":"blueLaboratory:StoneskinPotion"}],"is_trial":false,"path_per_floor":["M","M","?","M","?","R","E","M","T","M","M","R","?","?","R","B",null,"M","?","?","M","PTL","PTL","M"],"character_chosen":"THE_SERVANT","items_purchased":[],"campfire_rested":1,"item_purchase_floors":[],"current_hp_per_floor":[53,29,29,22,22,22,18,13,13,6,6,25,25,25,25,25,55,39,4,10,10,10,10,0,0],"gold":271,"neow_bonus":"ONE_RANDOM_RARE_CARD","is_daily":false,"chose_seed":false,"campfire_upgraded":2,"win_rate":0.0,"timestamp":1607768495,"path_taken":["M","M","?","M","?","R","E","M","T","?","M","R","?","?","R","BOSS","M","?","?","M","PTL","PTL","M"],"items_purchased_type":[],"build_version":"2020-11-30","purchased_purges":0,"victory":false,"max_hp_per_floor":[65,65,65,65,65,65,65,65,65,65,65,65,65,65,65,65,65,65,65,65,65,65,65,65,65],"relic_stats":{"counters":[11,47],"Black Star":0,"obtain_stats":[{"BranchBurnRelic":15,"relicPack:DSword":19,"Dead Branch":7,"Molten Egg 2":9,"Gensokyo:NagashiBinaDoll":14,"Uniform":0,"Black Star":17},{"BranchBurnRelic":7,"relicPack:DSword":9,"Dead Branch":4,"Molten Egg 2":5,"Gensokyo:NagashiBinaDoll":7,"Uniform":0,"Black Star":8},{"BranchBurnRelic":29,"relicPack:DSword":40,"Dead Branch":19,"Molten Egg 2":24,"Gensokyo:NagashiBinaDoll":29,"Uniform":0,"Black Star":36}]},"card_choices":[{"not_picked":["Replace","TimeWarp"],"picked":"Potential","floor":1},{"not_picked":["GearUp","DoubleEdge"],"picked":"ShatteredReality","floor":2},{"not_picked":["Spin+1","ShatteredReality+1"],"picked":"Ricochet+1","floor":3},{"not_picked":["DoubleEdge","Rearm"],"picked":"TimeWarp","floor":4},{"not_picked":["DoubleEdge","Unruled","StarChef"],"picked":"SKIP","floor":7},{"not_picked":["DoubleEdge","Unruled","StarChef"],"picked":"SKIP","floor":7},{"not_picked":["Sabotage","ShatteredReality"],"picked":"SilverBlades","floor":8},{"not_picked":["Alleviate","Unruled+1"],"picked":"Deny","floor":10},{"not_picked":["TimeWarp+1","Replace"],"picked":"Defy","floor":11},{"not_picked":["ForgedInTime","Duplication"],"picked":"Solidify","floor":16},{"not_picked":["Spin+1","Defy","Unruled+1"],"picked":"SKIP","floor":18},{"not_picked":["DoubleEdge+1","Barrier"],"picked":"TimeWarp+1","floor":21}],"player_experience":890001,"relics_obtained":[{"floor":7,"key":"Dead Branch"},{"floor":9,"key":"Molten Egg 2"}],"event_choices":[{"damage_healed":0,"gold_gain":0,"player_choice":"2","damage_taken":0,"max_hp_gain":0,"max_hp_loss":0,"event_name":"betterMatch:BetterMatch","floor":3,"gold_loss":0,"cards_obtained":["betterMatch:CommonCard"]}],"is_beta":false,"boss_relics":[{"not_picked":["Snecko Eye","Honey Jar"],"picked":"Black Star"}],"items_purged_floors":[],"is_endless":false,"potions_floor_spawned":[2,7,11,18],"killed_by":"Gensokyo:Mirror_and_Dog","ascension_level":12}}