{"host":"fevvm7bbzuh4s1jc","time":1607794437,"event":{"mods":["BaseMod","Highlight Path","Minty Spire (QoL Compilation)","Relic Stats"],"gold_per_floor":[368,80,95,19,31,66,86,86,86],"floor_reached":8,"playtime":694,"items_purged":["Normality"],"score":116,"play_id":"3a6d3da7-7496-471b-9b42-4433677da3b2","local_time":"20201212123357","is_ascension_mode":true,"campfire_choices":[],"circlet_count":0,"master_deck":["AscendersBane","Strike_G","Strike_G","Strike_G","Strike_G","Strike_G","Defend_G","Defend_G","Defend_G","Defend_G","Defend_G","Survivor","Neutralize","Blade Dance","Backstab","Noxious Fumes","Poisoned Stab","Skewer","PiercingWail","Bane"],"relics":["Ring of the Snake","Ancient Tea Set"],"acts_visited":["Exordium"],"potions_floor_usage":[6,6,8,8],"damage_taken":[{"damage":14,"enemies":"Cultist","floor":1,"turns":6},{"damage":2,"enemies":"Jaw Worm","floor":3,"turns":3},{"damage":0,"enemies":"Small Slimes","floor":5,"turns":2},{"damage":13,"enemies":"3 Sentries","floor":6,"turns":7},{"damage":6,"enemies":"Looter","floor":7,"turns":3},{"damage":24,"enemies":"Lagavulin","floor":8,"turns":5}],"seed_played":"-8594982093631755524","potions_obtained":[{"floor":5,"key":"Dexterity Potion"},{"floor":6,"key":"Strength Potion"},{"floor":7,"key":"PowerPotion"}],"is_trial":false,"path_per_floor":["M","$","M","$","M","E","M","E"],"character_chosen":"THE_SILENT","items_purchased":["Backstab","Fire Potion","Noxious Fumes","Skewer"],"campfire_rested":0,"item_purchase_floors":[2,2,2,4],"current_hp_per_floor":[45,45,43,43,43,30,24,0,0],"gold":86,"neow_bonus":"TWO_FIFTY_GOLD","is_daily":false,"chose_seed":false,"campfire_upgraded":0,"win_rate":0.0,"timestamp":1607794437,"path_taken":["M","$","M","?","M","E","M","E"],"items_purchased_type":["Card","Potion","Card","Card"],"build_version":"2020-11-30","purchased_purges":1,"victory":false,"max_hp_per_floor":[66,66,66,66,66,66,66,66,66],"relic_stats":{"counters":[6,26],"obtain_stats":[{"Ancient Tea Set":6,"Ring of the Snake":0},{"Ancient Tea Set":4,"Ring of the Snake":0},{"Ancient Tea Set":18,"Ring of the Snake":0}],"Ring of the Snake":[12]},"card_choices":[{"not_picked":["Underhanded Strike","Deflect"],"picked":"Blade Dance","floor":1},{"not_picked":["Escape Plan","Setup"],"picked":"Poisoned Stab","floor":3},{"not_picked":["Poisoned Stab","Predator"],"picked":"PiercingWail","floor":5},{"not_picked":["Flying Knee","Sucker Punch"],"picked":"Bane","floor":6},{"not_picked":["Expertise","Riddle With Holes","Sucker Punch"],"picked":"SKIP","floor":7}],"player_experience":2539389,"relics_obtained":[{"floor":6,"key":"Ancient Tea Set"}],"event_choices":[],"is_beta":false,"boss_relics":[],"items_purged_floors":[2],"is_endless":false,"potions_floor_spawned":[5,6,7],"killed_by":"Lagavulin","ascension_level":20}}