{"host":"e2ju6k0wppswbhbd","time":1607809584,"event":{"mods":["BaseMod","Minty Spire (QoL Compilation)","Rare Cards Sparkle","StSLib"],"gold_per_floor":[117,134,148,159,159,190,190,222,222,222,242,259,259,277,277,372,372,388,388,4,14,25,56,71,71,122,122,153,153,153,153,153,249,249,267,267,267,342,356,415,470,470,495,530,549,549,562,582,582,582,582,582,20,50,50,50],"floor_reached":55,"playtime":8087,"items_purged":["Strike_P"],"score":777,"play_id":"e340eebe-e3a6-4aea-bd35-2b421da864b8","local_time":"20201212224624","is_ascension_mode":false,"campfire_choices":[{"floor":10,"key":"RECALL"},{"data":"Eruption","floor":13,"key":"SMITH"},{"data":"Vigilance","floor":15,"key":"SMITH"},{"floor":25,"key":"REST"},{"data":"Alpha","floor":27,"key":"SMITH"},{"data":"Protect","floor":29,"key":"SMITH"},{"data":"TalkToTheHand","floor":32,"key":"SMITH"},{"floor":42,"key":"REST"},{"floor":49,"key":"REST"},{"data":"LikeWater","floor":52,"key":"SMITH"}],"circlet_count":0,"master_deck":["Strike_P","Strike_P","Defend_P","Defend_P","Defend_P","Eruption+1","Vigilance+1","Wireheading","BowlingBash","Protect+1","Consecrate","EmptyBody","LikeWater+1","Weave","ClearTheMind","Alpha+1","DeusExMachina","BowlingBash+1","Panacea","TalkToTheHand+1","CutThroughFate","WindmillStrike+1","PathToVictory","FlyingSleeves+1","Wish","JustLucky+1","Madness","Madness","Dark Shackles","Flash of Steel","FlurryOfBlows","FearNoEvil","Meditate+1","ThirdEye+1","Nirvana+1","Evaluate+1","CrushJoints+1","PathToVictory+1","DeceiveReality","Jack Of All Trades","Collect","Halt+1"],"relics":["HolyWater","Boot","Regal Pillow","Shuriken","Oddly Smooth Stone","Nunchaku","White Beast Statue","Bag of Preparation","Bronze Scales","Black Star","GoldenEye","Frozen Egg 2","Anchor","Thread and Needle","Bag of Marbles","Bird Faced Urn","Omamori","Happy Flower","Centennial Puzzle","Toy Ornithopter"],"acts_visited":["Exordium","TheCity","TheBeyond","TheEnding"],"potions_floor_usage":[6,8,16,22,22,23,24,28,33,35,35,39,40,40,41,47,47,48,50,54,54,55],"damage_taken":[{"damage":0,"enemies":"Cultist","floor":1,"turns":2},{"damage":0,"enemies":"Small Slimes","floor":2,"turns":2},{"damage":0,"enemies":"2 Louse","floor":3,"turns":3},{"damage":2,"enemies":"Exordium Thugs","floor":4,"turns":3},{"damage":3,"enemies":"Lagavulin","floor":6,"turns":5},{"damage":1,"enemies":"3 Sentries","floor":8,"turns":4},{"damage":0,"enemies":"Red Slaver","floor":11,"turns":5},{"damage":0,"enemies":"Lots of Slimes","floor":12,"turns":1},{"damage":3,"enemies":"Looter","floor":14,"turns":3},{"damage":23,"enemies":"Slime Boss","floor":16,"turns":5},{"damage":0,"enemies":"3 Byrds","floor":18,"turns":6},{"damage":17,"enemies":"2 Thieves","floor":21,"turns":5},{"damage":6,"enemies":"Sentry and Sphere","floor":22,"turns":5},{"damage":11,"enemies":"Slavers","floor":23,"turns":3},{"damage":7,"enemies":"Snake Plant","floor":24,"turns":5},{"damage":8,"enemies":"Book of Stabbing","floor":28,"turns":6},{"damage":5,"enemies":"Collector","floor":33,"turns":6},{"damage":0,"enemies":"Orb Walker","floor":35,"turns":4},{"damage":0,"enemies":"Mind Bloom Boss Battle","floor":38,"turns":6},{"damage":0,"enemies":"3 Shapes","floor":39,"turns":4},{"damage":41,"enemies":"Reptomancer","floor":40,"turns":8},{"damage":15,"enemies":"2 Orb Walkers","floor":41,"turns":5},{"damage":14,"enemies":"Giant Head","floor":44,"turns":8},{"damage":5,"enemies":"3 Darklings","floor":45,"turns":5},{"damage":26,"enemies":"Spire Growth","floor":47,"turns":6},{"damage":0,"enemies":"Maw","floor":48,"turns":7},{"damage":54,"enemies":"Donu and Deca","floor":50,"turns":9},{"damage":37,"enemies":"Shield and Spear","floor":54,"turns":9},{"damage":74,"enemies":"The Heart","floor":55,"turns":5}],"seed_played":"4845317203144207924","potions_obtained":[{"floor":1,"key":"AttackPotion"},{"floor":3,"key":"Explosive Potion"},{"floor":8,"key":"LiquidMemories"},{"floor":11,"key":"Strength Potion"},{"floor":14,"key":"Energy Potion"},{"floor":21,"key":"PowerPotion"},{"floor":22,"key":"SteroidPotion"},{"floor":23,"key":"Strength Potion"},{"floor":24,"key":"DistilledChaos"},{"floor":28,"key":"ColorlessPotion"},{"floor":33,"key":"Weak Potion"},{"floor":35,"key":"StancePotion"},{"floor":38,"key":"Dexterity Potion"},{"floor":39,"key":"DuplicationPotion"},{"floor":40,"key":"Fire Potion"},{"floor":41,"key":"FairyPotion"},{"floor":44,"key":"PowerPotion"},{"floor":45,"key":"Weak Potion"},{"floor":47,"key":"EssenceOfSteel"},{"floor":48,"key":"Strength Potion"},{"floor":54,"key":"DistilledChaos"}],"is_trial":false,"path_per_floor":["M","M","M","M","?","E","?","E","T","R","M","M","R","M","R","B",null,"M","?","$","M","M","E","M","R","T","R","E","R","?","?","R","B",null,"M","?","?","?","M","E","?","R","T","E","M","?","M","M","R","B",null,"R","$","E","B"],"character_chosen":"WATCHER","items_purchased":["Oddly Smooth Stone","Panacea","Nunchaku","Happy Flower","Dexterity Potion","BottledMiracle","DeceiveReality","Jack Of All Trades","Collect"],"campfire_rested":3,"item_purchase_floors":[20,20,20,53,53,53,53,53,53],"current_hp_per_floor":[72,72,72,70,75,72,72,71,71,71,71,71,71,68,68,45,77,77,77,77,60,54,43,36,74,74,74,66,66,66,66,66,61,77,77,67,62,62,62,21,6,44,44,30,29,29,13,21,59,13,77,77,77,44,0,0],"gold":50,"neow_bonus":"RANDOM_COMMON_RELIC","is_daily":false,"chose_seed":false,"campfire_upgraded":6,"win_rate":0.0,"timestamp":1607809584,"path_taken":["M","M","?","M","?","E","?","E","T","R","M","?","R","M","R","BOSS","M","?","$","M","?","E","?","R","T","R","E","R","?","?","R","BOSS","M","?","?","?","M","E","?","R","T","E","?","?","?","M","R","BOSS","R","$","E","BOSS"],"items_purchased_type":["Relic","Card","Relic","Relic","Potion","Potion","Card","Card","Card"],"build_version":"2020-11-30","purchased_purges":1,"victory":false,"max_hp_per_floor":[72,72,72,72,77,77,77,77,77,77,77,77,77,77,77,77,77,77,77,77,77,77,77,77,77,77,77,77,77,77,77,77,77,77,77,77,77,77,77,77,77,77,77,77,77,77,77,77,77,77,77,77,77,77,77,77],"card_choices":[{"not_picked":["Indignation","Crescendo"],"picked":"Wireheading","floor":1},{"not_picked":["Halt","Collect"],"picked":"BowlingBash","floor":2},{"not_picked":["Crescendo","WindmillStrike"],"picked":"Protect","floor":3},{"not_picked":["CrushJoints","FlyingSleeves"],"picked":"Consecrate","floor":4},{"not_picked":["SignatureMove","Halt"],"picked":"EmptyBody","floor":6},{"not_picked":["Crescendo","ReachHeaven"],"picked":"LikeWater","floor":8},{"not_picked":["FlurryOfBlows","BowlingBash"],"picked":"Weave","floor":11},{"not_picked":["CutThroughFate","Consecrate"],"picked":"ClearTheMind","floor":12},{"not_picked":["FlyingSleeves","Protect"],"picked":"Alpha","floor":14},{"not_picked":["Omniscience","Brilliance"],"picked":"DeusExMachina","floor":16},{"not_picked":["ClearTheMind","JustLucky"],"picked":"BowlingBash+1","floor":18},{"not_picked":["WreathOfFlame","Protect"],"picked":"TalkToTheHand","floor":21},{"not_picked":["ClearTheMind+1","FlyingSleeves"],"picked":"CutThroughFate","floor":22},{"not_picked":["ThirdEye","FlurryOfBlows"],"picked":"WindmillStrike+1","floor":23},{"not_picked":["Omniscience","ThirdEye"],"picked":"PathToVictory","floor":24},{"not_picked":["EmptyBody","WindmillStrike"],"picked":"FlyingSleeves+1","floor":28},{"not_picked":["Alpha","MasterReality"],"picked":"Wish","floor":33},{"not_picked":["Wireheading+1","WindmillStrike"],"picked":"JustLucky+1","floor":35},{"not_picked":["HandOfGreed","Violence"],"picked":"Dark Shackles","floor":37},{"not_picked":["Discovery","Metamorphosis"],"picked":"Flash of Steel","floor":37},{"not_picked":["Sanctity","Weave"],"picked":"FlurryOfBlows","floor":38},{"not_picked":["LikeWater","FlyingSleeves+1"],"picked":"FearNoEvil","floor":39},{"not_picked":["Weave","CutThroughFate+1"],"picked":"Meditate+1","floor":40},{"not_picked":["CutThroughFate","CrushJoints"],"picked":"ThirdEye+1","floor":41},{"not_picked":["Crescendo","Weave+1"],"picked":"Nirvana+1","floor":44},{"not_picked":["Scrawl","Nirvana+1"],"picked":"Evaluate+1","floor":45},{"not_picked":["FlyingSleeves+1","ClearTheMind"],"picked":"CrushJoints+1","floor":47},{"not_picked":["Tantrum+1","Wireheading+1"],"picked":"PathToVictory+1","floor":48},{"not_picked":["SandsOfTime","Consecrate+1"],"picked":"Halt+1","floor":54}],"player_experience":2511602,"relics_obtained":[{"floor":6,"key":"Regal Pillow"},{"floor":8,"key":"Shuriken"},{"floor":23,"key":"White Beast Statue"},{"floor":26,"key":"Bag of Preparation"},{"floor":28,"key":"Bronze Scales"},{"floor":38,"key":"GoldenEye"},{"floor":40,"key":"Frozen Egg 2"},{"floor":40,"key":"Anchor"},{"floor":41,"key":"Thread and Needle"},{"floor":43,"key":"Bag of Marbles"},{"floor":44,"key":"Bird Faced Urn"},{"floor":44,"key":"Omamori"},{"floor":54,"key":"Centennial Puzzle"},{"floor":54,"key":"Toy Ornithopter"}],"event_choices":[{"damage_healed":0,"gold_gain":0,"player_choice":"Donut","damage_taken":0,"max_hp_gain":5,"max_hp_loss":0,"event_name":"Big Fish","floor":5,"gold_loss":0},{"cards_removed":["Defend_P"],"damage_healed":0,"gold_gain":0,"player_choice":"Purged","damage_taken":0,"max_hp_gain":0,"max_hp_loss":0,"event_name":"Purifier","floor":7,"gold_loss":0},{"cards_removed":["Strike_P"],"damage_healed":0,"gold_gain":0,"player_choice":"Purged","damage_taken":0,"max_hp_gain":0,"max_hp_loss":0,"event_name":"Purifier","floor":19,"gold_loss":0},{"damage_healed":0,"gold_gain":0,"player_choice":"Ignored","damage_taken":0,"max_hp_gain":0,"max_hp_loss":0,"event_name":"Ghosts","floor":30,"gold_loss":0},{"damage_healed":0,"gold_gain":0,"player_choice":"Ignored","damage_taken":0,"max_hp_gain":0,"max_hp_loss":0,"event_name":"Vampires","floor":31,"gold_loss":0},{"damage_healed":0,"gold_gain":0,"player_choice":"Embrace Madness","damage_taken":10,"max_hp_gain":0,"max_hp_loss":0,"event_name":"Winding Halls","floor":36,"gold_loss":0,"cards_obtained":["Madness","Madness"]},{"damage_healed":0,"gold_gain":0,"player_choice":"Memory 2","damage_taken":5,"max_hp_gain":0,"max_hp_loss":0,"event_name":"SensoryStone","floor":37,"gold_loss":0},{"damage_healed":0,"gold_gain":0,"player_choice":"Fight","damage_taken":0,"max_hp_gain":0,"max_hp_loss":0,"event_name":"MindBloom","floor":38,"gold_loss":0},{"damage_healed":0,"gold_gain":0,"player_choice":"Fight","damage_taken":0,"max_hp_gain":0,"max_hp_loss":0,"event_name":"Mysterious Sphere","floor":41,"gold_loss":0},{"damage_healed":0,"gold_gain":0,"player_choice":"Bought 0 Potions","damage_taken":0,"max_hp_gain":0,"max_hp_loss":0,"event_name":"The Woman in Blue","floor":46,"gold_loss":0}],"is_beta":false,"boss_relics":[{"not_picked":["Empty Cage","SacredBark"],"picked":"HolyWater"},{"not_picked":["Busted Crown","Pandora\u0027s Box"],"picked":"Black Star"}],"items_purged_floors":[53],"is_endless":false,"potions_floor_spawned":[1,3,8,11,14,21,22,23,24,28,33,35,38,39,40,41,44,45,47,48,54],"killed_by":"The Heart","ascension_level":0}}