{"host":"BK","time":1607745519,"event":{"mods":["BaseMod","Highlight Path","Minty Spire (QoL Compilation)","StSLib"],"gold_per_floor":[112,131,3,22,35,35,68,68,94,108,123,123,154,169,169,244,244,203,203,203],"floor_reached":19,"playtime":1729,"items_purged":["Strike_G"],"score":362,"play_id":"627e1f0b-1226-4af1-990c-b909025edf57","local_time":"20201211205839","is_ascension_mode":true,"campfire_choices":[{"floor":6,"key":"REST"},{"data":"Envenom","floor":8,"key":"SMITH"},{"floor":12,"key":"REST"},{"floor":15,"key":"REST"}],"circlet_count":0,"master_deck":["AscendersBane","Strike_G","Strike_G","Strike_G","Strike_G","Defend_G","Defend_G","Defend_G","Defend_G","Defend_G","Survivor","Neutralize","Envenom+1","Dagger Spray","Caltrops","Poisoned Stab","Well Laid Plans","Bane","Calculated Gamble","Noxious Fumes","Backflip","Catalyst","Bullet Time"],"relics":["Ring of the Snake","Tiny Chest","Dream Catcher","Boot","Cursed Key"],"acts_visited":["Exordium","TheCity"],"potions_floor_usage":[7,11,16,16,19],"damage_taken":[{"damage":1,"enemies":"Cultist","floor":1,"turns":4},{"damage":10,"enemies":"Jaw Worm","floor":2,"turns":7},{"damage":0,"enemies":"Small Slimes","floor":4,"turns":2},{"damage":8,"enemies":"Exordium Wildlife","floor":5,"turns":5},{"damage":31,"enemies":"Gremlin Nob","floor":7,"turns":5},{"damage":9,"enemies":"Blue Slaver","floor":10,"turns":4},{"damage":0,"enemies":"Large Slime","floor":11,"turns":4},{"damage":17,"enemies":"Lagavulin","floor":13,"turns":6},{"damage":1,"enemies":"Looter","floor":14,"turns":3},{"damage":17,"enemies":"The Guardian","floor":16,"turns":9},{"damage":40,"enemies":"2 Thieves","floor":18,"turns":5},{"damage":17,"enemies":"Shell Parasite","floor":19,"turns":2}],"seed_played":"2040668782522273835","potions_obtained":[{"floor":1,"key":"Block Potion"},{"floor":5,"key":"EssenceOfSteel"},{"floor":7,"key":"AttackPotion"},{"floor":14,"key":"Energy Potion"},{"floor":18,"key":"EssenceOfSteel"}],"is_trial":false,"path_per_floor":["M","M","$","M","M","R","E","R","T","M","M","R","E","M","R","B",null,"M","M"],"character_chosen":"THE_SILENT","items_purchased":["Poisoned Stab"],"campfire_rested":3,"item_purchase_floors":[3],"current_hp_per_floor":[43,33,33,33,25,44,13,13,13,4,4,23,6,5,24,7,51,11,0,0],"gold":203,"neow_bonus":"THREE_RARE_CARDS","is_daily":false,"chose_seed":false,"campfire_upgraded":1,"win_rate":0.0,"timestamp":1607745519,"path_taken":["M","M","$","M","M","R","E","R","T","M","?","R","E","M","R","BOSS","M","M"],"items_purchased_type":["Card"],"build_version":"2020-12-07","purchased_purges":1,"victory":false,"max_hp_per_floor":[66,66,66,66,66,66,66,66,66,66,66,66,66,66,66,66,66,66,66,66],"card_choices":[{"not_picked":["Venomology","Storm of Steel"],"picked":"Envenom","floor":0},{"not_picked":["Reflex","Tactician"],"picked":"Dagger Spray","floor":1},{"not_picked":["Underhanded Strike","Slice"],"picked":"Caltrops","floor":2},{"not_picked":["Masterful Stab","Escape Plan","Outmaneuver"],"picked":"SKIP","floor":4},{"not_picked":["Backflip","Well Laid Plans","Concentrate"],"picked":"SKIP","floor":5},{"not_picked":["Sucker Punch","Prepared"],"picked":"Well Laid Plans","floor":7},{"not_picked":["A Thousand Cuts","Sucker Punch"],"picked":"Bane","floor":10},{"not_picked":["Distraction","Poisoned Stab"],"picked":"Calculated Gamble","floor":11},{"not_picked":["Dagger Throw","Prepared"],"picked":"Noxious Fumes","floor":12},{"not_picked":["Dagger Throw","Choke"],"picked":"Backflip","floor":13},{"not_picked":["Poisoned Stab","Infinite Blades","Sucker Punch"],"picked":"SKIP","floor":14},{"not_picked":["PiercingWail","Dodge and Roll"],"picked":"Catalyst","floor":15},{"not_picked":["Tools of the Trade","Storm of Steel"],"picked":"Bullet Time","floor":16},{"not_picked":["Poisoned Stab","Finisher","Dagger Throw"],"picked":"SKIP","floor":18}],"player_experience":2351526,"relics_obtained":[{"floor":7,"key":"Tiny Chest"},{"floor":9,"key":"Dream Catcher"},{"floor":13,"key":"Boot"}],"event_choices":[],"is_beta":true,"boss_relics":[{"not_picked":["Velvet Choker","Runic Dome"],"picked":"Cursed Key"}],"items_purged_floors":[3],"is_endless":false,"potions_floor_spawned":[1,5,7,14,18],"killed_by":"Shell Parasite","ascension_level":20}}