{"host":"q2l6xtlpu05lrop8","time":1607812064,"event":{"mods":["AchievementEnabler","BaseMod","BetterRewards","Colored Map","Downfall","Googly Eyes","Minty Spire (QoL Compilation)","StSLib","The IronCluck","slay the spire mod where everything is the same but ironclad has a cowboy hat"],"gold_per_floor":[349,349,349,41,41,57,57,73,88,88,103,118,144,55,65,170,170,170,186,186,186,200,200,200,200,229,154,166,179,18,37,53,53,53],"floor_reached":33,"playtime":2746,"items_purged":["Pain"],"score":324,"play_id":"8d6ba5dd-aa27-4ddd-9ee7-d2f3d7cf3196","local_time":"20201212142744","is_ascension_mode":true,"campfire_choices":[{"data":"sneckomod:Unknown","floor":1,"key":"SMITH"},{"data":"sneckomod:UnknownX","floor":5,"key":"SMITH"},{"data":"sneckomod:DiceBoulder","floor":10,"key":"SMITH"},{"data":"sneckomod:DiceBoulder+1","floor":18,"key":"SMITH"},{"data":"sneckomod:UnknownRareSkill","floor":20,"key":"SMITH"},{"data":"sneckomod:DiceBoulder+2","floor":25,"key":"SMITH"},{"floor":27,"key":"RECALL"}],"circlet_count":0,"master_deck":["sneckomod:Strike","sneckomod:Strike","sneckomod:Defend","sneckomod:Defend","sneckomod:Defend","sneckomod:TailWhip","sneckomod:SnekBite","sneckomod:Unknown+1","sneckomod:Unknown","sneckomod:UnknownX+1","sneckomod:ImprovisedGuard","sneckomod:RainOfDice","sneckomod:DiceBoulder+3","sneckomod:UnknownDexterity","sneckomod:UnknownClassGUARDIAN","sneckomod:Unknown2Cost","sneckomod:ImprovisedGuard","sneckomod:UnknownUncommonPower","sneckomod:UnknownBlock","sneckomod:UnknownRareSkill+1","sneckomod:ImprovisedGuard","sneckomod:UnknownUncommonAttack+1","Writhe","sneckomod:UnknownUncommonPower","sneckomod:UnknownClassGUARDIAN+1","sneckomod:UnknownUncommonPower+1","sneckomod:UnknownRareAttack","sneckomod:UnknownRareSkill","sneckomod:UnknownRarePower","sneckomod:SerpentMind","sneckomod:SoulDraw"],"relics":["sneckomod:SneckoSoul","Turnip","WarpedTongs","sneckomod:SleevedAce","Nunchaku","Odd Mushroom","Sozu","Gremlin Horn","Omamori","Potion Belt","downfall:HeartBlessingGreen","sneckomod:RareBoosterPack"],"acts_visited":["Exordium","TheCity"],"potions_floor_usage":[15,16,26,33],"damage_taken":[{"damage":10,"enemies":"downfall:FleeingMerchant","floor":4,"turns":4},{"damage":0,"enemies":"Small Slimes","floor":6,"turns":4},{"damage":6,"enemies":"2 Louse","floor":8,"turns":2},{"damage":0,"enemies":"Cultist","floor":9,"turns":2},{"damage":3,"enemies":"Exordium Wildlife","floor":11,"turns":5},{"damage":0,"enemies":"3 Louse","floor":12,"turns":4},{"damage":14,"enemies":"The Mushroom Lair","floor":13,"turns":5},{"damage":10,"enemies":"downfall:FleeingMerchant","floor":14,"turns":4},{"damage":3,"enemies":"Lots of Slimes","floor":15,"turns":4},{"damage":0,"enemies":"downfall:Watcher","floor":16,"turns":9},{"damage":3,"enemies":"3 Byrds","floor":19,"turns":4},{"damage":0,"enemies":"Chosen","floor":22,"turns":4},{"damage":24,"enemies":"Book of Stabbing","floor":26,"turns":6},{"damage":6,"enemies":"Shelled Parasite and Fungi","floor":28,"turns":6},{"damage":7,"enemies":"Snake Plant","floor":29,"turns":2},{"damage":13,"enemies":"downfall:FleeingMerchant","floor":30,"turns":4},{"damage":12,"enemies":"Centurion and Healer","floor":31,"turns":5},{"damage":10,"enemies":"Shelled Parasite and Fungi","floor":32,"turns":9},{"damage":39,"enemies":"downfall:Silent","floor":33,"turns":8}],"seed_played":"-5293048554569779585","potions_obtained":[{"floor":6,"key":"EssenceOfSteel"},{"floor":11,"key":"PowerPotion"},{"floor":13,"key":"SneckoOil"},{"floor":15,"key":"LiquidMemories"}],"is_trial":false,"path_per_floor":["R","?","?","$","R","M","T","M","M","R","M","M","?","$","M","B",null,"R","M","R","?","M","?","T","R","E","R","M","M","$","M","M","B"],"character_chosen":"THE_SNECKO","items_purchased":["sneckomod:ImprovisedGuard","sneckomod:SleevedAce","sneckomod:UnknownUncommonPower","sneckomod:RareBoosterPack"],"campfire_rested":0,"item_purchase_floors":[4,4,14,30],"current_hp_per_floor":[81,74,74,65,65,65,65,59,59,59,57,58,45,36,34,35,88,88,85,85,85,86,86,86,86,63,63,57,51,52,40,33,0,0],"gold":53,"neow_bonus":"TWO_FIFTY_GOLD","is_daily":false,"chose_seed":false,"campfire_upgraded":6,"win_rate":0.0,"timestamp":1607812064,"path_taken":["R","?","?","$","R","M","T","M","M","R","M","?","?","?","M","BOSS","R","M","R","?","?","?","T","R","E","R","M","M","?","?","M","BOSS"],"items_purchased_type":["Card","Relic","Card","Relic"],"build_version":"2020-11-30","purchased_purges":1,"victory":false,"max_hp_per_floor":[81,81,81,82,82,82,82,82,82,82,83,84,85,86,87,88,88,88,88,88,88,89,89,89,89,90,90,90,91,95,95,98,98,98],"card_choices":[{"not_picked":["sneckomod:DiceCrush","sneckomod:UnknownWeak"],"picked":"sneckomod:UnknownX","floor":4},{"not_picked":["sneckomod:UnknownClassHEXA_GHOST_PURPLE","sneckomod:QuickBite"],"picked":"sneckomod:RainOfDice","floor":6},{"not_picked":["sneckomod:UnknownCommonAttack","sneckomod:CheapStock","sneckomod:SlitherStrike"],"picked":"SKIP","floor":8},{"not_picked":["sneckomod:UnknownStrike","sneckomod:UnknownWeak"],"picked":"sneckomod:DiceBoulder","floor":9},{"not_picked":["sneckomod:UnknownClassPURPLE","sneckomod:MasterEye"],"picked":"sneckomod:UnknownDexterity","floor":11},{"not_picked":["sneckomod:CheapStock","sneckomod:UnknownClassPURPLE"],"picked":"sneckomod:UnknownClassGUARDIAN","floor":12},{"not_picked":["sneckomod:UnknownVulnerable","sneckomod:RainOfDice"],"picked":"sneckomod:Unknown2Cost","floor":13},{"not_picked":["sneckomod:UnknownClassHEXA_GHOST_PURPLE","sneckomod:IronFang"],"picked":"sneckomod:ImprovisedGuard","floor":14},{"not_picked":["sneckomod:QuickMove","sneckomod:CheapStock"],"picked":"sneckomod:UnknownBlock","floor":15},{"not_picked":["sneckomod:SoulExchange","sneckomod:Cheat"],"picked":"sneckomod:UnknownRareSkill","floor":16},{"not_picked":["sneckomod:DefensiveFlair","sneckomod:CheapStock+1"],"picked":"sneckomod:ImprovisedGuard","floor":19},{"not_picked":["sneckomod:IronFang","sneckomod:UnknownStrength+1"],"picked":"sneckomod:UnknownUncommonAttack+1","floor":22},{"not_picked":["sneckomod:QuickMove","sneckomod:SnakeSap"],"picked":"sneckomod:UnknownUncommonPower","floor":26},{"not_picked":["sneckomod:UnknownVulnerable","sneckomod:SoulRoll","sneckomod:Nope"],"picked":"SKIP","floor":28},{"not_picked":["sneckomod:IronFang","sneckomod:SoulRoll"],"picked":"sneckomod:UnknownClassGUARDIAN+1","floor":29},{"not_picked":["sneckomod:ImprovisedGuard","sneckomod:UnknownWeak"],"picked":"sneckomod:UnknownUncommonPower+1","floor":30},{"not_picked":["sneckomod:SoulCleanse","sneckomod:WideSting"],"picked":"sneckomod:SerpentMind","floor":31},{"not_picked":["sneckomod:UnknownCommonSkill+1","sneckomod:UnknownWeak+1"],"picked":"sneckomod:SoulDraw","floor":32}],"player_experience":844895,"relics_obtained":[{"floor":7,"key":"Nunchaku"},{"floor":13,"key":"Odd Mushroom"},{"floor":24,"key":"Omamori"},{"floor":26,"key":"Potion Belt"}],"event_choices":[{"damage_healed":0,"gold_gain":0,"player_choice":"Success","damage_taken":7,"relics_obtained":["Turnip"],"max_hp_gain":0,"max_hp_loss":0,"event_name":"Scrap Ooze","floor":2,"gold_loss":0},{"damage_healed":0,"gold_gain":0,"player_choice":"Rummage","damage_taken":0,"relics_obtained":["WarpedTongs"],"max_hp_gain":0,"max_hp_loss":0,"event_name":"Accursed Blacksmith","floor":3,"gold_loss":0,"cards_obtained":["Pain"]},{"damage_healed":0,"gold_gain":0,"player_choice":"Fought Mushrooms","damage_taken":0,"max_hp_gain":0,"max_hp_loss":0,"event_name":"Mushrooms","floor":13,"gold_loss":0},{"cards_removed":["sneckomod:Strike"],"damage_healed":0,"gold_gain":0,"player_choice":"Purged","damage_taken":0,"max_hp_gain":0,"max_hp_loss":0,"event_name":"Purifier","floor":21,"gold_loss":0}],"is_beta":false,"boss_relics":[{"not_picked":["Runic Dome","Calling Bell"],"picked":"Sozu"}],"items_purged_floors":[4],"is_endless":false,"potions_floor_spawned":[6,11,13,15,19,26,29,31],"killed_by":"downfall:Silent","ascension_level":1}}