{"host":"x5anfo2w8aotfuta","time":1607817081,"event":{"mods":["AchievementEnabler","BaseMod","Bestiary","Block Reminder","Colored Map","Colored Powertips","DeckTracker","Highlight Path","Minty Spire (QoL Compilation)","Quick Restart","Rare Cards Sparkle","Relic Stats","StSLib"],"gold_per_floor":[117,134,153,50,50,78,97,107,107,137,137,169,183,200,200,303,303,322,342,342,45,100,131,131,156,210,210,223,223,323,334,334,430,430,449,469,485,485,497,530,530,559,559,639,639,1,46,46,46,46,46,46,46,71,71],"floor_reached":56,"playtime":5294,"items_purged":["Defend_B"],"score":1385,"play_id":"93053d61-63b7-4566-9cac-96145e8048a1","local_time":"20201212155121","is_ascension_mode":true,"campfire_choices":[{"data":"Genetic Algorithm","floor":11,"key":"SMITH"},{"data":"Biased Cognition","floor":15,"key":"SMITH"},{"floor":24,"key":"REST"},{"data":"Biased Cognition","floor":27,"key":"SMITH"},{"data":"Capacitor","floor":29,"key":"SMITH"},{"data":"Zap","floor":32,"key":"SMITH"},{"data":"Reprogram","floor":41,"key":"SMITH"},{"floor":49,"key":"RECALL"},{"data":"Force Field","floor":52,"key":"SMITH"}],"circlet_count":0,"master_deck":["Strike_B","Strike_B","Defend_B","Defend_B+1","Zap+1","Steam+1","Genetic Algorithm+1","Compile Driver","Capacitor+1","Chill","Biased Cognition+1","Biased Cognition+1","Force Field+1","Lockon","Hologram","Electrodynamics","Steam","Redo","Ball Lightning","Auto Shields+1","Coolheaded+1","Reprogram+1","Echo Form","Leap","Seek+1","Reinforced Body+1","Fission","Core Surge"],"relics":["Cracked Core","DataDisk","Tiny Chest","Smiling Mask","Cables","Empty Cage","Pantograph","War Paint","InkBottle","TungstenRod","Toy Ornithopter","Ice Cream","Ornamental Fan","Coffee Dripper","WingedGreaves","Anchor","Pear","Vajra","Strange Spoon","Calipers","Bottled Tornado"],"acts_visited":["Exordium","TheCity","TheBeyond","TheEnding"],"potions_floor_usage":[6,10,10,18,23,23,30,33,37,40,42,50,54,55],"damage_taken":[{"damage":0,"enemies":"Cultist","floor":1,"turns":3},{"damage":0,"enemies":"Small Slimes","floor":2,"turns":3},{"damage":6,"enemies":"Jaw Worm","floor":3,"turns":4},{"damage":18,"enemies":"3 Sentries","floor":6,"turns":12},{"damage":0,"enemies":"Large Slime","floor":7,"turns":5},{"damage":5,"enemies":"Exordium Wildlife","floor":8,"turns":5},{"damage":5,"enemies":"Gremlin Nob","floor":10,"turns":4},{"damage":10,"enemies":"3 Sentries","floor":12,"turns":6},{"damage":12,"enemies":"Exordium Thugs","floor":13,"turns":3},{"damage":2,"enemies":"Looter","floor":14,"turns":2},{"damage":8,"enemies":"Slime Boss","floor":16,"turns":7},{"damage":6,"enemies":"3 Byrds","floor":18,"turns":3},{"damage":0,"enemies":"Spheric Guardian","floor":19,"turns":3},{"damage":30,"enemies":"Gremlin Leader","floor":23,"turns":4},{"damage":8,"enemies":"Slavers","floor":25,"turns":2},{"damage":0,"enemies":"Cultist and Chosen","floor":28,"turns":4},{"damage":0,"enemies":"Colosseum Slavers","floor":30,"turns":3},{"damage":0,"enemies":"Colosseum Nobs","floor":30,"turns":3},{"damage":0,"enemies":"Snecko","floor":31,"turns":2},{"damage":45,"enemies":"Automaton","floor":33,"turns":14},{"damage":4,"enemies":"3 Shapes","floor":35,"turns":3},{"damage":6,"enemies":"Orb Walker","floor":36,"turns":4},{"damage":0,"enemies":"Sphere and 2 Shapes","floor":37,"turns":3},{"damage":18,"enemies":"4 Shapes","floor":39,"turns":3},{"damage":0,"enemies":"Nemesis","floor":40,"turns":5},{"damage":25,"enemies":"Reptomancer","floor":42,"turns":4},{"damage":7,"enemies":"2 Orb Walkers","floor":47,"turns":2},{"damage":10,"enemies":"Time Eater","floor":50,"turns":13},{"damage":16,"enemies":"Shield and Spear","floor":54,"turns":9},{"damage":24,"enemies":"The Heart","floor":55,"turns":12}],"seed_played":"-2375822353085118915","potions_obtained":[{"floor":0,"key":"Regen Potion"},{"floor":0,"key":"SneckoOil"},{"floor":0,"key":"Swift Potion"},{"floor":1,"key":"Ancient Potion"},{"floor":6,"key":"Explosive Potion"},{"floor":12,"key":"Weak Potion"},{"floor":14,"key":"SteroidPotion"},{"floor":18,"key":"Energy Potion"},{"floor":25,"key":"Swift Potion"},{"floor":30,"key":"LiquidMemories"},{"floor":33,"key":"FocusPotion"},{"floor":37,"key":"Block Potion"},{"floor":39,"key":"PotionOfCapacity"},{"floor":47,"key":"Dexterity Potion"}],"is_trial":false,"path_per_floor":["M","M","M","$","?","E","M","M","T","E","R","E","M","M","R","B",null,"M","M","?","$","T","E","R","E","T","R","M","R","?","M","R","B",null,"M","M","M","?","M","E","R","E","T","T","?","$","?","?","R","B",null,"R","$","E","B",null],"character_chosen":"DEFECT","items_purchased":["Capacitor","Chill","Pantograph","Ball Lightning","Vajra","Strange Spoon","Fission","Regen Potion","Weak Potion"],"campfire_rested":1,"item_purchase_floors":[4,4,21,21,46,46,46,46,46],"current_hp_per_floor":[75,75,69,69,69,64,64,59,59,54,54,44,32,30,30,22,75,69,69,55,55,55,25,49,41,41,41,41,41,46,46,46,31,80,76,70,75,75,57,62,62,42,52,52,52,52,45,45,45,65,86,86,86,70,82],"gold":71,"neow_bonus":"THREE_SMALL_POTIONS","is_daily":false,"chose_seed":false,"campfire_upgraded":7,"win_rate":0.0,"timestamp":1607817081,"path_taken":["M","M","M","$","?","E","M","M","T","E","R","E","?","?","R","BOSS","M","M","?","$","?","E","R","E","T","R","M","R","?","?","R","BOSS","M","M","M","?","M","E","R","E","T","?","?","$","?","?","R","BOSS","R","$","E","BOSS"],"items_purchased_type":["Card","Card","Relic","Card","Relic","Relic","Card","Potion","Potion"],"build_version":"2020-11-30","purchased_purges":1,"victory":true,"max_hp_per_floor":[75,75,75,75,75,75,75,75,75,75,75,75,75,75,75,75,75,75,75,80,80,80,80,80,80,80,80,80,80,80,80,80,80,80,80,80,80,76,76,76,76,76,86,86,86,86,86,86,86,86,86,86,86,86,86],"relic_stats":{"Strange Spoon":[13],"counters":[30,150],"Ornamental Fan":[36],"Pantograph":66,"Tiny Chest":2,"War Paint":["Steam","Defend_B"],"Smiling Mask":25,"obtain_stats":[{"Ice Cream":30,"Pear":43,"Calipers":47,"Vajra":46,"War Paint":22,"Bottled Tornado":54,"Smiling Mask":10,"Empty Cage":17,"Cables":12,"Strange Spoon":46,"DataDisk":6,"Anchor":42,"Ornamental Fan":30,"Pantograph":21,"Tiny Chest":9,"WingedGreaves":40,"Coffee Dripper":34,"Cracked Core":0,"InkBottle":23,"TungstenRod":25,"Toy Ornithopter":26},{"Ice Cream":18,"Pear":26,"Calipers":27,"Vajra":26,"War Paint":13,"Bottled Tornado":29,"Smiling Mask":7,"Empty Cage":11,"Cables":8,"Strange Spoon":26,"DataDisk":4,"Anchor":26,"Ornamental Fan":18,"Pantograph":13,"Tiny Chest":6,"WingedGreaves":25,"Coffee Dripper":20,"Cracked Core":0,"InkBottle":14,"TungstenRod":15,"Toy Ornithopter":15},{"Ice Cream":76,"Pear":114,"Calipers":116,"Vajra":114,"War Paint":60,"Bottled Tornado":138,"Smiling Mask":36,"Empty Cage":54,"Cables":42,"Strange Spoon":114,"DataDisk":22,"Anchor":114,"Ornamental Fan":76,"Pantograph":60,"Tiny Chest":32,"WingedGreaves":110,"Coffee Dripper":92,"Cracked Core":0,"InkBottle":64,"TungstenRod":66,"Toy Ornithopter":66}],"InkBottle":[35],"TungstenRod":29,"Toy Ornithopter":35,"Cables":[96,78,18,0,0]},"card_choices":[{"not_picked":["Stack","Go for the Eyes"],"picked":"Steam","floor":1},{"not_picked":["FTL","BootSequence"],"picked":"Genetic Algorithm","floor":2},{"not_picked":["Hologram","Coolheaded"],"picked":"Compile Driver","floor":3},{"not_picked":["Scrape","Rebound"],"picked":"Biased Cognition","floor":6},{"not_picked":["Leap","Coolheaded","Hologram"],"picked":"SKIP","floor":7},{"not_picked":["Beam Cell","Gash"],"picked":"Biased Cognition","floor":8},{"not_picked":["Meteor Strike","Blizzard","Skim"],"picked":"SKIP","floor":10},{"not_picked":["All For One","Sweeping Beam"],"picked":"Force Field","floor":12},{"not_picked":["Consume","Rebound"],"picked":"Lockon","floor":13},{"not_picked":["Stack","Compile Driver"],"picked":"Hologram","floor":14},{"not_picked":["Echo Form","Hyperbeam"],"picked":"Electrodynamics","floor":16},{"not_picked":["Rebound","Gash"],"picked":"Steam","floor":18},{"not_picked":["Beam Cell","Gash"],"picked":"Redo","floor":19},{"not_picked":["Hyperbeam","Glacier"],"picked":"Auto Shields+1","floor":23},{"not_picked":["Conserve Battery","Heatsinks+1"],"picked":"Coolheaded+1","floor":25},{"not_picked":["Hologram","Gash","Storm"],"picked":"SKIP","floor":28},{"not_picked":["FTL","Cold Snap"],"picked":"Reprogram","floor":31},{"not_picked":["Hyperbeam","Core Surge"],"picked":"Echo Form","floor":33},{"not_picked":["Glacier","Gash+1"],"picked":"Leap","floor":35},{"not_picked":["Compile Driver+1","Beam Cell","Skim"],"picked":"SKIP","floor":36},{"not_picked":["Hologram","Rebound","Consume"],"picked":"SKIP","floor":37},{"not_picked":["Leap","Sweeping Beam","Buffer"],"picked":"SKIP","floor":39},{"not_picked":["Compile Driver","Gash+1"],"picked":"Seek","floor":40},{"not_picked":["Sweeping Beam","Streamline+1"],"picked":"Reinforced Body+1","floor":42},{"not_picked":["Doom and Gloom+1","Steam+1"],"picked":"Core Surge","floor":54}],"player_experience":296862,"relics_obtained":[{"floor":6,"key":"DataDisk"},{"floor":9,"key":"Tiny Chest"},{"floor":10,"key":"Smiling Mask"},{"floor":12,"key":"Cables"},{"floor":22,"key":"War Paint"},{"floor":23,"key":"InkBottle"},{"floor":25,"key":"TungstenRod"},{"floor":26,"key":"Toy Ornithopter"},{"floor":30,"key":"Ice Cream"},{"floor":30,"key":"Ornamental Fan"},{"floor":40,"key":"WingedGreaves"},{"floor":42,"key":"Anchor"},{"floor":43,"key":"Pear"},{"floor":47,"key":"Calipers"},{"floor":54,"key":"Bottled Tornado"}],"event_choices":[{"cards_removed":["Defend_B"],"damage_healed":0,"gold_gain":0,"player_choice":"Purged","damage_taken":0,"max_hp_gain":0,"max_hp_loss":0,"event_name":"Purifier","floor":5,"gold_loss":0},{"damage_healed":0,"gold_gain":0,"player_choice":"Shed Blood","damage_taken":19,"max_hp_gain":5,"max_hp_loss":0,"event_name":"Forgotten Altar","floor":20,"gold_loss":0},{"damage_healed":0,"gold_gain":0,"player_choice":"Fight","damage_taken":0,"max_hp_gain":0,"max_hp_loss":0,"event_name":"Colosseum","floor":30,"gold_loss":0},{"damage_healed":0,"gold_gain":0,"player_choice":"Fought Nobs","damage_taken":0,"max_hp_gain":0,"max_hp_loss":0,"event_name":"Colosseum","floor":30,"gold_loss":0},{"damage_healed":0,"gold_gain":0,"player_choice":"Max HP","damage_taken":0,"max_hp_gain":0,"max_hp_loss":4,"event_name":"Winding Halls","floor":38,"gold_loss":0},{"cards_removed":["Dualcast"],"damage_healed":0,"gold_gain":0,"player_choice":"Removed Skill","damage_taken":0,"max_hp_gain":0,"max_hp_loss":0,"event_name":"Falling","floor":45,"gold_loss":0},{"damage_healed":0,"gold_gain":0,"player_choice":"Fight","damage_taken":0,"max_hp_gain":0,"max_hp_loss":0,"event_name":"Mysterious Sphere","floor":47,"gold_loss":0},{"damage_healed":0,"gold_gain":0,"player_choice":"Upgraded","damage_taken":0,"max_hp_gain":0,"max_hp_loss":0,"event_name":"Upgrade Shrine","floor":48,"gold_loss":0,"cards_upgraded":["Seek"]}],"is_beta":false,"boss_relics":[{"not_picked":["Inserter","Pandora\u0027s Box"],"picked":"Empty Cage"},{"not_picked":["Astrolabe","SacredBark"],"picked":"Coffee Dripper"}],"items_purged_floors":[46],"is_endless":false,"potions_floor_spawned":[1,6,8,12,14,18,25,30,33,37,39,47],"ascension_level":3}}