{"host":"k5dhp0bkccqfauyu","time":1607742929,"event":{"mods":["BaseMod","Better Note","Better Skull","Better Vampires","Colored Map","Colored Powertips","DeckTracker","Minty Spire (QoL Compilation)","Permanent Neow","StSLib","SuperFastMode"],"gold_per_floor":[119,135,152,152,166,166,178,235,258,258,289,289,289,314,314,389,389,428,67,83,103,146,176,176],"floor_reached":23,"playtime":774,"items_purged":["Strike_P"],"score":406,"play_id":"d26c69dc-7d62-412f-b81d-11fa065467f3","local_time":"20201212141529","is_ascension_mode":true,"campfire_choices":[{"data":"Adaptation","floor":6,"key":"SMITH"},{"floor":10,"key":"REST"},{"data":"FlurryOfBlows","floor":13,"key":"SMITH"},{"floor":15,"key":"REST"}],"circlet_count":0,"master_deck":["AscendersBane","Strike_P+1","Strike_P+1","Defend_P+1","Defend_P+1","Defend_P+1","Defend_P+1","Eruption+1","Vigilance+1","LessonLearned+1","WheelKick+1","FlurryOfBlows+1","Adaptation+1","FlurryOfBlows+1","ReachHeaven+1","MentalFortress+1","Wish+1","Halt+1","EmptyMind","Meditate"],"relics":["PureWater","Orichalcum","Regal Pillow","MealTicket","Du-Vu Doll","Coffee Dripper","Mummified Hand"],"acts_visited":["Exordium","TheCity"],"potions_floor_usage":[7,8,14,20,21],"damage_taken":[{"damage":3,"enemies":"2 Louse","floor":1,"turns":4},{"damage":1,"enemies":"Cultist","floor":2,"turns":4},{"damage":10,"enemies":"Small Slimes","floor":3,"turns":6},{"damage":0,"enemies":"2 Fungi Beasts","floor":5,"turns":2},{"damage":5,"enemies":"Gremlin Gang","floor":7,"turns":2},{"damage":17,"enemies":"Lagavulin Event","floor":8,"turns":3},{"damage":20,"enemies":"3 Sentries","floor":11,"turns":5},{"damage":10,"enemies":"Gremlin Nob","floor":14,"turns":3},{"damage":7,"enemies":"The Guardian","floor":16,"turns":6},{"damage":14,"enemies":"Chosen","floor":18,"turns":7},{"damage":8,"enemies":"2 Thieves","floor":20,"turns":2},{"damage":4,"enemies":"Cultist and Chosen","floor":21,"turns":4},{"damage":6,"enemies":"Chosen and Byrds","floor":22,"turns":5},{"damage":45,"enemies":"Gremlin Leader","floor":23,"turns":4}],"seed_played":"9125187803729235590","potions_obtained":[{"floor":2,"key":"ColorlessPotion"},{"floor":3,"key":"SteroidPotion"},{"floor":11,"key":"SneckoOil"},{"floor":14,"key":"Explosive Potion"},{"floor":18,"key":"FearPotion"}],"is_trial":false,"path_per_floor":["M","M","M","?","M","R","M","?","T","R","E","?","R","E","R","B",null,"M","$","M","M","M","E"],"character_chosen":"WATCHER","items_purchased":["Mummified Hand"],"campfire_rested":2,"item_purchase_floors":[19],"current_hp_per_floor":[58,57,47,47,47,47,42,25,25,58,38,38,38,28,61,54,60,46,61,53,49,43,0,0],"gold":176,"neow_bonus":"THREE_RARE_CARDS","is_daily":false,"chose_seed":false,"campfire_upgraded":2,"win_rate":0.0,"timestamp":1607742929,"path_taken":["M","M","M","?","M","R","?","?","T","R","E","?","R","E","R","BOSS","M","$","M","?","?","E"],"items_purchased_type":["Relic"],"build_version":"2020-11-30","purchased_purges":1,"victory":false,"max_hp_per_floor":[62,62,62,62,62,62,62,62,62,62,62,62,62,62,62,62,62,62,62,62,62,62,62,62],"card_choices":[{"not_picked":["Judgement","SpiritShield"],"picked":"LessonLearned","floor":0},{"not_picked":["ClearTheMind","DeceiveReality"],"picked":"WheelKick","floor":1},{"not_picked":["Crescendo","EmptyFist","LikeWater"],"picked":"SKIP","floor":2},{"not_picked":["Protect","Prostrate"],"picked":"FlurryOfBlows","floor":3},{"not_picked":["Prostrate","FollowUp"],"picked":"Adaptation","floor":5},{"not_picked":["ClearTheMind","Worship","Sanctity"],"picked":"SKIP","floor":7},{"not_picked":["CrushJoints","FollowUp"],"picked":"FlurryOfBlows","floor":8},{"not_picked":["Vengeance","EmptyBody"],"picked":"ReachHeaven","floor":11},{"not_picked":["ConjureBlade","Worship"],"picked":"MentalFortress","floor":14},{"not_picked":["Brilliance","DevaForm"],"picked":"Wish","floor":16},{"not_picked":["CutThroughFate","FlyingSleeves+1"],"picked":"Halt+1","floor":18},{"not_picked":["Prostrate","FlyingSleeves"],"picked":"EmptyMind","floor":20},{"not_picked":["Nirvana","EmptyBody"],"picked":"Meditate","floor":21},{"not_picked":["FlurryOfBlows","FlyingSleeves","ClearTheMind"],"picked":"SKIP","floor":22}],"player_experience":1750678,"relics_obtained":[{"floor":8,"key":"Orichalcum"},{"floor":9,"key":"Regal Pillow"},{"floor":11,"key":"MealTicket"},{"floor":14,"key":"Du-Vu Doll"}],"event_choices":[{"damage_healed":0,"gold_gain":0,"player_choice":"Forge","damage_taken":0,"max_hp_gain":0,"max_hp_loss":0,"event_name":"Accursed Blacksmith","floor":4,"gold_loss":0,"cards_upgraded":["Eruption"]},{"damage_healed":0,"gold_gain":0,"player_choice":"Searched \u00272\u0027 times","damage_taken":0,"max_hp_gain":0,"max_hp_loss":0,"event_name":"Dead Adventurer","floor":8,"gold_loss":0},{"cards_removed":["Strike_P"],"damage_healed":0,"gold_gain":0,"player_choice":"Purged","damage_taken":0,"max_hp_gain":0,"max_hp_loss":0,"event_name":"Purifier","floor":12,"gold_loss":0}],"is_beta":false,"boss_relics":[{"not_picked":["Busted Crown","Empty Cage"],"picked":"Coffee Dripper"}],"items_purged_floors":[19],"is_endless":false,"potions_floor_spawned":[2,3,11,14,18],"killed_by":"Gremlin Leader","ascension_level":20}}