{"host":"qxkw9ao6n5n9izmz","time":1607813326,"event":{"mods":["BaseMod","Bestiary","Minty Spire (QoL Compilation)","StSLib"],"gold_per_floor":[110,110,110,130,141,141,173,192,219,66,80,111,88,104,104,202,202,218,236,236,247,264,297,297,297,297,297,331,342,342,342],"floor_reached":30,"playtime":1639,"items_purged":["Writhe"],"score":349,"play_id":"6be737fa-b534-462a-97b4-3e2b142fa1d9","local_time":"20201212144846","is_ascension_mode":true,"campfire_choices":[{"data":"Uppercut","floor":6,"key":"SMITH"},{"data":"Hemokinesis","floor":15,"key":"SMITH"},{"data":"Battle Trance","floor":24,"key":"SMITH"},{"data":"Dropkick","floor":27,"key":"SMITH"}],"circlet_count":0,"master_deck":["Defend_R","Defend_R","Defend_R","Defend_R","Bash","Reaper","Uppercut+1","Havoc","Cleave","Impervious","Metallicize","Hemokinesis+1","Shrug It Off","Dropkick+1","Thunderclap","Bite","Bite","Bite","Bite","Bite","Shockwave","Battle Trance+1"],"relics":["Burning Blood","Centennial Puzzle","Anchor","Whetstone","Philosopher\u0027s Stone","Kunai","Mango","MealTicket","Frozen Egg 2"],"acts_visited":["Exordium","TheCity"],"potions_floor_usage":[7,19,23,28,29,29],"damage_taken":[{"damage":0,"enemies":"Small Slimes","floor":1,"turns":3},{"damage":7,"enemies":"Jaw Worm","floor":4,"turns":3},{"damage":3,"enemies":"Cultist","floor":5,"turns":4},{"damage":5,"enemies":"3 Sentries","floor":7,"turns":3},{"damage":12,"enemies":"Exordium Wildlife","floor":8,"turns":3},{"damage":2,"enemies":"Gremlin Gang","floor":11,"turns":3},{"damage":22,"enemies":"Gremlin Nob","floor":12,"turns":4},{"damage":2,"enemies":"2 Fungi Beasts","floor":14,"turns":2},{"damage":69,"enemies":"The Guardian","floor":16,"turns":14},{"damage":2,"enemies":"Chosen","floor":18,"turns":3},{"damage":18,"enemies":"3 Byrds","floor":19,"turns":7},{"damage":9,"enemies":"Snecko","floor":21,"turns":5},{"damage":14,"enemies":"Centurion and Healer","floor":22,"turns":5},{"damage":48,"enemies":"Slavers","floor":23,"turns":8},{"damage":39,"enemies":"Book of Stabbing","floor":28,"turns":6},{"damage":42,"enemies":"Sentry and Sphere","floor":29,"turns":7},{"damage":11,"enemies":"Masked Bandits","floor":30,"turns":2}],"seed_played":"2893405243318552508","potions_obtained":[{"floor":1,"key":"AttackPotion"},{"floor":4,"key":"Ancient Potion"},{"floor":11,"key":"DistilledChaos"},{"floor":12,"key":"Fire Potion"},{"floor":21,"key":"EssenceOfSteel"},{"floor":23,"key":"Swift Potion"},{"floor":29,"key":"PowerPotion"}],"is_trial":false,"path_per_floor":["M","?","?","M","M","R","E","M","T","$","M","E","$","M","R","B",null,"M","M","?","M","M","E","R","T","T","R","E","M","?"],"character_chosen":"IRONCLAD","items_purchased":["DuplicationPotion","Shrug It Off"],"campfire_rested":0,"item_purchase_floors":[10,13],"current_hp_per_floor":[80,85,85,84,85,85,85,79,79,79,85,69,69,73,73,16,85,85,75,59,59,59,39,39,53,53,53,32,10,0,0],"gold":342,"neow_bonus":"THREE_RARE_CARDS","is_daily":false,"chose_seed":false,"campfire_upgraded":4,"win_rate":0.0,"timestamp":1607813326,"path_taken":["M","?","?","M","M","R","E","M","T","$","M","E","?","M","R","BOSS","M","?","?","M","M","E","R","?","T","R","E","?","?"],"items_purchased_type":["Potion","Card"],"build_version":"2020-11-30","purchased_purges":1,"victory":false,"max_hp_per_floor":[80,85,85,85,85,85,85,85,85,85,85,85,85,85,85,85,85,85,85,59,59,59,59,59,73,73,73,73,73,73,73],"card_choices":[{"not_picked":["Limit Break","Berserk"],"picked":"Reaper","floor":0},{"not_picked":["Havoc","Entrench"],"picked":"Uppercut","floor":1},{"not_picked":["Body Slam","Warcry"],"picked":"Havoc","floor":4},{"not_picked":["Body Slam","Heavy Blade"],"picked":"Cleave","floor":5},{"not_picked":["Rupture","Flex"],"picked":"Impervious","floor":7},{"not_picked":["Heavy Blade","Warcry"],"picked":"Metallicize","floor":8},{"not_picked":["Body Slam","Whirlwind","Sentinel"],"picked":"SKIP","floor":11},{"not_picked":["Cleave","Rage"],"picked":"Hemokinesis","floor":12},{"not_picked":["Thunderclap","Perfected Strike"],"picked":"Dropkick","floor":14},{"not_picked":["Second Wind","Iron Wave","Warcry"],"picked":"SKIP","floor":18},{"not_picked":["Cleave","Body Slam"],"picked":"Thunderclap","floor":19},{"not_picked":["Perfected Strike","Reckless Charge"],"picked":"Shockwave","floor":21},{"not_picked":["Flex","Dark Embrace"],"picked":"Battle Trance","floor":22},{"not_picked":["Searing Blow","Berserk","Pommel Strike"],"picked":"SKIP","floor":23},{"not_picked":["Wild Strike","Thunderclap","Rage+1"],"picked":"SKIP","floor":28},{"not_picked":["Iron Wave+1","Cleave","Searing Blow+1"],"picked":"SKIP","floor":29}],"player_experience":215934,"relics_obtained":[{"floor":7,"key":"Centennial Puzzle"},{"floor":9,"key":"Anchor"},{"floor":12,"key":"Whetstone"},{"floor":23,"key":"Kunai"},{"floor":25,"key":"Mango"},{"floor":26,"key":"MealTicket"},{"floor":28,"key":"Frozen Egg 2"}],"event_choices":[{"damage_healed":0,"gold_gain":0,"player_choice":"Donut","damage_taken":0,"max_hp_gain":5,"max_hp_loss":0,"event_name":"Big Fish","floor":2,"gold_loss":0},{"damage_healed":0,"gold_gain":0,"player_choice":"Ignored","damage_taken":0,"max_hp_gain":0,"max_hp_loss":0,"event_name":"Liars Game","floor":3,"gold_loss":0},{"damage_healed":0,"gold_gain":0,"player_choice":"Became a vampire","damage_taken":0,"max_hp_gain":0,"max_hp_loss":26,"event_name":"Vampires","floor":20,"gold_loss":0,"cards_obtained":["Bite","Bite","Bite","Bite","Bite"]},{"damage_healed":0,"gold_gain":0,"player_choice":"Fought Bandits","damage_taken":0,"max_hp_gain":0,"max_hp_loss":0,"event_name":"Masked Bandits","floor":30,"gold_loss":0}],"is_beta":false,"boss_relics":[{"not_picked":["Black Star","Fusion Hammer"],"picked":"Philosopher\u0027s Stone"}],"items_purged_floors":[10],"is_endless":false,"potions_floor_spawned":[1,4,11,12,21,22,23,29],"killed_by":"Masked Bandits","ascension_level":3}}