{"host":"ow9msrs9p2ctkx99","time":1607801265,"event":{"mods":["AchievementEnabler","BaseMod","Colored Map","Colored Powertips","Minty Spire (QoL Compilation)","Permanent Neow","Quick Restart","SuperFastMode"],"gold_per_floor":[117,128,128,428,443,470,470,470,494,506,681,716,55,55,55,55,55],"floor_reached":16,"playtime":252,"items_purged":["Regret"],"score":157,"play_id":"f981bafa-d22b-4c95-b211-a69553fee023","local_time":"20201212202745","is_ascension_mode":true,"campfire_choices":[{"floor":7.0,"key":"REST"},{"floor":15.0,"key":"REST"}],"circlet_count":0,"master_deck":["Strike_B","Strike_B","Strike_B","Strike_B","Defend_B","Defend_B","Defend_B","Defend_B","Zap","Dualcast","Electrodynamics","Compile Driver","Coolheaded","Sunder","Fission","Capacitor","Coolheaded","Gash+1"],"relics":["Cracked Core","Omamori","Old Coin","Juzu Bracelet","Nunchaku","White Beast Statue","Molten Egg 2","Mango","Golden Idol"],"acts_visited":["Exordium"],"potions_floor_usage":[],"damage_taken":[{"damage":9.0,"enemies":"Jaw Worm","floor":1.0,"turns":3.0},{"damage":7.0,"enemies":"Small Slimes","floor":2.0,"turns":3.0},{"damage":12.0,"enemies":"Cultist","floor":5.0,"turns":3.0},{"damage":22.0,"enemies":"3 Sentries","floor":6.0,"turns":3.0},{"damage":10.0,"enemies":"Exordium Wildlife","floor":10.0,"turns":3.0},{"damage":22.0,"enemies":"Gremlin Nob","floor":12.0,"turns":3.0},{"damage":44,"enemies":"Slime Boss","floor":16,"turns":7}],"seed_played":"6009897276660400607","potions_obtained":[{"floor":1.0,"key":"Explosive Potion"},{"floor":6.0,"key":"Block Potion"},{"floor":10.0,"key":"DistilledChaos"}],"is_trial":false,"path_per_floor":["M","M","?","?","M","E","R","?","T","M","?","E","$","?","R","B"],"character_chosen":"DEFECT","items_purchased":["Molten Egg 2","Gash+1","Mango"],"campfire_rested":2,"item_purchase_floors":[13,13,13],"current_hp_per_floor":[59,52,52,49,37,15,37,37,37,27,27,5,19,19,43,0,0],"gold":55,"neow_bonus":"THREE_RARE_CARDS","is_daily":false,"chose_seed":false,"campfire_upgraded":0,"win_rate":0.0,"timestamp":1607801265,"path_taken":["M","M","?","?","M","E","R","?","T","M","?","E","$","?","R","BOSS"],"items_purchased_type":["Relic","Card","Relic"],"build_version":"2020-11-30","purchased_purges":1,"victory":false,"max_hp_per_floor":[75,75,75,75,75,75,75,75,75,75,75,75,89,82,82,82,82],"card_choices":[{"not_picked":["Echo Form","Amplify"],"picked":"Electrodynamics","floor":0.0},{"not_picked":["Go for the Eyes","Hello World"],"picked":"Compile Driver","floor":1.0},{"not_picked":["Barrage","Compile Driver"],"picked":"Coolheaded","floor":2.0},{"not_picked":["Go for the Eyes","Loop"],"picked":"Sunder","floor":5.0},{"not_picked":["Ball Lightning","Redo"],"picked":"Fission","floor":6.0},{"not_picked":["Sweeping Beam","Streamline"],"picked":"Capacitor","floor":10.0},{"not_picked":["Rebound","Fission"],"picked":"Coolheaded","floor":12.0}],"player_experience":952202,"relics_obtained":[{"floor":6.0,"key":"Juzu Bracelet"},{"floor":9.0,"key":"Nunchaku"},{"floor":12.0,"key":"White Beast Statue"}],"event_choices":[{"damage_healed":0.0,"max_hp_gain":0.0,"max_hp_loss":0.0,"gold_gain":0.0,"event_name":"Big Fish","player_choice":"Box","floor":3.0,"gold_loss":0.0,"damage_taken":0.0,"relics_obtained":["Omamori"],"cards_obtained":["Regret"]},{"damage_healed":0.0,"max_hp_gain":0.0,"max_hp_loss":0.0,"gold_gain":0.0,"event_name":"Scrap Ooze","player_choice":"Success","floor":4.0,"gold_loss":0.0,"damage_taken":3.0,"relics_obtained":["Old Coin"]},{"cards_removed":["Regret"],"damage_healed":0.0,"max_hp_gain":0.0,"max_hp_loss":0.0,"gold_gain":0.0,"event_name":"Purifier","player_choice":"Purged","floor":8.0,"gold_loss":0.0,"damage_taken":0.0},{"damage_healed":0.0,"max_hp_gain":0.0,"max_hp_loss":0.0,"gold_gain":175.0,"event_name":"Liars Game","player_choice":"AGREE","floor":11.0,"gold_loss":0.0,"damage_taken":0.0,"cards_obtained":["Doubt"]},{"damage_healed":0.0,"max_hp_gain":0.0,"max_hp_loss":7.0,"gold_gain":0.0,"event_name":"Golden Idol","player_choice":"Lose Max HP","floor":14.0,"gold_loss":0.0,"damage_taken":0.0,"relics_obtained":["Golden Idol"]}],"is_beta":false,"boss_relics":[],"items_purged_floors":[13],"is_endless":false,"potions_floor_spawned":[1,6,10],"killed_by":"Slime Boss","ascension_level":9}}