{"host":"qqjv58wfhopf6ysa","time":1607768259,"event":{"mods":["AchievementEnabler","Aspiration","BaseMod","Conspire","Hubris","Infinite Spire","Minty Spire (QoL Compilation)","Quick Restart","Replay The Spire","StSLib","SuperFastMode","vexMod"],"gold_per_floor":[115,190,190,208,208,237,237,237,283,283,51,51,64,83,83,187,187,199,199,199,84,84,84,96,96,96,96,96,116,131,151,151,247,247,278,188,220,246,246,246,292,325,325,34,51,51,69,100,100,208,208,230,205,205,214,237,237,274,296,319,326,326,346,346,379,379,472,472,501,525,558,43,43,43,43,43,43,36,36,36,36,36,36,105,105,101,65,65,65,47,47],"floor_reached":90,"playtime":2695,"items_purged":["Strike_B","hubris:Sniper","Quick Slash+1"],"score":2050,"play_id":"5fc44744-cb73-40f2-a3f5-b00b42fbe0e2","local_time":"20201212191739","is_ascension_mode":false,"campfire_choices":[{"data":"Consume","floor":8,"key":"SMITH"},{"data":"Zap","floor":10,"key":"SMITH"},{"data":"Defragment","floor":12,"key":"SMITH"},{"floor":15,"key":"DIG"},{"data":"Defragment+1","floor":23,"key":"SMITH"},{"data":"Defragment+2","floor":25,"key":"SMITH"},{"data":"Defragment+3","floor":32,"key":"SMITH"},{"data":"infinitespire:UltimateForm","floor":40,"key":"SMITH"},{"data":"Parasite","floor":49,"key":"PURGE"},{"data":"Defend_B","floor":57,"key":"PURGE"},{"data":"Strike_B+1","floor":62,"key":"PURGE"},{"data":"Steam","floor":66,"key":"PURGE"},{"data":"infinitespire:UltimateForm+1","floor":75,"key":"SMITH"},{"data":"infinitespire:UltimateForm+2","floor":76,"key":"SMITH"},{"data":"infinitespire:UltimateForm+3","floor":80,"key":"SMITH"},{"data":"infinitespire:UltimateForm+4","floor":81,"key":"SMITH"},{"floor":83,"key":"DIG"}],"circlet_count":0,"master_deck":["Zap+1","Dualcast","Consume+1","Reboot","Defragment","Defragment+4","Crystallizer","Mirror Shield","Coolheaded","ReplayTheSpireMod:Dual Polarity+1","Capacitor","aspiration:Polymerization+1","infinitespire:UltimateForm+6","Pot Of Greed","Pot Of Greed","Echo Form","ReplayTheSpireMod:Chaos Vortex"],"relics":["Cracked Core","NeowsBlessing","Replay:Antivirus Software","hubris:Icosahedron","Ice Cream","Happy Flower","DollysMirror","Turnip","vexMod:MysteryBossChallenge","Velvet Choker","conspire:InfiniteJournal","vexMod:RetaliationKit","Carrot","Whetstone","vexMod:BigBerry","infinitespire:EvilPickle","Mirror","hubris:Potato","CaptainsWheel","Peace Pipe","hubris:Towel","conspire:Dentures","Runic Dome","Molten Egg 2","vexMod:MemoryStick","conspire:IceCreamScoop","Grinning Jar","Replay:Bronze Core","WingedGreaves","hubris:PeanutButter","Lantern","PrismaticShard","infinitespire:EmpoweringShard","hubris:SlimyHat","Nunchaku","Black Star","infinitespire:EvilPickle"],"acts_visited":["Exordium","TheCity","TheBeyond","Exordium","TheCity","TheBeyond"],"potions_floor_usage":[41,41],"damage_taken":[{"damage":0,"enemies":"Small Slimes","floor":1,"turns":1},{"damage":0,"enemies":"Cultist","floor":4,"turns":1},{"damage":0,"enemies":"Gremlin Nob","floor":6,"turns":1},{"damage":0,"enemies":"2 Louse","floor":13,"turns":2},{"damage":11,"enemies":"Red Slaver","floor":14,"turns":4},{"damage":30,"enemies":"Fading Forest","floor":16,"turns":11},{"damage":5,"enemies":"Spheric Guardian","floor":18,"turns":6},{"damage":20,"enemies":"2 Thieves","floor":24,"turns":4},{"damage":0,"enemies":"Snake Plant","floor":29,"turns":1},{"damage":0,"enemies":"3 Cultists","floor":30,"turns":5},{"damage":0,"enemies":"Cultist and Chosen","floor":31,"turns":4},{"damage":4,"enemies":"Pondfish","floor":33,"turns":12},{"damage":12,"enemies":"3 Darklings","floor":35,"turns":7},{"damage":1,"enemies":"Orb Walker","floor":37,"turns":4},{"damage":0,"enemies":"Maw","floor":38,"turns":8},{"damage":11,"enemies":"R_Hoarder","floor":41,"turns":8},{"damage":13,"enemies":"Spire Growth","floor":42,"turns":6},{"damage":0,"enemies":"Writhing Mass","floor":45,"turns":8},{"damage":19,"enemies":"Jaw Worm Horde","floor":47,"turns":6},{"damage":0,"enemies":"Nightmare","floor":48,"turns":8},{"damage":20,"enemies":"Replay:Hell Engine","floor":50,"turns":13},{"damage":14,"enemies":"2 Louse","floor":52,"turns":2},{"damage":0,"enemies":"Cultist","floor":55,"turns":4},{"damage":16,"enemies":"Jaw Worm","floor":56,"turns":2},{"damage":2,"enemies":"Lagavulin Event","floor":58,"turns":5},{"damage":0,"enemies":"Blue Slaver","floor":59,"turns":3},{"damage":0,"enemies":"Large Slime","floor":61,"turns":5},{"damage":9,"enemies":"3 Louse","floor":63,"turns":4},{"damage":31,"enemies":"Lagavulin","floor":65,"turns":5},{"damage":19,"enemies":"Hexaghost","floor":67,"turns":8},{"damage":8,"enemies":"3 Byrds","floor":69,"turns":3},{"damage":0,"enemies":"Chosen","floor":70,"turns":6},{"damage":36,"enemies":"Slavers","floor":78,"turns":6},{"damage":32,"enemies":"Pondfish","floor":84,"turns":9},{"damage":28,"enemies":"3 Shapes","floor":86,"turns":5},{"damage":26,"enemies":"3 Darklings","floor":87,"turns":9},{"damage":82,"enemies":"Transient","floor":90,"turns":4}],"seed_played":"-9081284884307466147","potions_obtained":[{"floor":1,"key":"FocusPotion"},{"floor":6,"key":"AttackPotion"},{"floor":7,"key":"Adrenaline Potion"},{"floor":7,"key":"Ancient Potion"},{"floor":56,"key":"DistilledChaos"}],"is_trial":false,"path_per_floor":["M","?","?","M","?","E","?","R","T","R","$","R","M","M","R","B",null,"M","T","?","$","?","R","M","R","T","T","AVR","M","M","M","R","B",null,"M","?","M","M","AVR","R","E","M","T","$","M","?","M","NM","R","B",null,"M","?","?","M","M","R","?","M","T","M","R","M","T","E","R","B",null,"M","M","?","$","?","R","R","R","T","E","?","R","R","$","R","B",null,"M","M","?","?","M"],"character_chosen":"DEFECT","items_purchased":["Defragment","DollysMirror","Capacitor","Peace Pipe","hubris:PeanutButter","Lantern"],"campfire_rested":0,"item_purchase_floors":[11,11,21,44,72,72],"current_hp_per_floor":[75,64,64,64,64,64,64,64,64,64,64,64,64,53,53,23,75,70,70,70,70,70,70,50,50,50,50,50,50,50,50,50,46,105,93,93,92,92,92,92,81,68,68,68,68,68,49,49,49,29,102,88,88,88,88,72,72,70,70,70,70,70,61,61,30,30,11,102,94,94,94,94,86,86,86,86,86,50,50,50,50,50,50,18,102,74,48,48,48,0,0],"gold":47,"neow_bonus":"THREE_ENEMY_KILL","is_daily":false,"chose_seed":false,"campfire_upgraded":11,"win_rate":0.0,"timestamp":1607768259,"path_taken":["M","?","?","?","?","E","?","R","T","R","$","R","M","M","R","BOSS","M","?","?","$","?","R","M","R","T","?","AVR","M","M","M","R","BOSS","M","?","M","M","AVR","R","E","?","T","$","M","?","M","NM","R","BOSS","M","?","?","?","M","R","?","M","T","M","R","M","?","E","R","BOSS","M","M","?","$","?","R","R","R","T","E","?","R","R","$","R","BOSS","M","M","?","?","?"],"items_purchased_type":["Card","Relic","Card","Relic","Relic","Relic"],"build_version":"2020-11-30","purchased_purges":3,"victory":false,"max_hp_per_floor":[75,75,75,75,75,75,75,75,75,75,75,75,75,75,75,75,75,75,75,75,75,75,75,75,75,75,75,75,75,75,75,75,75,105,105,105,105,105,105,105,105,105,105,105,105,105,105,105,102,102,102,102,102,102,102,102,102,102,102,102,102,102,102,102,102,102,102,102,102,102,102,102,102,102,102,102,102,102,102,102,102,102,102,102,102,102,102,102,102,102,102],"card_choices":[{"not_picked":["Ball Lightning","Compile Driver","BasicCrystalCard"],"picked":"SKIP","floor":1},{"not_picked":["Reprogram","Rip and Tear"],"picked":"Consume","floor":4},{"not_picked":["Compile Driver","Cold Snap"],"picked":"Reboot","floor":6},{"not_picked":["Force Field","BasicCrystalCard"],"picked":"Crystallizer","floor":13},{"not_picked":["Leap","Stack","BasicCrystalCard"],"picked":"SKIP","floor":14},{"not_picked":["Machine Learning","Creative AI"],"picked":"Mirror Shield","floor":16},{"not_picked":["Leap","Gash"],"picked":"Coolheaded","floor":18},{"not_picked":["Stack+1","Streamline","Gash"],"picked":"SKIP","floor":24},{"not_picked":["Hologram+1","Cold Snap","Turbo"],"picked":"SKIP","floor":29},{"not_picked":["Creative AI","Barrage","Hologram"],"picked":"SKIP","floor":30},{"not_picked":["Go for the Eyes+1","Time Bomb","Gash"],"picked":"SKIP","floor":31},{"not_picked":["Steam+1","Go for the Eyes","Conserve Battery"],"picked":"SKIP","floor":35},{"not_picked":["Gash","Go for the Eyes+1"],"picked":"aspiration:Polymerization+1","floor":37},{"not_picked":["Compile Driver","ReplayTheSpireMod:GoodbyeWorld+1","Sunder"],"picked":"SKIP","floor":38},{"not_picked":["ReplayGash","hubris:Ukulele","Streamline"],"picked":"SKIP","floor":41},{"not_picked":["Darkness","Redo","Steam Power"],"picked":"SKIP","floor":42},{"not_picked":["Steam Power","Tempest","Cold Snap+1"],"picked":"SKIP","floor":45},{"not_picked":["Leap+1","hubris:PowerSurge","Panic Button+1"],"picked":"SKIP","floor":47},{"not_picked":["Turbo+1","Steam","Redo"],"picked":"SKIP","floor":48},{"not_picked":["Tempest","Go for the Eyes","Panic Button"],"picked":"SKIP","floor":52},{"not_picked":["ReplayTheSpireMod:Dual Polarity","Gash","Time Bomb"],"picked":"SKIP","floor":55},{"not_picked":["Barrage","Fusion","Streamline"],"picked":"SKIP","floor":56},{"not_picked":["Steam","Stack","ReplayTheSpireMod:Dual Polarity"],"picked":"SKIP","floor":59},{"not_picked":["Leap","Panic Button","Coolheaded"],"picked":"SKIP","floor":61},{"not_picked":["Steam","Coolheaded","Redo"],"picked":"SKIP","floor":63},{"not_picked":["ReplayTheSpireMod:Reroute Power","ReplayRNGCard","hubris:Ukulele+1"],"picked":"SKIP","floor":65},{"not_picked":["hubris:DoWhile","Fission"],"picked":"Echo Form","floor":67},{"not_picked":["Redo","Glacier","ReplayTheSpireMod:Calculation Training"],"picked":"SKIP","floor":69},{"not_picked":["Compile Driver+1","Fusion","Conserve Battery"],"picked":"SKIP","floor":70},{"not_picked":["Darkness+1","Turbo","Bouncing Flask+1"],"picked":"SKIP","floor":78},{"not_picked":["hubris:InfiniteBlow+5","infinitespire:UltimateForm"],"picked":"ReplayTheSpireMod:Chaos Vortex","floor":85},{"not_picked":["Replay:BluntJabs+1","JustLucky+1","Sweeping Beam+1"],"picked":"SKIP","floor":86},{"not_picked":["BowlingBash+1","Stack+1","Iron Wave+1"],"picked":"SKIP","floor":87}],"player_experience":315764,"relics_obtained":[{"floor":6,"key":"Ice Cream"},{"floor":9,"key":"Happy Flower"},{"floor":15,"key":"Turnip"},{"floor":19,"key":"conspire:InfiniteJournal"},{"floor":26,"key":"vexMod:RetaliationKit"},{"floor":27,"key":"Carrot"},{"floor":41,"key":"hubris:Potato"},{"floor":43,"key":"CaptainsWheel"},{"floor":48,"key":"conspire:Dentures"},{"floor":58,"key":"Molten Egg 2"},{"floor":60,"key":"vexMod:MemoryStick"},{"floor":64,"key":"conspire:IceCreamScoop"},{"floor":65,"key":"Grinning Jar"},{"floor":71,"key":"WingedGreaves"},{"floor":73,"key":"PrismaticShard"},{"floor":77,"key":"infinitespire:EmpoweringShard"},{"floor":78,"key":"hubris:SlimyHat"},{"floor":83,"key":"Nunchaku"}],"event_choices":[{"damage_healed":0,"gold_gain":75,"player_choice":"Gather Gold","damage_taken":11,"max_hp_gain":0,"max_hp_loss":0,"event_name":"World of Goop","floor":2,"gold_loss":0},{"damage_healed":0,"gold_gain":0,"player_choice":"Gave Potion","damage_taken":0,"relics_obtained":["Replay:Antivirus Software"],"max_hp_gain":0,"max_hp_loss":0,"event_name":"WeMeetAgain","floor":3,"gold_loss":0},{"damage_healed":0,"gold_gain":0,"player_choice":"Got Potions","damage_taken":0,"max_hp_gain":0,"max_hp_loss":0,"event_name":"Lab","floor":7,"gold_loss":0},{"damage_healed":0,"gold_gain":0,"cards_transformed":["Strike_B","Defend_B"],"player_choice":"Became Test Subject","damage_taken":0,"max_hp_gain":0,"max_hp_loss":0,"event_name":"Drug Dealer","floor":20,"gold_loss":0,"cards_obtained":["ReplayTheSpireMod:Dual Polarity","Steam"]},{"cards_removed":["hubris:SlightOfHand"],"damage_healed":0,"gold_gain":0,"player_choice":"Upgrade and Remove","damage_taken":0,"max_hp_gain":0,"max_hp_loss":0,"event_name":"Designer","floor":36,"gold_loss":90,"cards_upgraded":["ReplayTheSpireMod:Dual Polarity"]},{"damage_healed":0,"gold_gain":0,"player_choice":"0 cards matched","damage_taken":0,"max_hp_gain":0,"max_hp_loss":0,"event_name":"Match and Keep!","floor":54,"gold_loss":0,"cards_obtained":[]},{"damage_healed":0,"gold_gain":0,"player_choice":"Searched \u00271\u0027 times","damage_taken":0,"max_hp_gain":0,"max_hp_loss":0,"event_name":"Dead Adventurer","floor":58,"gold_loss":0},{"damage_healed":0,"gold_gain":0,"player_choice":"Ignored","damage_taken":0,"max_hp_gain":0,"max_hp_loss":0,"event_name":"The Moai Head","floor":88,"gold_loss":0},{"damage_healed":0,"gold_gain":0,"player_choice":"Upgraded","damage_taken":0,"max_hp_gain":0,"max_hp_loss":0,"event_name":"Upgrade Shrine","floor":89,"gold_loss":0,"cards_upgraded":["infinitespire:UltimateForm"]}],"is_beta":false,"boss_relics":[{"not_picked":["conspire:RoyalGoblet","hubris:ScarierMask"],"picked":"vexMod:MysteryBossChallenge"},{"not_picked":["ChewingGum","ReplayTheSpireMod:DimensionalGlitch"],"picked":"vexMod:BigBerry"},{"not_picked":["Abe\u0027s Treasure","Fusion Hammer"],"picked":"Runic Dome"},{"not_picked":["ReplayTheSpireMod:DimensionalGlitch","Runic Pyramid"],"picked":"Replay:Bronze Core"},{"not_picked":["hubris:CrackedHourglass","aspiration:SilentSkillbook"],"picked":"Black Star"}],"items_purged_floors":[21,28,72],"is_endless":true,"potions_floor_spawned":[1,6,24,30,37,42,45,47,56,59,61,63,65,69,84],"killed_by":"Transient","ascension_level":0}}