{"host":"rcanb95qz4o6v6pp","time":1607785903,"event":{"mods":["AchievementEnabler","BaseMod","Better Third Choice","Colored Map","Downfall","Minty Spire (QoL Compilation)","StSLib"],"gold_per_floor":[118,118,118,137,156,156,187,187,262,262,262,328,4,18,18,116,116,132,182,192,242,309,335,335,385,385,385,398,418,4,16,16,113,113,128,178,196,246,2,2,102,198,221,254,264,10,21,37,37,37],"floor_reached":51,"playtime":63929,"items_purged":[],"score":747,"play_id":"fdfda1ee-b6ba-4509-b50b-c6aa3301290d","local_time":"20201212101143","daily_mods":["Draft"],"is_ascension_mode":false,"campfire_choices":[{"data":"Armaments","floor":6,"key":"SMITH"},{"data":"Metallicize","floor":8,"key":"SMITH"},{"data":"Metallicize","floor":11,"key":"SMITH"},{"data":"Spot Weakness","floor":15,"key":"SMITH"},{"data":"J.A.X.","floor":24,"key":"SMITH"},{"floor":27,"key":"DIG"},{"floor":32,"key":"DIG"},{"floor":40,"key":"DIG"},{"floor":49,"key":"DIG"}],"circlet_count":0,"master_deck":["Uppercut","Thunderclap+1","Guardian:VentSteam","Guardian:Recover+1","Guardian:Gem_Cyan","Pummel+1","Feel No Pain","Sword Boomerang","Metallicize+1","Armaments+1","Metallicize+1","Shockwave","Thunderclap","Guardian:BronzeArmor","Guardian:ShieldSpikes","Sword Boomerang","expansioncontent:DefensiveStance","Spot Weakness+1","Guardian:GemFinder","J.A.X.+1","Guardian:Gem_Fragmented","Shame","Guardian:Gem_Fragmented","Guardian:PiercingHide+1","Whirlwind","Guardian:SpikerProtocol","Ghostly Armor","Guardian:Gem_Red","Guardian:RevengeProtocol","Shrug It Off","Guardian:PrismaticBeam+1","Body Slam+1","Guardian:Gem_Fragmented","Flex+1","Flex"],"relics":["Burning Blood","Tiny Chest","Guardian:GemstoneGun","Question Card","SsserpentHead","Lee\u0027s Waffle","Busted Crown","Letter Opener","hexamod:BolsterEngine","Toy Ornithopter","Shovel","Bronze Scales","Bag of Marbles","Medical Kit","Kunai","Fusion Hammer","Dream Catcher","Unceasing Top","Singing Bowl","Ice Cream","War Paint","Ancient Tea Set","Mercury Hourglass","Bottled Flame","Blue Candle"],"acts_visited":["TheCity","TheBeyond"],"potions_floor_usage":[22,33,33,35,44],"damage_taken":[{"damage":11,"enemies":"2 Louse","floor":1,"turns":2},{"damage":5,"enemies":"Jaw Worm","floor":4,"turns":4},{"damage":0,"enemies":"Cultist","floor":5,"turns":4},{"damage":9,"enemies":"3 Sentries","floor":7,"turns":9},{"damage":5,"enemies":"3 Louse","floor":12,"turns":3},{"damage":11,"enemies":"Red Slaver","floor":14,"turns":2},{"damage":22,"enemies":"Slime Boss","floor":16,"turns":8},{"damage":0,"enemies":"Spheric Guardian","floor":18,"turns":3},{"damage":4,"enemies":"Chosen","floor":20,"turns":3},{"damage":6,"enemies":"Centurion and Healer","floor":22,"turns":5},{"damage":7,"enemies":"Book of Stabbing","floor":23,"turns":5},{"damage":10,"enemies":"Snecko","floor":28,"turns":6},{"damage":3,"enemies":"Cultist and Chosen","floor":29,"turns":4},{"damage":18,"enemies":"Shelled Parasite and Fungi","floor":31,"turns":3},{"damage":24,"enemies":"Champ","floor":33,"turns":10},{"damage":17,"enemies":"Orb Walker","floor":35,"turns":4},{"damage":0,"enemies":"3 Shapes","floor":37,"turns":3},{"damage":3,"enemies":"Mind Bloom Boss Battle","floor":41,"turns":5},{"damage":12,"enemies":"Reptomancer","floor":44,"turns":5},{"damage":3,"enemies":"Sphere and 2 Shapes","floor":45,"turns":4},{"damage":7,"enemies":"4 Shapes","floor":47,"turns":2},{"damage":0,"enemies":"3 Darklings","floor":48,"turns":1},{"damage":13,"enemies":"Time Eater","floor":50,"turns":6}],"seed_played":"-8006350779675105143","potions_obtained":[{"floor":1,"key":"SpeedPotion"},{"floor":7,"key":"HeartOfIron"},{"floor":12,"key":"GamblersBrew"},{"floor":18,"key":"BloodPotion"},{"floor":23,"key":"Strength Potion"},{"floor":35,"key":"FearPotion"},{"floor":45,"key":"Energy Potion"}],"is_trial":true,"path_per_floor":["M","?","?","M","M","R","E","R","T","?","R","M","$","M","R","B",null,"M","T","M","?","M","E","R","?","T","R","M","M","$","M","R","B",null,"M","T","M","?","$","R","?","T","T","E","M","$","M","M","R","B",null],"character_chosen":"IRONCLAD","items_purchased":["Lee\u0027s Waffle","Guardian:Gem_Red","expansioncontent:DefensiveStance","AttackPotion","Bag of Marbles","Guardian:SpikerProtocol","Ghostly Armor","Medical Kit","Unceasing Top","Bottled Flame"],"campfire_rested":0,"item_purchase_floors":[13,13,13,13,30,30,30,30,39,46],"current_hp_per_floor":[75,59,59,60,66,66,63,63,63,63,63,64,87,82,82,66,87,87,87,87,87,87,86,86,86,86,86,82,85,85,73,73,65,87,87,87,87,87,87,87,87,87,87,83,86,86,85,91,91,84],"gold":37,"neow_bonus":"","is_daily":false,"chose_seed":false,"campfire_upgraded":5,"win_rate":0.0,"timestamp":1607785903,"path_taken":["M","?","?","?","M","R","E","R","T","?","R","?","$","M","R","BOSS","M","?","M","?","?","E","R","?","T","R","M","M","$","M","R","BOSS","M","?","M","?","?","R","?","?","T","E","M","$","M","M","R","BOSS"],"items_purchased_type":["Relic","Card","Card","Potion","Relic","Card","Card","Relic","Relic","Relic"],"build_version":"2020-11-30","purchased_purges":0,"victory":true,"max_hp_per_floor":[80,80,80,80,80,80,80,80,80,80,80,80,87,87,87,87,87,87,87,87,87,87,87,87,87,87,87,87,87,87,87,87,87,87,87,87,87,87,87,87,87,87,87,89,89,89,89,91,91,91],"card_choices":[{"not_picked":["Guardian:FuturePlans","Guardian:Reroute"],"picked":"Uppercut","floor":0},{"not_picked":["Guardian:Reroute","Ghostly Armor"],"picked":"Thunderclap","floor":0},{"not_picked":["Power Through","Hemokinesis"],"picked":"Guardian:Gem_Red","floor":0},{"not_picked":["Guardian:Incinerate","Guardian:RollAttack"],"picked":"Guardian:VentSteam","floor":0},{"not_picked":["Guardian:Planning","Guardian:Reroute"],"picked":"Guardian:Recover","floor":0},{"not_picked":["Guardian:TemporalStrike","Battle Trance"],"picked":"Guardian:Gem_Cyan","floor":0},{"not_picked":["Guardian:TemporalStrike","Havoc"],"picked":"Pummel","floor":0},{"not_picked":["Guardian:Reroute","Disarm"],"picked":"Guardian:Gem_Fragmented","floor":0},{"not_picked":["Headbutt","Guardian:ChargeCore"],"picked":"Feel No Pain","floor":0},{"not_picked":["Perfected Strike","Burning Pact"],"picked":"Sword Boomerang","floor":0},{"not_picked":["Pommel Strike","Guardian:Planning"],"picked":"Metallicize","floor":0},{"not_picked":["Guardian:FuturePlans","Guardian:VentSteam"],"picked":"Armaments","floor":0},{"not_picked":["Rage","Thunderclap"],"picked":"Metallicize","floor":0},{"not_picked":["Wild Strike","Warcry"],"picked":"Shockwave","floor":0},{"not_picked":["Perfected Strike","Cleave"],"picked":"Thunderclap","floor":0},{"not_picked":["Guardian:Gem_Yellow","Clash"],"picked":"Guardian:BronzeArmor","floor":1},{"not_picked":["Flex","Guardian:Suspension"],"picked":"Guardian:ShieldSpikes","floor":4},{"not_picked":["Guardian:Recover","Guardian:RollAttack","Armaments"],"picked":"SKIP","floor":5},{"not_picked":["Guardian:TemporalStrike","True Grit","Guardian:AncientConstruct"],"picked":"SKIP","floor":7},{"not_picked":["Clash","Rampage","Guardian:Gem_Yellow"],"picked":"Sword Boomerang","floor":12},{"not_picked":["Guardian:Gem_Crimson","Guardian:CrystalBeam","Sentinel"],"picked":"Spot Weakness","floor":14},{"not_picked":["Bludgeon","Guardian:BaubleBeam","Guardian:TimeSifter"],"picked":"Guardian:GemFinder","floor":16},{"not_picked":["Sever Soul+1","Hemokinesis"],"picked":"SKIP","floor":18},{"not_picked":["Guardian:Gem_Cyan","Guardian:Gem_Green"],"picked":"Guardian:Gem_Red","floor":20},{"not_picked":["Guardian:Planning","Body Slam"],"picked":"SKIP","floor":20},{"not_picked":["Guardian:Gem_Green","Guardian:Gem_Cyan"],"picked":"Guardian:Gem_Red","floor":22},{"not_picked":["Guardian:Reroute","Anger"],"picked":"SKIP","floor":22},{"not_picked":["Guardian:Gem_Cyan","Guardian:Gem_Green"],"picked":"Guardian:Gem_Fragmented","floor":23},{"not_picked":["Guardian:SentryBeam","Warcry+1"],"picked":"SKIP","floor":23},{"not_picked":["Guardian:Gem_Cyan","Guardian:Gem_Green"],"picked":"Guardian:Gem_Fragmented","floor":28},{"not_picked":["Guardian:Gem_Yellow"],"picked":"Guardian:PiercingHide","floor":28},{"not_picked":["Guardian:Gem_Green","Guardian:Gem_Cyan"],"picked":"Guardian:Gem_Red","floor":29},{"not_picked":["Second Wind"],"picked":"Whirlwind","floor":29},{"not_picked":["Twin Strike","Rampage"],"picked":"SKIP","floor":31},{"not_picked":["Guardian:Gem_Cyan","Guardian:Gem_Fragmented"],"picked":"Guardian:Gem_Red","floor":33},{"not_picked":["Guardian:GatlingBeam"],"picked":"Guardian:RevengeProtocol","floor":33},{"not_picked":["Guardian:Gem_Green"],"picked":"Shrug It Off","floor":35},{"not_picked":["Guardian:Gem_Green","Guardian:Gem_Cyan"],"picked":"Guardian:Gem_Fragmented","floor":37},{"not_picked":["Metallicize"],"picked":"Guardian:PrismaticBeam+1","floor":37},{"not_picked":["Thunderclap"],"picked":"Body Slam+1","floor":41},{"not_picked":["Guardian:FastForward","Guardian:ShieldSpikes"],"picked":"Singing Bowl","floor":44},{"not_picked":["Guardian:Gem_Cyan","Guardian:Gem_Green"],"picked":"Guardian:Gem_Fragmented","floor":45},{"not_picked":["Fire Breathing+1"],"picked":"Flex+1","floor":45},{"not_picked":["Dark Embrace"],"picked":"Flex","floor":47},{"not_picked":["Armaments+1","Dual Wield+1"],"picked":"Singing Bowl","floor":48}],"player_experience":1133494,"relics_obtained":[{"floor":7,"key":"Guardian:GemstoneGun"},{"floor":9,"key":"Question Card"},{"floor":19,"key":"Letter Opener"},{"floor":23,"key":"hexamod:BolsterEngine"},{"floor":26,"key":"Shovel"},{"floor":27,"key":"Bronze Scales"},{"floor":32,"key":"Kunai"},{"floor":36,"key":"Dream Catcher"},{"floor":40,"key":"Singing Bowl"},{"floor":41,"key":"Ice Cream"},{"floor":42,"key":"War Paint"},{"floor":43,"key":"Ancient Tea Set"},{"floor":44,"key":"Mercury Hourglass"},{"floor":49,"key":"Blue Candle"}],"event_choices":[{"damage_healed":75,"gold_gain":0,"player_choice":"Upgrade","damage_taken":16,"max_hp_gain":0,"max_hp_loss":80,"event_name":"betterThird:BetterShining","floor":2,"gold_loss":0,"cards_upgraded":["Pummel","Thunderclap"]},{"damage_healed":0,"gold_gain":0,"player_choice":"Gave Potion","damage_taken":0,"relics_obtained":["Tiny Chest"],"max_hp_gain":0,"max_hp_loss":0,"event_name":"WeMeetAgain","floor":3,"gold_loss":0},{"damage_healed":0,"gold_gain":0,"player_choice":"Trade","damage_taken":0,"relics_obtained":["SsserpentHead"],"max_hp_gain":0,"max_hp_loss":0,"event_name":"FaceTrader","floor":10,"gold_loss":0},{"damage_healed":0,"gold_gain":0,"player_choice":"Obtain J.A.X.","damage_taken":0,"max_hp_gain":0,"max_hp_loss":0,"event_name":"Drug Dealer","floor":21,"gold_loss":0,"cards_obtained":["J.A.X."]},{"damage_healed":0,"gold_gain":0,"player_choice":"Stole Relic","damage_taken":0,"relics_obtained":["Toy Ornithopter"],"max_hp_gain":0,"max_hp_loss":0,"event_name":"Addict","floor":25,"gold_loss":0,"cards_obtained":["Shame"]},{"cards_removed":["Guardian:Gem_Fragmented"],"damage_healed":0,"gold_gain":0,"player_choice":"Removed Skill","damage_taken":0,"max_hp_gain":0,"max_hp_loss":0,"event_name":"Falling","floor":38,"gold_loss":0},{"damage_healed":0,"gold_gain":0,"player_choice":"Fight","damage_taken":0,"max_hp_gain":0,"max_hp_loss":0,"event_name":"MindBloom","floor":41,"gold_loss":0}],"is_beta":false,"boss_relics":[{"not_picked":["Snecko Eye","Black Star"],"picked":"Busted Crown"},{"not_picked":["Runic Pyramid","Astrolabe"],"picked":"Fusion Hammer"}],"items_purged_floors":[],"is_endless":false,"potions_floor_spawned":[1,7,12,18,23,35,45],"ascension_level":0}}