{"host":"fdq5pmhluajjrf8d","time":1607788273,"event":{"mods":["BaseMod","Minty Spire (QoL Compilation)"],"gold_per_floor":[115,115,115,30,44,44,77,77,104,104,118,153,164,183,183,262,262,275,375,275,275,289,289,307,307,387,420,431,443,443,443],"floor_reached":30,"playtime":2347,"items_purged":[],"score":491,"play_id":"c03ea984-721c-49ab-aa92-ad084df33dbe","local_time":"20201212105113","is_ascension_mode":true,"campfire_choices":[{"floor":6.0,"key":"REST"},{"floor":8.0,"key":"REST"},{"data":"White Noise","floor":15.0,"key":"SMITH"},{"floor":23,"key":"REST"},{"floor":25,"key":"REST"}],"circlet_count":0,"master_deck":["AscendersBane","Strike_B","Strike_B","Strike_B","Strike_B","Defend_B","Defend_B","Defend_B","Defend_B","Zap","Dualcast","Creative AI","FTL","Consume","Echo Form","White Noise+1","Self Repair","Glacier","Melter+1","Amplify","Reinforced Body","Loop+1","Electrodynamics","Force Field"],"relics":["Cracked Core","Molten Egg 2","Prayer Wheel","Anchor","SsserpentHead","Philosopher\u0027s Stone","Orichalcum","Eternal Feather","Bottled Flame"],"acts_visited":["Exordium","TheCity"],"potions_floor_usage":[16,18,22,29,30],"damage_taken":[{"damage":2.0,"enemies":"2 Louse","floor":1.0,"turns":3.0},{"damage":1.0,"enemies":"Cultist","floor":5.0,"turns":3.0},{"damage":69.0,"enemies":"Gremlin Nob","floor":7.0,"turns":5.0},{"damage":17.0,"enemies":"Small Slimes","floor":11.0,"turns":3.0},{"damage":0.0,"enemies":"2 Fungi Beasts","floor":12.0,"turns":2.0},{"damage":1.0,"enemies":"Exordium Thugs","floor":13.0,"turns":6.0},{"damage":0.0,"enemies":"Exordium Wildlife","floor":14.0,"turns":4.0},{"damage":34,"enemies":"Slime Boss","floor":16,"turns":14},{"damage":31,"enemies":"3 Byrds","floor":18,"turns":3},{"damage":13,"enemies":"2 Thieves","floor":20,"turns":5},{"damage":13,"enemies":"Centurion and Healer","floor":22,"turns":9},{"damage":32,"enemies":"Shelled Parasite and Fungi","floor":24,"turns":6},{"damage":27,"enemies":"Slavers","floor":27,"turns":4},{"damage":11,"enemies":"Cultist and Chosen","floor":28,"turns":4},{"damage":14,"enemies":"Snake Plant","floor":29,"turns":9},{"damage":25,"enemies":"Book of Stabbing","floor":30,"turns":4}],"seed_played":"-6015491266658783434","potions_obtained":[{"floor":5.0,"key":"FairyPotion"},{"floor":11.0,"key":"ColorlessPotion"},{"floor":13.0,"key":"PowerPotion"},{"floor":16,"key":"SpeedPotion"},{"floor":22,"key":"Fruit Juice"},{"floor":28,"key":"LiquidMemories"},{"floor":29,"key":"ColorlessPotion"}],"is_trial":false,"path_per_floor":["M","?","?","$","M","R","E","R","T","?","M","M","M","M","R","B",null,"M","T","M","$","M","R","M","R","T","E","M","M","E"],"character_chosen":"DEFECT","items_purchased":["Regen Potion"],"campfire_rested":4,"item_purchase_floors":[4],"current_hp_per_floor":[62,36,36,36,35,54,19,38,38,38,21,21,34,41,41,14,52,35,35,29,29,35,55,30,50,50,37,26,19,0,0],"gold":443,"neow_bonus":"THREE_RARE_CARDS","is_daily":false,"chose_seed":false,"campfire_upgraded":1,"win_rate":0.0,"timestamp":1607788273,"path_taken":["M","?","?","$","M","R","E","R","T","?","M","M","M","M","R","BOSS","M","?","M","$","M","R","M","R","T","E","M","M","E"],"items_purchased_type":["Potion"],"build_version":"2020-11-30","purchased_purges":0,"victory":false,"max_hp_per_floor":[64,64,64,64,64,64,64,64,64,64,64,64,64,64,64,64,64,64,64,64,64,69,69,69,69,69,69,69,69,69,69],"card_choices":[{"not_picked":["Biased Cognition","Machine Learning"],"picked":"Creative AI","floor":0.0},{"not_picked":["Turbo","Leap"],"picked":"FTL","floor":1.0},{"not_picked":["Sweeping Beam+1","Compile Driver+1"],"picked":"Consume","floor":5.0},{"not_picked":["Leap","Turbo"],"picked":"Echo Form","floor":7.0},{"not_picked":["Rebound+1","Tempest"],"picked":"White Noise","floor":11.0},{"not_picked":["Barrage+1","Chill","Go for the Eyes+1"],"picked":"SKIP","floor":11.0},{"not_picked":["Skim","Steam"],"picked":"Self Repair","floor":12.0},{"not_picked":["Streamline+1","Stack"],"picked":"Glacier","floor":12.0},{"not_picked":["Go for the Eyes+1","Compile Driver+1","Ball Lightning+1"],"picked":"SKIP","floor":13.0},{"not_picked":["Aggregate","Leap","Compile Driver+1"],"picked":"SKIP","floor":13.0},{"not_picked":["Conserve Battery","Gash+1"],"picked":"Melter+1","floor":14.0},{"not_picked":["Reinforced Body","Turbo","Chill"],"picked":"SKIP","floor":14.0},{"not_picked":["Fission","Seek"],"picked":"Amplify","floor":16},{"not_picked":["Hologram","Ball Lightning+1"],"picked":"Reinforced Body","floor":18},{"not_picked":["Leap","Go for the Eyes+1","Genetic Algorithm"],"picked":"SKIP","floor":18},{"not_picked":["Stack","Steam","Conserve Battery"],"picked":"SKIP","floor":20},{"not_picked":["Scrape+1","Hologram","Conserve Battery"],"picked":"SKIP","floor":20},{"not_picked":["Ball Lightning+1","Genetic Algorithm"],"picked":"Loop+1","floor":22},{"not_picked":["Auto Shields","Coolheaded"],"picked":"Electrodynamics","floor":22},{"not_picked":["Auto Shields","Beam Cell+1","Ball Lightning+1"],"picked":"SKIP","floor":24},{"not_picked":["Go for the Eyes+1","Barrage+1","Melter+1"],"picked":"SKIP","floor":24},{"not_picked":["Barrage+1","Doom and Gloom+1","Fusion"],"picked":"SKIP","floor":27},{"not_picked":["Electrodynamics","Cold Snap+1","Turbo+1"],"picked":"SKIP","floor":28},{"not_picked":["Static Discharge","Hologram","Turbo"],"picked":"SKIP","floor":28},{"not_picked":["Multi-Cast","Compile Driver+1"],"picked":"Force Field","floor":29},{"not_picked":["Gash+1","Rebound+1","Barrage+1"],"picked":"SKIP","floor":29}],"player_experience":1822638,"relics_obtained":[{"floor":7.0,"key":"Prayer Wheel"},{"floor":9.0,"key":"Anchor"},{"floor":19,"key":"Orichalcum"},{"floor":26,"key":"Eternal Feather"},{"floor":27,"key":"Bottled Flame"}],"event_choices":[{"damage_healed":0.0,"max_hp_gain":0.0,"max_hp_loss":0.0,"gold_gain":0.0,"event_name":"Scrap Ooze","player_choice":"Success","floor":2.0,"gold_loss":0.0,"damage_taken":26.0,"relics_obtained":["Molten Egg 2"]},{"damage_healed":0.0,"max_hp_gain":0.0,"max_hp_loss":0.0,"gold_gain":0.0,"event_name":"Shining Light","player_choice":"Ignored","floor":3.0,"gold_loss":0.0,"damage_taken":0.0},{"damage_healed":0.0,"max_hp_gain":0.0,"max_hp_loss":0.0,"gold_gain":0.0,"event_name":"FaceTrader","player_choice":"Trade","floor":10.0,"gold_loss":0.0,"damage_taken":0.0,"relics_obtained":["SsserpentHead"]}],"is_beta":false,"boss_relics":[{"not_picked":["Empty Cage","Calling Bell"],"picked":"Philosopher\u0027s Stone"}],"items_purged_floors":[],"is_endless":false,"potions_floor_spawned":[5,11,13,16,22,28,29],"killed_by":"Book of Stabbing","ascension_level":19}}