{"host":"ctlqibkg0sskiu65","time":1607771411,"event":{"mods":["2.2 Compatiblity","AchievementEnabler","Aspiration","BaseMod","BetterRewards","Colored Map","Colored Powertips","Conspire","Fiend Mod","Infinite Spire","Minty Spire (QoL Compilation)","Quick Restart","Replay The Spire","Shop Mod","StSLib","The Bladedancer","The Cursed","The Hierophant","The Jungle","The Kombatant","The Servant 0.9.4","TheBandit"],"gold_per_floor":[113,129,54,4,4,29,29,29,56,76,96,96,171,189,189,289,289,304,229,248,208,228,257,257,275,349,349,363,229,258,258,258,353,403,421,438,438,438,438,438,472,472,472,500,511,527,547,547,547,547,547],"floor_reached":50,"playtime":1978,"items_purged":["Strike_R","Strike_R","Strike_R"],"score":590,"play_id":"11b69f57-8285-4374-bb9d-517fbcb414a6","local_time":"20201212051011","is_ascension_mode":false,"campfire_choices":[{"data":"Cleave","floor":8,"key":"SMITH"},{"floor":15,"key":"REST"},{"data":"Rage","floor":24,"key":"SMITH"},{"floor":32,"key":"REST"},{"data":"infinitespire:Punishment","floor":40,"key":"SMITH"},{"floor":42,"key":"REST"},{"data":"Twin Strike","floor":49,"key":"SMITH"}],"circlet_count":0,"master_deck":["Defend_R+1","Defend_R","Defend_R+1","Defend_R+1","Bash+1","Cleave+1","Clash+1","Shrug It Off+1","infinitespire:Punishment+1","Shrug It Off+1","Intimidate","ReplayTheSpireMod:Corrosion Curse+1","Twin Strike+1","Rage+1","Twin Strike+1","Pommel Strike","Armaments+1","Carnage+1","Offering","Life Link+1","Panacea","Body Slam+1","Parasite"],"relics":["Burning Blood","NeowsBlessing","War Paint","Potion Belt","conspire:RoyalGoblet","infinitespire:Lychee Nut","aspiration:StickyExplosives_weak","Question Card","Busted Crown","Tiny House","aspiration:TomeofQuesting","Bird Faced Urn","infinitespire:Broken Mirror"],"acts_visited":["Exordium","TheCity","TheBeyond"],"potions_floor_usage":[16,23,33,33,33,33,36,41,50,50,50],"damage_taken":[{"damage":0,"enemies":"Jaw Worm","floor":1,"turns":1},{"damage":0,"enemies":"2 Louse","floor":2,"turns":1},{"damage":0,"enemies":"Gremlin Nob","floor":6,"turns":1},{"damage":0,"enemies":"Small Slimes","floor":10,"turns":2},{"damage":0,"enemies":"3 Louse","floor":11,"turns":2},{"damage":0,"enemies":"2 Fungi Beasts","floor":14,"turns":3},{"damage":43,"enemies":"Fading Forest","floor":16,"turns":11},{"damage":3,"enemies":"Chosen","floor":18,"turns":6},{"damage":0,"enemies":"3 Byrds","floor":20,"turns":6},{"damage":0,"enemies":"Snecko","floor":22,"turns":4},{"damage":14,"enemies":"Book of Stabbing","floor":23,"turns":5},{"damage":5,"enemies":"3 Cultists","floor":25,"turns":5},{"damage":14,"enemies":"Cultist and Chosen","floor":28,"turns":5},{"damage":45,"enemies":"Gremlin Leader","floor":30,"turns":7},{"damage":37,"enemies":"Champ","floor":33,"turns":7},{"damage":7,"enemies":"3 Shapes","floor":35,"turns":3},{"damage":11,"enemies":"3 Darklings","floor":36,"turns":2},{"damage":95,"enemies":"Reptomancer","floor":41,"turns":4},{"damage":24,"enemies":"Giant Head","floor":44,"turns":6},{"damage":6,"enemies":"Transient","floor":45,"turns":5},{"damage":6,"enemies":"Spire Growth","floor":46,"turns":3},{"damage":15,"enemies":"Writhing Mass","floor":47,"turns":4},{"damage":63,"enemies":"Replay:Hell Engine","floor":50,"turns":6}],"seed_played":"-6806483786391131397","potions_obtained":[{"floor":1,"key":"Adrenaline Potion"},{"floor":2,"key":"LiquidMemories"},{"floor":11,"key":"HeartOfIron"},{"floor":16,"key":"Dexterity Potion"},{"floor":22,"key":"ColorlessPotion"},{"floor":23,"key":"conspire:TimeTravelPotion"},{"floor":28,"key":"Adrenaline Potion"},{"floor":33,"key":"Toxic Potion"},{"floor":34,"key":"conspire:TimeTravelPotion"},{"floor":46,"key":"DuplicationPotion"},{"floor":47,"key":"LiquidMemories"}],"is_trial":false,"path_per_floor":["M","M","$","?","?","E","?","R","T","M","M","?","?","M","R","B",null,"M","?","M","?","M","E","R","M","T","AVR","M","$","E","?","R","B",null,"M","M","?","?","?","R","E","R","T","E","M","M","M","?","R","B"],"character_chosen":"IRONCLAD","items_purchased":["Armaments+1"],"campfire_rested":3,"item_purchase_floors":[29],"current_hp_per_floor":[80,80,80,80,80,80,64,64,64,70,76,57,46,52,76,49,80,80,80,80,80,80,60,60,60,60,60,55,55,21,21,39,47,65,65,60,60,60,60,60,27,46,46,36,44,51,50,50,50,0,0],"gold":547,"neow_bonus":"THREE_ENEMY_KILL","is_daily":false,"chose_seed":false,"campfire_upgraded":4,"win_rate":0.0,"timestamp":1607771411,"path_taken":["M","M","$","?","?","E","?","R","T","M","M","?","?","M","R","BOSS","M","?","M","?","M","E","R","?","T","AVR","M","$","E","?","R","BOSS","M","M","?","?","?","R","E","R","T","E","M","M","M","?","R","BOSS"],"items_purchased_type":["Card"],"build_version":"2020-11-30","purchased_purges":3,"victory":false,"max_hp_per_floor":[80,80,80,80,80,80,80,80,80,80,80,80,80,80,80,80,80,80,80,80,80,80,60,60,60,60,60,60,60,60,60,60,60,65,65,65,65,65,65,65,65,65,65,65,65,65,65,65,65,65,65],"card_choices":[{"not_picked":["Clothesline","Intimidate"],"picked":"Cleave","floor":1},{"not_picked":["conspire:ExplosiveBarrier","Clothesline","ReplayReversal"],"picked":"SKIP","floor":2},{"not_picked":["Carnage","Blood for Blood"],"picked":"Clash","floor":6},{"not_picked":["Dual Wield","Thunderclap"],"picked":"Shrug It Off","floor":10},{"not_picked":["Headbutt","Replay:Undeath\u0027s Touch","ReplayTheSpireMod:Strike From Hell"],"picked":"SKIP","floor":11},{"not_picked":["infinitespire:NeuralNetwork","ReplayTheSpireMod:Echoes of Time"],"picked":"infinitespire:Punishment","floor":12},{"not_picked":["Perfected Strike","Feel No Pain"],"picked":"Shrug It Off","floor":14},{"not_picked":["Run Through","Cleave"],"picked":"Intimidate","floor":18},{"not_picked":["Clash","Perfected Strike+1"],"picked":"ReplayTheSpireMod:Corrosion Curse+1","floor":20},{"not_picked":["ReplayTheSpireMod:Corrosion Curse","Feel No Pain"],"picked":"Twin Strike+1","floor":22},{"not_picked":["Dual Wield","Body Slam"],"picked":"Rage","floor":23},{"not_picked":["Clothesline","Body Slam"],"picked":"Twin Strike","floor":25},{"not_picked":["Headbutt+1"],"picked":"Pommel Strike","floor":28},{"not_picked":["Shockwave+1"],"picked":"Carnage+1","floor":30},{"not_picked":["conspire:Purge"],"picked":"Offering","floor":33},{"not_picked":["Fire Breathing"],"picked":"Life Link+1","floor":34},{"not_picked":["Twin Strike","Pommel Strike"],"picked":"SKIP","floor":35},{"not_picked":["Pommel Strike","ReplayTheSpireMod:Strike From Hell+1"],"picked":"SKIP","floor":36},{"not_picked":["Madness"],"picked":"Panacea","floor":37},{"not_picked":["Second Wind"],"picked":"Body Slam+1","floor":41},{"not_picked":["Power Through","Blood for Blood"],"picked":"SKIP","floor":44},{"not_picked":["Perfected Strike","Body Slam"],"picked":"SKIP","floor":45},{"not_picked":["Body Slam","Clothesline"],"picked":"SKIP","floor":46},{"not_picked":["Eclipse","Thunderclap+1"],"picked":"SKIP","floor":47}],"player_experience":117132,"relics_obtained":[{"floor":6,"key":"War Paint"},{"floor":9,"key":"Potion Belt"},{"floor":23,"key":"infinitespire:Lychee Nut"},{"floor":26,"key":"aspiration:StickyExplosives_weak"},{"floor":41,"key":"aspiration:TomeofQuesting"},{"floor":43,"key":"Bird Faced Urn"},{"floor":44,"key":"infinitespire:Broken Mirror"}],"event_choices":[{"cards_removed":["Strike_R"],"damage_healed":0,"gold_gain":0,"player_choice":"Card Removal","damage_taken":0,"max_hp_gain":0,"max_hp_loss":0,"event_name":"The Cleric","floor":4,"gold_loss":50},{"damage_healed":0,"gold_gain":0,"player_choice":"Entered Light","damage_taken":16,"max_hp_gain":0,"max_hp_loss":0,"event_name":"Shining Light","floor":7,"gold_loss":0,"cards_upgraded":["Bash","Defend_R"]},{"damage_healed":0,"gold_gain":75,"player_choice":"Gather Gold","damage_taken":11,"max_hp_gain":0,"max_hp_loss":0,"event_name":"World of Goop","floor":13,"gold_loss":0},{"cards_removed":["Strike_R"],"damage_healed":0,"gold_gain":0,"player_choice":"Gave Gold","damage_taken":0,"max_hp_gain":0,"max_hp_loss":0,"event_name":"Beggar","floor":19,"gold_loss":75},{"damage_healed":0,"gold_gain":0,"player_choice":"Upgraded Two","damage_taken":0,"max_hp_gain":0,"max_hp_loss":0,"event_name":"Designer","floor":21,"gold_loss":40,"cards_upgraded":["Clash","Shrug It Off"]},{"damage_healed":0,"gold_gain":0,"player_choice":"Ignored","damage_taken":0,"max_hp_gain":0,"max_hp_loss":0,"event_name":"The Mausoleum","floor":31,"gold_loss":0},{"damage_healed":0,"gold_gain":0,"player_choice":"Memory 1","damage_taken":0,"max_hp_gain":0,"max_hp_loss":0,"event_name":"SensoryStone","floor":37,"gold_loss":0},{"damage_healed":0,"gold_gain":0,"player_choice":"Leave","damage_taken":0,"max_hp_gain":0,"max_hp_loss":0,"event_name":"conspire:Investor","floor":39,"gold_loss":0}],"is_beta":false,"boss_relics":[{"not_picked":["SlaversCollar","Replay:Wanted Poster"],"picked":"conspire:RoyalGoblet"},{"not_picked":["ChewingGum","Kintsugi"],"picked":"Tiny House"}],"items_purged_floors":[3,27,29],"is_endless":false,"potions_floor_spawned":[1,2,11,16,22,23,28,33,46,47],"killed_by":"Replay:Hell Engine","ascension_level":0}}