{"host":"j0a1jfichhxu8b8p","time":1607760786,"event":{"mods":["BaseMod","Colored Map","DeckTracker","Keyboard Shortcuts","Minty Spire (QoL Compilation)","Permanent Neow","everything is the same but u backflip on backflip"],"gold_per_floor":[111,40,52,52,52,84,84,102,154,166,166,197,217,248,248,349,349,366,382,382,382,399,399,433,433,503,503,503,530,42,53,53,53,53],"floor_reached":33,"playtime":1438,"items_purged":["Strike_B"],"score":472,"play_id":"1631ff19-79d7-405d-9ff3-049691deab75","local_time":"20201212171306","is_ascension_mode":true,"campfire_choices":[{"floor":7.0,"key":"REST"},{"data":"Scrape","floor":11.0,"key":"SMITH"},{"floor":15.0,"key":"REST"},{"data":"Gash","floor":23.0,"key":"SMITH"},{"data":"Beam Cell","floor":25.0,"key":"SMITH"},{"data":"Scrape","floor":27.0,"key":"SMITH"},{"data":"Defend_B","floor":32,"key":"PURGE"}],"circlet_count":0,"master_deck":["Strike_B","Defend_B","Defend_B","Defend_B","Zap+1","Dualcast+1","All For One","Streamline","Scrape+1","Gash+1","Steam+1","BootSequence+1","Leap+1","Go for the Eyes","Beam Cell+1","Reboot+1","Self Repair","Ghostly+1","Ghostly+1","Ghostly+1","Ghostly+1","Ghostly+1","Go for the Eyes","Scrape+1","Rebound"],"relics":["Cracked Core","Toxic Egg 2","Singing Bowl","PreservedInsect","Eternal Feather","Lantern","Empty Cage","Smiling Mask","Frozen Egg 2","Nilry\u0027s Codex","Dream Catcher","Peace Pipe","Vajra"],"acts_visited":["Exordium","TheCity"],"potions_floor_usage":[31,33,33],"damage_taken":[{"damage":8.0,"enemies":"Small Slimes","floor":1.0,"turns":3.0},{"damage":7.0,"enemies":"Jaw Worm","floor":3.0,"turns":3.0},{"damage":35.0,"enemies":"3 Sentries","floor":6.0,"turns":7.0},{"damage":0.0,"enemies":"2 Louse","floor":8.0,"turns":1.0},{"damage":0.0,"enemies":"Looter","floor":10.0,"turns":3.0},{"damage":0.0,"enemies":"Lagavulin","floor":12.0,"turns":4.0},{"damage":0.0,"enemies":"Large Slime","floor":13.0,"turns":4.0},{"damage":20.0,"enemies":"3 Sentries","floor":14.0,"turns":4.0},{"damage":16.0,"enemies":"The Guardian","floor":16.0,"turns":9.0},{"damage":7.0,"enemies":"Chosen","floor":18.0,"turns":4.0},{"damage":3.0,"enemies":"2 Thieves","floor":19.0,"turns":3.0},{"damage":7.0,"enemies":"Snake Plant","floor":22.0,"turns":6.0},{"damage":3.0,"enemies":"Book of Stabbing","floor":24.0,"turns":5.0},{"damage":1,"enemies":"Centurion and Healer","floor":31,"turns":5},{"damage":45,"enemies":"Collector","floor":33,"turns":11}],"seed_played":"8007044167356683462","potions_obtained":[{"floor":3.0,"key":"Ancient Potion"},{"floor":8.0,"key":"PotionOfCapacity"},{"floor":13.0,"key":"ColorlessPotion"},{"floor":16.0,"key":"BlessingOfTheForge"},{"floor":19.0,"key":"GamblersBrew"},{"floor":31,"key":"Fire Potion"}],"is_trial":false,"path_per_floor":["M","$","M","?","T","E","R","M","T","M","R","E","M","E","R","B",null,"M","M","?","?","M","R","E","R","T","R","?","T","$","M","R","B"],"character_chosen":"DEFECT","items_purchased":["Scrape","Peace Pipe","Vajra"],"campfire_rested":2,"item_purchase_floors":[2,30,30],"current_hp_per_floor":[60,60,53,39,39,4,24,24,24,26,26,26,26,6,36,20,58,53,50,50,36,36,36,36,36,36,36,20,20,20,19,34,0,0],"gold":53,"neow_bonus":"THREE_RARE_CARDS","is_daily":false,"chose_seed":false,"campfire_upgraded":4,"win_rate":0.0,"timestamp":1607760786,"path_taken":["M","$","M","?","?","E","R","M","T","?","R","E","M","E","R","BOSS","M","M","?","?","M","R","E","R","T","R","?","?","?","M","R","BOSS"],"items_purchased_type":["Card","Relic","Relic"],"build_version":"2020-11-30","purchased_purges":1,"victory":false,"max_hp_per_floor":[68,68,68,68,68,68,68,68,68,70,70,70,70,70,70,70,70,72,72,72,36,36,36,36,36,36,36,36,36,36,36,36,36,36],"card_choices":[{"not_picked":["Echo Form","Seek"],"picked":"All For One","floor":0.0},{"not_picked":["Coolheaded","Sweeping Beam"],"picked":"Streamline","floor":1.0},{"not_picked":["Conserve Battery","Heatsinks"],"picked":"Gash","floor":3.0},{"not_picked":["Redo+1","Loop"],"picked":"Steam+1","floor":6.0},{"not_picked":["Amplify+1","Storm"],"picked":"BootSequence+1","floor":8.0},{"not_picked":["Capacitor","Cold Snap","Compile Driver"],"picked":"Singing Bowl","floor":10.0},{"not_picked":["Barrage","Ball Lightning"],"picked":"Leap+1","floor":12.0},{"not_picked":["Blizzard","Genetic Algorithm+1"],"picked":"Go for the Eyes","floor":13.0},{"not_picked":["Echo Form","Streamline"],"picked":"Beam Cell","floor":14.0},{"not_picked":["Fission+1","Rainbow+1"],"picked":"Reboot+1","floor":16.0},{"not_picked":["Ball Lightning","Tempest+1","Streamline"],"picked":"Singing Bowl","floor":18.0},{"not_picked":["Scrape","Leap+1"],"picked":"Self Repair","floor":19.0},{"not_picked":["Self Repair+1","Darkness+1"],"picked":"Go for the Eyes","floor":22.0},{"not_picked":["Redo+1","Cold Snap"],"picked":"Scrape","floor":24.0},{"not_picked":["Beam Cell","Sweeping Beam+1"],"picked":"Rebound","floor":31}],"player_experience":290445,"relics_obtained":[{"floor":5.0,"key":"Toxic Egg 2"},{"floor":6.0,"key":"Singing Bowl"},{"floor":9.0,"key":"PreservedInsect"},{"floor":12.0,"key":"Eternal Feather"},{"floor":14.0,"key":"Lantern"},{"floor":24.0,"key":"Smiling Mask"},{"floor":26.0,"key":"Frozen Egg 2"},{"floor":28.0,"key":"Nilry\u0027s Codex"},{"floor":29.0,"key":"Dream Catcher"}],"event_choices":[{"damage_healed":0.0,"max_hp_gain":0.0,"max_hp_loss":0.0,"gold_gain":0.0,"event_name":"Shining Light","player_choice":"Entered Light","floor":4.0,"gold_loss":0.0,"damage_taken":14.0,"cards_upgraded":["Dualcast","Zap"]},{"damage_healed":0.0,"max_hp_gain":0.0,"max_hp_loss":0.0,"gold_gain":0.0,"event_name":"Vampires","player_choice":"Ignored","floor":20.0,"gold_loss":0.0,"damage_taken":0.0},{"damage_healed":0.0,"max_hp_gain":0.0,"max_hp_loss":36.0,"gold_gain":0.0,"event_name":"Ghosts","player_choice":"Became a Ghost","floor":21.0,"gold_loss":0.0,"damage_taken":0.0,"cards_obtained":["Ghostly","Ghostly","Ghostly","Ghostly","Ghostly"]},{"damage_healed":0.0,"max_hp_gain":0.0,"max_hp_loss":0.0,"gold_gain":0.0,"event_name":"Cursed Tome","player_choice":"Obtained Book","floor":28.0,"gold_loss":0.0,"damage_taken":16.0}],"is_beta":false,"boss_relics":[{"not_picked":["Tiny House","Cursed Key"],"picked":"Empty Cage"}],"items_purged_floors":[30],"is_endless":false,"potions_floor_spawned":[3,8,13,16,19,31],"killed_by":"Collector","ascension_level":9}}