{"host":"bnbc66jny2i0hx0x","time":1607760288,"event":{"mods":["AchievementEnabler","BaseMod","Minty Spire (QoL Compilation)","Relic Sorter","StSLib"],"gold_per_floor":[114,114,127,402,23,58,58,77,77,97,130,19,51,64,64,143,143,157,157,41,55,70,70,101,51,51,76,76,107,15,65,65,137,137,149,159,40,59,59,59,59],"floor_reached":40,"playtime":1803,"items_purged":["Regret","Strike_R"],"score":859,"play_id":"7e6afd3e-11f1-471c-b283-bc9a6bccc023","local_time":"20201212000448","is_ascension_mode":true,"campfire_choices":[{"data":"Bash","floor":7.0,"key":"SMITH"},{"data":"Exhume","floor":15.0,"key":"SMITH"},{"floor":23.0,"key":"REST"},{"floor":28.0,"key":"REST"},{"floor":32.0,"key":"REST"}],"circlet_count":0,"master_deck":["AscendersBane","Strike_R","Strike_R","Strike_R","Defend_R","Defend_R","Defend_R","Defend_R","Bash+1","Cleave","Iron Wave","Uppercut+1","Sever Soul+1","Feel No Pain","Exhume+1","Feed+1","Offering","Offering","Feel No Pain","Bludgeon+1","Flame Barrier","Disarm","Flame Barrier+1","Feel No Pain","Inflame","Disarm","Burning Pact+1","Demon Form","Armaments+1","Whirlwind+1","Demon Form","Madness","Madness"],"relics":["Black Blood","Smiling Mask","Molten Egg 2","Letter Opener","Strawberry","The Courier","PreservedInsect","Sozu","Dream Catcher","Bottled Flame","Bag of Preparation","Paper Frog","DollysMirror"],"acts_visited":["Exordium","TheCity","TheBeyond"],"potions_floor_usage":[],"damage_taken":[{"damage":4.0,"enemies":"2 Louse","floor":1.0,"turns":4.0},{"damage":6.0,"enemies":"Jaw Worm","floor":3.0,"turns":5.0},{"damage":1.0,"enemies":"Gremlin Nob","floor":6.0,"turns":3.0},{"damage":1.0,"enemies":"Cultist","floor":8.0,"turns":3.0},{"damage":9.0,"enemies":"Red Slaver","floor":10.0,"turns":5.0},{"damage":25.0,"enemies":"3 Sentries","floor":11.0,"turns":7.0},{"damage":15.0,"enemies":"Gremlin Nob","floor":13.0,"turns":4.0},{"damage":6.0,"enemies":"Blue Slaver","floor":14.0,"turns":5.0},{"damage":43.0,"enemies":"The Guardian","floor":16.0,"turns":13.0},{"damage":13.0,"enemies":"Spheric Guardian","floor":18.0,"turns":3.0},{"damage":21.0,"enemies":"3 Byrds","floor":21.0,"turns":4.0},{"damage":16.0,"enemies":"3 Cultists","floor":22.0,"turns":5.0},{"damage":47.0,"enemies":"Slavers","floor":24.0,"turns":4.0},{"damage":21.0,"enemies":"Gremlin Leader","floor":27.0,"turns":6.0},{"damage":16.0,"enemies":"Book of Stabbing","floor":29.0,"turns":3.0},{"damage":95.0,"enemies":"Automaton","floor":33.0,"turns":14.0},{"damage":6.0,"enemies":"3 Shapes","floor":35.0,"turns":9.0},{"damage":9.0,"enemies":"Orb Walker","floor":36.0,"turns":4.0},{"damage":27.0,"enemies":"Writhing Mass","floor":38.0,"turns":9.0},{"damage":75,"enemies":"Reptomancer","floor":40,"turns":6}],"seed_played":"-6845490366257927491","potions_obtained":[{"floor":3.0,"key":"Energy Potion"},{"floor":6.0,"key":"BloodPotion"},{"floor":10.0,"key":"Swift Potion"},{"floor":13.0,"key":"Regen Potion"}],"is_trial":false,"path_per_floor":["M","?","M","?","$","E","R","M","T","M","E","$","E","M","R","B",null,"M","?","$","M","M","R","E","$","T","E","R","E","$","?","R","B",null,"M","M","$","M","?","E"],"character_chosen":"IRONCLAD","items_purchased":["Molten Egg 2","Uppercut+1","Feed+1","Bludgeon+1","Inflame","Disarm","DollysMirror"],"campfire_rested":3,"item_purchase_floors":[5,5,12,20,30,30,37],"current_hp_per_floor":[70,70,70,70,70,75,75,75,82,79,60,60,51,55,55,18,69,66,66,66,55,49,78,41,41,41,26,56,50,50,50,81,28,87,101,108,108,97,75,0,0],"gold":59,"neow_bonus":"RANDOM_COMMON_RELIC","is_daily":false,"chose_seed":false,"campfire_upgraded":2,"win_rate":0.0,"timestamp":1607760288,"path_taken":["M","?","M","?","$","E","R","?","T","M","E","?","E","M","R","BOSS","M","?","$","M","M","R","E","?","T","E","R","E","$","?","R","BOSS","M","?","$","M","?","E"],"items_purchased_type":["Relic","Card","Card","Card","Card","Card","Relic"],"build_version":"2020-11-30","purchased_purges":2,"victory":false,"max_hp_per_floor":[75,75,75,75,75,75,75,75,82,82,82,82,82,86,86,86,86,90,90,90,94,98,98,102,102,102,102,102,106,106,106,106,106,106,114,118,118,122,122,122,122],"card_choices":[{"not_picked":["Body Slam","Perfected Strike"],"picked":"Cleave","floor":1.0},{"not_picked":["Searing Blow","Cleave"],"picked":"Iron Wave","floor":3.0},{"not_picked":["Seeing Red","Headbutt+1"],"picked":"Sever Soul+1","floor":6.0},{"not_picked":["Shrug It Off","Dropkick+1","Clash+1"],"picked":"SKIP","floor":8.0},{"not_picked":["Wild Strike+1","Shrug It Off"],"picked":"Feel No Pain","floor":10.0},{"not_picked":["Havoc","Dark Embrace"],"picked":"Exhume","floor":11.0},{"not_picked":["Twin Strike+1","Pommel Strike+1"],"picked":"Offering","floor":13.0},{"not_picked":["Power Through","Headbutt+1","Twin Strike+1"],"picked":"SKIP","floor":14.0},{"not_picked":["Barricade","Juggernaut"],"picked":"Offering","floor":16.0},{"not_picked":["Sword Boomerang+1","Flex"],"picked":"Feel No Pain","floor":18.0},{"not_picked":["Perfected Strike+1","Clothesline+1"],"picked":"Flame Barrier","floor":21.0},{"not_picked":["Evolve","Twin Strike+1"],"picked":"Disarm","floor":22.0},{"not_picked":["Clash+1","Havoc"],"picked":"Flame Barrier+1","floor":24.0},{"not_picked":["Flex","Warcry","Armaments"],"picked":"SKIP","floor":27.0},{"not_picked":["Body Slam+1","Perfected Strike+1"],"picked":"Feel No Pain","floor":29.0},{"not_picked":["Wild Strike+1","Heavy Blade+1"],"picked":"Burning Pact+1","floor":32.0},{"not_picked":["Bludgeon+1","Impervious"],"picked":"Demon Form","floor":33.0},{"not_picked":["Shrug It Off","Headbutt+1"],"picked":"Armaments+1","floor":35.0},{"not_picked":["Dropkick+1","Carnage+1"],"picked":"Whirlwind+1","floor":36.0},{"not_picked":["Wild Strike+1","Armaments","Carnage+1"],"picked":"SKIP","floor":38.0}],"player_experience":1234928,"relics_obtained":[{"floor":6.0,"key":"Letter Opener"},{"floor":9.0,"key":"Strawberry"},{"floor":11.0,"key":"The Courier"},{"floor":13.0,"key":"PreservedInsect"},{"floor":24.0,"key":"Dream Catcher"},{"floor":26.0,"key":"Bottled Flame"},{"floor":27.0,"key":"Bag of Preparation"},{"floor":29.0,"key":"Paper Frog"}],"event_choices":[{"damage_healed":0.0,"max_hp_gain":0.0,"max_hp_loss":0.0,"gold_gain":0.0,"event_name":"The Cleric","player_choice":"Leave","floor":2.0,"gold_loss":0.0,"damage_taken":0.0},{"damage_healed":0.0,"max_hp_gain":0.0,"max_hp_loss":0.0,"gold_gain":275.0,"event_name":"Golden Shrine","player_choice":"Desecrate","floor":4.0,"gold_loss":0.0,"damage_taken":0.0,"cards_obtained":["Regret"]},{"cards_removed":["Strike_R"],"damage_healed":0.0,"max_hp_gain":0.0,"max_hp_loss":0.0,"gold_gain":0.0,"event_name":"Bonfire Elementals","player_choice":"Offered Basic","floor":19.0,"gold_loss":0.0,"damage_taken":0.0},{"damage_healed":0.0,"max_hp_gain":0.0,"max_hp_loss":0.0,"gold_gain":50.0,"event_name":"Golden Shrine","player_choice":"Pray","floor":31.0,"gold_loss":0.0,"damage_taken":0.0},{"damage_healed":0.0,"max_hp_gain":0.0,"max_hp_loss":0.0,"gold_gain":0.0,"event_name":"Winding Halls","player_choice":"Embrace Madness","floor":39.0,"gold_loss":0.0,"damage_taken":22.0,"cards_obtained":["Madness","Madness"]}],"is_beta":false,"boss_relics":[{"not_picked":["Coffee Dripper","Runic Dome"],"picked":"Sozu"},{"not_picked":["Runic Pyramid","SacredBark"],"picked":"Black Blood"}],"items_purged_floors":[5,25],"is_endless":false,"potions_floor_spawned":[3,6,10,13,16,22,24,29,33,36],"killed_by":"Reptomancer","ascension_level":15}}