{"host":"dij4iqdhjit0agg1","time":1607787821,"event":{"mods":["Act Like it!","BaseMod","Better Note","Colored Powertips","Minty Spire (QoL Compilation)","Permanent Neow","Rare Cards Sparkle","StSLib"],"gold_per_floor":[113,128,7,21,96,122,122,122,122,87,87,97,117,137,137,236,236,252,252,262,13,31,31,31,41,67,77,77,77,106,6,6,101,101,111,128,128,145,0,0,32,32,32,32,51,70,70,70,70],"floor_reached":48,"playtime":2692,"items_purged":["Bash","Strike_R"],"score":482,"play_id":"7828260c-372f-4d08-ad7c-421dd1218b77","local_time":"20201212164341","is_ascension_mode":false,"campfire_choices":[{"floor":7,"key":"REST"},{"data":"Armaments","floor":11,"key":"SMITH"},{"data":"Pommel Strike","floor":15,"key":"SMITH"},{"data":"Body Slam","floor":23,"key":"SMITH"},{"data":"Immolate","floor":28,"key":"SMITH"},{"floor":32,"key":"REST"},{"data":"Flex","floor":40,"key":"SMITH"},{"floor":42,"key":"REST"},{"floor":44,"key":"REST"},{"data":"Offering","floor":47,"key":"SMITH"}],"circlet_count":0,"master_deck":["Strike_R","Strike_R","Defend_R","Defend_R","Defend_R","Pommel Strike+1","Immolate+1","Armaments+1","Offering+1","Double Tap","Blood for Blood+1","Body Slam+1","Blood for Blood+1","Shrug It Off+1","Immolate+1","Shrug It Off+1","Flex+1","Parasite","Combust"],"relics":["Burning Blood","Bag of Marbles","Question Card","InkBottle","Centennial Puzzle","Empty Cage","Pear","Pen Nib","Ginger","Philosopher\u0027s Stone","Red Mask","Girya","Ornamental Fan"],"acts_visited":["Exordium","TheCity","TheBeyond"],"potions_floor_usage":[16,30,30,38,46],"damage_taken":[{"damage":1,"enemies":"Cultist","floor":1,"turns":3},{"damage":6,"enemies":"Jaw Worm","floor":2,"turns":3},{"damage":0,"enemies":"2 Louse","floor":4,"turns":2},{"damage":56,"enemies":"Lagavulin","floor":6,"turns":7},{"damage":0,"enemies":"Exordium Wildlife","floor":12,"turns":1},{"damage":0,"enemies":"3 Louse","floor":13,"turns":1},{"damage":0,"enemies":"2 Fungi Beasts","floor":14,"turns":1},{"damage":67,"enemies":"The Guardian","floor":16,"turns":12},{"damage":6,"enemies":"2 Thieves","floor":18,"turns":1},{"damage":6,"enemies":"3 Byrds","floor":20,"turns":1},{"damage":33,"enemies":"Shelled Parasite and Fungi","floor":22,"turns":3},{"damage":21,"enemies":"Sentry and Sphere","floor":25,"turns":4},{"damage":6,"enemies":"3 Cultists","floor":27,"turns":1},{"damage":42,"enemies":"Gremlin Leader","floor":30,"turns":6},{"damage":55,"enemies":"Collector","floor":33,"turns":7},{"damage":18,"enemies":"3 Shapes","floor":35,"turns":1},{"damage":6,"enemies":"Orb Walker","floor":36,"turns":2},{"damage":6,"enemies":"Writhing Mass","floor":38,"turns":3},{"damage":63,"enemies":"Giant Head","floor":41,"turns":7},{"damage":12,"enemies":"Sphere and 2 Shapes","floor":45,"turns":2},{"damage":0,"enemies":"Jaw Worm Horde","floor":46,"turns":1},{"damage":75,"enemies":"Nemesis","floor":48,"turns":5}],"seed_played":"-8368919691266424873","potions_obtained":[{"floor":6,"key":"ElixirPotion"},{"floor":12,"key":"DuplicationPotion"},{"floor":13,"key":"ElixirPotion"},{"floor":16,"key":"Ancient Potion"},{"floor":20,"key":"Strength Potion"},{"floor":27,"key":"LiquidBronze"},{"floor":35,"key":"PowerPotion"}],"is_trial":false,"path_per_floor":["M","M","$","M","?","E","R","?","T","?","R","M","M","M","R","B",null,"M","?","M","$","M","R","?","M","T","M","R","?","E","$","R","B",null,"M","M","?","M","?","R","E","R","T","R","M","M","R","E"],"character_chosen":"IRONCLAD","items_purchased":["Pommel Strike","Pear"],"campfire_rested":4,"item_purchase_floors":[3,21],"current_hp_per_floor":[80,80,80,80,69,19,43,36,36,56,56,62,68,74,74,13,80,80,80,80,90,63,63,63,48,48,48,48,78,42,42,69,20,90,78,78,78,78,78,78,21,48,48,75,69,75,75,0,0],"gold":70,"neow_bonus":"RANDOM_COMMON_RELIC","is_daily":false,"chose_seed":false,"campfire_upgraded":6,"win_rate":0.0,"timestamp":1607787821,"path_taken":["M","M","?","M","?","E","R","?","T","?","R","M","M","?","R","BOSS","M","?","M","$","M","R","?","?","T","M","R","?","E","$","R","BOSS","M","M","?","?","?","R","E","R","T","R","M","M","R","E"],"items_purchased_type":["Card","Relic"],"build_version":"2020-11-30","purchased_purges":2,"victory":false,"max_hp_per_floor":[80,80,80,80,80,80,80,80,80,80,80,80,80,80,80,80,80,80,80,80,90,90,90,90,90,90,90,90,90,90,90,90,90,90,90,90,90,90,90,90,90,90,90,90,90,90,90,90,90],"card_choices":[{"not_picked":["Wild Strike","Headbutt","Iron Wave"],"picked":"SKIP","floor":1},{"not_picked":["Burning Pact","Havoc","Wild Strike"],"picked":"SKIP","floor":2},{"not_picked":["Hemokinesis","Clash"],"picked":"Immolate","floor":4},{"not_picked":["Thunderclap","True Grit"],"picked":"Armaments","floor":6},{"not_picked":["Hemokinesis","True Grit","Infernal Blade","Cleave"],"picked":"SKIP","floor":12},{"not_picked":["Heavy Blade","Headbutt","Twin Strike"],"picked":"Offering","floor":13},{"not_picked":["Burning Pact","Havoc","Anger","Feel No Pain"],"picked":"SKIP","floor":14},{"not_picked":["Limit Break","Immolate","Corruption"],"picked":"Double Tap","floor":16},{"not_picked":["Rage","True Grit+1","Power Through","Perfected Strike"],"picked":"SKIP","floor":18},{"not_picked":["Warcry","Iron Wave","Anger","Perfected Strike+1"],"picked":"SKIP","floor":20},{"not_picked":["Heavy Blade","Juggernaut","Clothesline"],"picked":"Body Slam","floor":22},{"not_picked":["Dual Wield+1","Headbutt+1","Fire Breathing"],"picked":"Blood for Blood+1","floor":25},{"not_picked":["Iron Wave","Perfected Strike","Warcry","Cleave"],"picked":"SKIP","floor":27},{"not_picked":["Iron Wave+1","Pommel Strike","True Grit"],"picked":"Shrug It Off+1","floor":30},{"not_picked":["Brutality","Corruption","Double Tap"],"picked":"Immolate","floor":33},{"not_picked":["Thunderclap","Anger+1","Twin Strike+1"],"picked":"Shrug It Off+1","floor":35},{"not_picked":["Pummel+1","Havoc+1","Iron Wave+1"],"picked":"Flex","floor":36},{"not_picked":["Clothesline+1","Perfected Strike+1","Flex","Sword Boomerang"],"picked":"SKIP","floor":38},{"not_picked":["Ghostly Armor+1","Perfected Strike+1","Limit Break","Havoc+1"],"picked":"SKIP","floor":41},{"not_picked":["Hemokinesis+1","Anger+1","True Grit+1","Clothesline+1"],"picked":"SKIP","floor":45},{"not_picked":["Clothesline+1","Perfected Strike","Heavy Blade"],"picked":"Combust","floor":46}],"player_experience":876187,"relics_obtained":[{"floor":6,"key":"Question Card"},{"floor":9,"key":"Centennial Puzzle"},{"floor":26,"key":"Pen Nib"},{"floor":30,"key":"Ginger"},{"floor":41,"key":"Girya"},{"floor":43,"key":"Ornamental Fan"}],"event_choices":[{"damage_healed":0,"gold_gain":75,"player_choice":"Gather Gold","damage_taken":11,"max_hp_gain":0,"max_hp_loss":0,"event_name":"World of Goop","floor":5,"gold_loss":0},{"damage_healed":0,"gold_gain":0,"player_choice":"Success","damage_taken":7,"relics_obtained":["InkBottle"],"max_hp_gain":0,"max_hp_loss":0,"event_name":"Scrap Ooze","floor":8,"gold_loss":0},{"damage_healed":20,"gold_gain":0,"player_choice":"Healed","damage_taken":0,"max_hp_gain":0,"max_hp_loss":0,"event_name":"The Cleric","floor":10,"gold_loss":35},{"cards_removed":["Pommel Strike"],"damage_healed":0,"gold_gain":0,"player_choice":"Take \u0026 Give","damage_taken":0,"max_hp_gain":0,"max_hp_loss":0,"event_name":"betterNote:BetterNote","floor":19,"gold_loss":0,"cards_obtained":["Blood for Blood"]},{"cards_removed":["Strike_R"],"damage_healed":0,"gold_gain":0,"player_choice":"Purged","damage_taken":0,"max_hp_gain":0,"max_hp_loss":0,"event_name":"Purifier","floor":24,"gold_loss":0},{"damage_healed":30,"gold_gain":0,"player_choice":"Heal","damage_taken":0,"max_hp_gain":0,"max_hp_loss":0,"event_name":"The Library","floor":29,"gold_loss":0},{"damage_healed":0,"gold_gain":0,"player_choice":"Forge","damage_taken":0,"max_hp_gain":0,"max_hp_loss":0,"event_name":"Accursed Blacksmith","floor":37,"gold_loss":0,"cards_upgraded":["Immolate"]},{"damage_healed":0,"gold_gain":0,"player_choice":"Paid","damage_taken":0,"relics_obtained":["Red Mask"],"max_hp_gain":0,"max_hp_loss":0,"event_name":"Tomb of Lord Red Mask","floor":39,"gold_loss":145}],"is_beta":false,"boss_relics":[{"not_picked":["Cursed Key","Coffee Dripper"],"picked":"Empty Cage"},{"not_picked":["Fusion Hammer","Sozu"],"picked":"Philosopher\u0027s Stone"}],"items_purged_floors":[3,31],"is_endless":false,"potions_floor_spawned":[6,12,13,14,16,20,27,35,46],"killed_by":"Nemesis","ascension_level":0}}