{"host":"ea1gz0s8chhg5p89","time":1607803576,"event":{"mods":["Act Like it!","BaseMod","Decade(王小明)","Gensokyo","Marisa（F雨　魔理沙）","Minty Spire (QoL Compilation)","Pale of the Ancients","Remilia（蕾米莉亚）","Replay The Spire","StSLib","The Servant 0.9.4","WarShipGirlsR/战舰少女R mod","Youmu（魂魄妖梦）"],"gold_per_floor":[110,123,123,142,142,142,176,78,148,148,163,163,163],"floor_reached":12,"playtime":435,"items_purged":["Regret"],"score":128,"play_id":"e84671b3-c9dc-4794-ba4c-c60740d25dba","local_time":"20201213040616","daily_mods":["Draft","DeadlyEvents"],"is_ascension_mode":false,"campfire_choices":[{"data":"rmod:victimresponsibility","floor":6,"key":"SMITH"}],"circlet_count":0,"master_deck":["rmod:aviationdawn","rmod:combined","rmod:supportescort","rmod:diaomin","rmod:fuelsupply","rmod:fuelsupply","rmod:steelsupply+1","rmod:circuitoustactics+1","rmod:aviationdawn","rmod:robin","rmod:robin","rmod:circuitoustactics","rmod:steelsupply","rmod:overbreakdown","rmod:aluminumsupply","rmod:aluminumsupply","rmod:firesupport","rmod:victimresponsibility+1","rmod:supportaircraftcarrier","rmod:firesupport","rmod:supportaircraftcarrier","rmod:garrisonisland+1"],"relics":["rmod:firstchargereward","replay:Trail_Library","PreservedInsect","Centennial Puzzle","Molten Egg 2"],"acts_visited":["Exordium"],"potions_floor_usage":[],"damage_taken":[{"damage":0,"enemies":"Jaw Worm","floor":1,"turns":4},{"damage":0,"enemies":"Small Slimes","floor":2,"turns":2},{"damage":6,"enemies":"2 Louse","floor":4,"turns":2},{"damage":18,"enemies":"3 Sentries","floor":7,"turns":5},{"damage":17,"enemies":"Exordium Wildlife","floor":11,"turns":4},{"damage":36,"enemies":"Lagavulin","floor":12,"turns":4}],"seed_played":"-675115115721369517","potions_obtained":[{"floor":4,"key":"Doom Potion"},{"floor":7,"key":"BlessingOfTheForge"},{"floor":11,"key":"Adrenaline Potion"}],"is_trial":true,"path_per_floor":["M","M","?","M","?","R","E","$","T","WH","M","E"],"character_chosen":"PRAEFECT","items_purchased":["rmod:firesupport"],"campfire_rested":0,"item_purchase_floors":[8],"current_hp_per_floor":[75,75,60,54,54,54,36,36,36,36,19,0,0],"gold":163,"neow_bonus":"","is_daily":false,"chose_seed":false,"campfire_upgraded":1,"win_rate":0.0,"timestamp":1607803576,"path_taken":["M","M","?","M","?","R","E","$","T","WH","?","?"],"items_purchased_type":["Card"],"build_version":"2020-11-30","purchased_purges":1,"victory":false,"max_hp_per_floor":[75,75,75,75,75,75,75,75,75,75,75,75,75],"card_choices":[{"not_picked":["rmod:diamondstrike","rmod:steelsupply"],"picked":"rmod:aviationdawn","floor":0},{"not_picked":["rmod:highspeedshooting","rmod:mineteam"],"picked":"rmod:combined","floor":0},{"not_picked":["rmod:capitalist","rmod:royalracing"],"picked":"rmod:supportescort","floor":0},{"not_picked":["rmod:fletcherpendant","rmod:combined"],"picked":"rmod:diaomin","floor":0},{"not_picked":["rmod:supportescort","rmod:ammunitionsupply"],"picked":"rmod:fuelsupply","floor":0},{"not_picked":["rmod:smokecover","rmod:aluminumsupply"],"picked":"rmod:fuelsupply","floor":0},{"not_picked":["rmod:firesupport","rmod:wife"],"picked":"rmod:steelsupply","floor":0},{"not_picked":["rmod:chargemoney","rmod:luckystar"],"picked":"rmod:circuitoustactics","floor":0},{"not_picked":["rmod:unsinkable","rmod:circuitoustactics"],"picked":"rmod:aviationdawn","floor":0},{"not_picked":["rmod:expedition","rmod:intelligenceanalysis"],"picked":"rmod:robin","floor":0},{"not_picked":["rmod:firesupport","rmod:fuelsupply"],"picked":"rmod:robin","floor":0},{"not_picked":["rmod:slowdown","rmod:guardianhero"],"picked":"rmod:circuitoustactics","floor":0},{"not_picked":["rmod:intelligenceanalysis","rmod:diamondstrike"],"picked":"rmod:steelsupply","floor":0},{"not_picked":["rmod:supportescort","rmod:aluminumsupply"],"picked":"rmod:overbreakdown","floor":0},{"not_picked":["rmod:highspeedshooting","rmod:concentratefire"],"picked":"rmod:aluminumsupply","floor":0},{"not_picked":["rmod:chargemoney","rmod:heivgo"],"picked":"rmod:aluminumsupply","floor":1},{"not_picked":["rmod:tearstotiara","rmod:ammunitionsupply"],"picked":"rmod:firesupport","floor":2},{"not_picked":["rmod:diamondstrike","rmod:combined"],"picked":"rmod:victimresponsibility","floor":4},{"not_picked":["rmod:overbreakdown","rmod:firesupport"],"picked":"rmod:supportaircraftcarrier","floor":7},{"not_picked":["rmod:desperatesituation","rmod:circuitoustactics"],"picked":"rmod:garrisonisland+1","floor":11}],"player_experience":490850,"relics_obtained":[{"floor":7,"key":"Centennial Puzzle"},{"floor":9,"key":"Molten Egg 2"}],"event_choices":[{"damage_healed":0,"gold_gain":0,"player_choice":"Entered Light","damage_taken":15,"max_hp_gain":0,"max_hp_loss":0,"event_name":"Shining Light","floor":3,"gold_loss":0,"cards_upgraded":["rmod:steelsupply","rmod:circuitoustactics"]},{"damage_healed":0,"gold_gain":0,"player_choice":"Box","damage_taken":0,"relics_obtained":["PreservedInsect"],"max_hp_gain":0,"max_hp_loss":0,"event_name":"Big Fish","floor":5,"gold_loss":0,"cards_obtained":["Regret"]}],"is_beta":false,"boss_relics":[],"items_purged_floors":[8],"is_endless":true,"potions_floor_spawned":[4,7,11],"killed_by":"Lagavulin","ascension_level":0}}