{"host":"f6tqpspb2ou2a4h5","time":1607776446,"event":{"mods":["2.2 Compatiblity","Ascension Unlocker","BaseMod","Colored Map","DeckTracker","Hermit","Highlight Path","KOR Keyword Fix","Keyboard Shortcuts","Minty Spire (QoL Compilation)","Permanent Neow","Quick Restart","Random Character Button","StSLib","SuperFastMode","The Poker Player","everything is the same but u backflip on backflip"],"gold_per_floor":[362,1,1,1,13,29,54,73,73,73,83,96,125,125,125,199,199,216,235,235,235],"floor_reached":20,"playtime":946,"items_purged":["Strike_G"],"score":363,"play_id":"8b8982c1-4fae-48da-af94-dd5b81b7e3f5","local_time":"20201212213406","is_ascension_mode":true,"campfire_choices":[{"data":"Crippling Poison","floor":10.0,"key":"SMITH"},{"data":"Neutralize","floor":15.0,"key":"SMITH"}],"circlet_count":0,"master_deck":["AscendersBane","Strike_G","Strike_G","Strike_G","Defend_G","Defend_G","Defend_G","Defend_G","Defend_G","Survivor","Neutralize+1","Blade Dance","Quick Slash","Crippling Poison+1","Malaise","Dash","Backstab","Acrobatics","Outmaneuver","Bane","Night Terror","Dagger Throw"],"relics":["Ring of the Snake","Kunai","Eternal Feather","Lizard Tail","Calipers","WristBlade"],"acts_visited":["Exordium","TheCity"],"potions_floor_usage":[16,16,20],"damage_taken":[{"damage":0.0,"enemies":"2 Louse","floor":1.0,"turns":3.0},{"damage":0.0,"enemies":"Jaw Worm","floor":5.0,"turns":4.0},{"damage":0.0,"enemies":"Small Slimes","floor":6.0,"turns":2.0},{"damage":1.0,"enemies":"3 Sentries","floor":7.0,"turns":8.0},{"damage":3.0,"enemies":"Gremlin Gang","floor":8.0,"turns":4.0},{"damage":4.0,"enemies":"Large Slime","floor":11.0,"turns":8.0},{"damage":0.0,"enemies":"2 Fungi Beasts","floor":12.0,"turns":4.0},{"damage":26.0,"enemies":"Lagavulin","floor":13.0,"turns":9.0},{"damage":56,"enemies":"Slime Boss","floor":16,"turns":13},{"damage":21,"enemies":"Shell Parasite","floor":18,"turns":6},{"damage":28,"enemies":"Spheric Guardian","floor":19,"turns":6},{"damage":10,"enemies":"Cultist and Chosen","floor":20,"turns":4}],"seed_played":"-966106779175187311","potions_obtained":[{"floor":5.0,"key":"Weak Potion"},{"floor":6.0,"key":"AttackPotion"},{"floor":11.0,"key":"PowerPotion"},{"floor":13.0,"key":"Strength Potion"},{"floor":19,"key":"Poison Potion"}],"is_trial":false,"path_per_floor":["M","$","?","?","M","M","E","M","T","R","M","M","E","?","R","B",null,"M","M","M"],"character_chosen":"THE_SILENT","items_purchased":["Kunai"],"campfire_rested":0,"item_purchase_floors":[2],"current_hp_per_floor":[59,59,64,64,64,64,63,60,60,65,61,61,35,35,47,29,56,35,7,0,0],"gold":235,"neow_bonus":"TWO_FIFTY_GOLD","is_daily":false,"chose_seed":false,"campfire_upgraded":2,"win_rate":0.0,"timestamp":1607776446,"path_taken":["M","$","?","?","M","M","E","?","T","R","M","M","E","?","R","BOSS","M","?","M"],"items_purchased_type":["Relic"],"build_version":"2020-11-30","purchased_purges":1,"victory":false,"max_hp_per_floor":[60,60,65,65,65,65,65,65,65,65,65,65,65,65,65,65,65,65,65,65,65],"card_choices":[{"not_picked":["Deflect","Riddle With Holes"],"picked":"Blade Dance","floor":1.0},{"not_picked":["Underhanded Strike","Slice"],"picked":"Quick Slash","floor":5.0},{"not_picked":["Underhanded Strike","Skewer"],"picked":"Crippling Poison","floor":6.0},{"not_picked":["Quick Slash","Prepared"],"picked":"Malaise","floor":7.0},{"not_picked":["Escape Plan","Blur"],"picked":"Dash","floor":8.0},{"not_picked":["PiercingWail","Backflip"],"picked":"Backstab","floor":11.0},{"not_picked":["Underhanded Strike","Outmaneuver"],"picked":"Acrobatics","floor":12.0},{"not_picked":["Prepared","PiercingWail"],"picked":"Outmaneuver","floor":13.0},{"not_picked":["Corpse Explosion","Storm of Steel"],"picked":"Night Terror","floor":16},{"not_picked":["Noxious Fumes","Calculated Gamble"],"picked":"Dagger Throw","floor":18},{"not_picked":["Sucker Punch+1","Crippling Poison","Outmaneuver"],"picked":"SKIP","floor":19}],"player_experience":4811,"relics_obtained":[{"floor":7.0,"key":"Eternal Feather"},{"floor":9.0,"key":"Lizard Tail"},{"floor":13.0,"key":"Calipers"}],"event_choices":[{"damage_healed":0.0,"max_hp_gain":5.0,"max_hp_loss":0.0,"gold_gain":0.0,"event_name":"Big Fish","player_choice":"Donut","floor":3.0,"gold_loss":0.0,"damage_taken":0.0},{"damage_healed":0.0,"max_hp_gain":0.0,"max_hp_loss":0.0,"gold_gain":0.0,"event_name":"Liars Game","player_choice":"Ignored","floor":4.0,"gold_loss":0.0,"damage_taken":0.0},{"damage_healed":0.0,"max_hp_gain":0.0,"max_hp_loss":0.0,"gold_gain":0.0,"cards_transformed":["Strike_G"],"event_name":"Transmorgrifier","player_choice":"Transformed","floor":14.0,"gold_loss":0.0,"damage_taken":0.0,"cards_obtained":["Bane"]}],"is_beta":false,"boss_relics":[{"not_picked":["Tiny House","SlaversCollar"],"picked":"WristBlade"}],"items_purged_floors":[2],"is_endless":false,"potions_floor_spawned":[5,6,11,12,13,19],"killed_by":"Cultist and Chosen","ascension_level":19}}