{"host":"i0s8vbixp24k5aul","time":1607780981,"event":{"mods":["2.2 Compatiblity","Act Like it!","Aspiration","Bard","BaseMod","Better Note","Better Third Choice","Better Vampires","Colorless Booster Pack","Displayed Cursed Tome","Dota2Spire","GifTheSpireLib","Halation","Jedi Mod","Minty Spire (QoL Compilation)","Optimize The Spire","Potionbrewer","Random Character Mod","Shade Mod","StSLib","Stuff the Spire","The Bug Knight","The Construct","The Cursed","The Disciple","TheHero","TheWitcher","vexMod","??????REMEMod"],"gold_per_floor":[112,112,112,128,147,174,174,174,198,198,214,214,183,204,204,340,340,364,383,383,383,406,445,459,459,459,477,520,111,111,130,130,259,259,277,290,305,149,213,249,249,249,276,276,291,315,311,374,374,374,374,374,8,52,52,52],"floor_reached":55,"playtime":4550,"items_purged":["Injury"],"score":764,"play_id":"a0540f5c-e7d2-4482-8617-f527338b6bc9","local_time":"20201212164941","is_ascension_mode":false,"campfire_choices":[{"data":"Shade:AncientSpear","floor":7.0,"key":"SMITH"},{"data":"Shade:DangerousRitual","floor":8.0,"key":"SMITH"},{"data":"Shade:Carnophage","floor":10.0,"key":"SMITH"},{"data":"Shade:AnimateDead","floor":15.0,"key":"SMITH"},{"floor":25,"key":"REST"},{"floor":32,"key":"RECALL"},{"floor":42,"key":"REST"},{"floor":44,"key":"REST"},{"floor":49,"key":"REST"},{"floor":52,"key":"REST"}],"circlet_count":0,"master_deck":["Shade:Strike_Shade","Shade:Strike_Shade","Shade:Strike_Shade+1","Shade:Strike_Shade+1","Shade:Defend_Shade","Shade:Defend_Shade","Shade:Defend_Shade","Shade:Defend_Shade","Shade:AnimateDead+1","Shade:CarefulCut","Shade:AncientSpear+1","Shade:Patience","Shade:Carnophage+1","Shade:ScuttlingHand","Shade:DangerousRitual+1","Shade:CommandSoldier","Shade:AblativeArmor","Shade:Consume","Shade:RitualOffering+1","Shade:FingerOfDeath","Apotheosis","Shade:CallWraith","Shade:FleshOffering","Shade:Bite_Shade","Shade:ClawBack","Shade:SpectralStrikes","CBP: UltraDivineWater","Shade:ScuttlingHand","Shade:CallOfTheGrave","Shade:CallWraith","Shade:Putrefaction","Shade:Trample","Shade:FuneraryArmor+1","Shade:SpectralStrikes+1","Shade:SoulPierce","Shade:FuneraryJewels+1","Shade:ExtraLimbs+1","Shade:SpontaneousRitual+1","Shade:GreyBargain+1","Shade:Asphyxiate+1","Shade:FuneraryJewels","Mayhem","Shade:SpectralStrikes","Shade:FleshOffering"],"relics":["Shade:YorickSkull","REME_ComplimentaryCards","NeowsBlessing","REME_PuzzleBoxRelic","Whetstone","Golden Idol","betterThird:SlimedRelic","Fusion Hammer","InkBottle","Nunchaku","Dota2Spire:MagicBottle","vexMod:MemoryStick","aspiration:SecretTechniqueScroll","Dead Branch","HollowMod:LifeEnderRelic","aspiration:SneckoTail","aspiration:SeaSaltIceCream","Dead Branch"],"acts_visited":["Exordium","TheCity","TheBeyond","TheEnding"],"potions_floor_usage":[18,23,28,35,50,50,54,55],"damage_taken":[{"damage":0.0,"enemies":"2 Louse","floor":1.0,"turns":2.0},{"damage":0.0,"enemies":"Small Slimes","floor":4.0,"turns":1.0},{"damage":0.0,"enemies":"Jaw Worm","floor":5.0,"turns":1.0},{"damage":0.0,"enemies":"HollowMod:MossKnight","floor":6.0,"turns":4.0},{"damage":0.0,"enemies":"Looter","floor":11.0,"turns":2.0},{"damage":0.0,"enemies":"2 Fungi Beasts","floor":14.0,"turns":2.0},{"damage":26.0,"enemies":"The Guardian","floor":16.0,"turns":14.0},{"damage":0,"enemies":"Shell Parasite","floor":18,"turns":2},{"damage":0,"enemies":"3 Byrds","floor":19,"turns":3},{"damage":1,"enemies":"Cultist and Chosen","floor":22,"turns":5},{"damage":11,"enemies":"HollowMod:Nosk","floor":23,"turns":5},{"damage":1,"enemies":"Chosen and Byrds","floor":24,"turns":3},{"damage":5,"enemies":"Shelled Parasite and Fungi","floor":27,"turns":4},{"damage":14,"enemies":"REME_1_Revenger","floor":28,"turns":6},{"damage":0,"enemies":"Snecko","floor":31,"turns":2},{"damage":13,"enemies":"Automaton","floor":33,"turns":8},{"damage":2,"enemies":"Orb Walker","floor":35,"turns":3},{"damage":0,"enemies":"3 Shapes","floor":36,"turns":2},{"damage":4,"enemies":"Maw","floor":37,"turns":6},{"damage":11,"enemies":"2 Orb Walkers","floor":39,"turns":4},{"damage":39,"enemies":"Reptomancer","floor":40,"turns":6},{"damage":6,"enemies":"3 Darklings","floor":45,"turns":2},{"damage":5,"enemies":"Transient","floor":46,"turns":5},{"damage":1,"enemies":"Spire Growth","floor":47,"turns":3},{"damage":0,"enemies":"Mind Bloom Boss Battle","floor":48,"turns":4},{"damage":23,"enemies":"Awakened One","floor":50,"turns":4},{"damage":36,"enemies":"Shield and Spear","floor":54,"turns":6},{"damage":54,"enemies":"The Heart","floor":55,"turns":8}],"seed_played":"4149354750643374864","potions_obtained":[{"floor":5.0,"key":"AttackPotion"},{"floor":6.0,"key":"jedi:wingpotion"},{"floor":14.0,"key":"Fire Potion"},{"floor":16.0,"key":"jedi:mysterypotion"},{"floor":19,"key":"Energy Potion"},{"floor":27,"key":"potionbrewer:DiscountPotion"},{"floor":31,"key":"jedi:StrikingPotion"},{"floor":33,"key":"potionbrewer:CleansingPotion"},{"floor":39,"key":"jedi:mysterypotion"},{"floor":40,"key":"Energy Potion"},{"floor":45,"key":"LiquidMemories"}],"is_trial":false,"path_per_floor":["M","?","?","M","M","E","R","R","T","R","M","?","?","M","R","B",null,"M","M","?","T","M","E","M","R","T","M","E","$","?","M","R","B",null,"M","M","M","$","?","E","?","R","T","R","M","M","M","?","R","B",null,"R","$","E","B"],"character_chosen":"SHADE","items_purchased":["CBP: UltraDivineWater","Shade:ScuttlingHand","Shade:CallOfTheGrave","Shade:SoulPierce","Mayhem","Shade:SpectralStrikes","DistilledChaos","SpeedPotion"],"campfire_rested":5,"item_purchase_floors":[29,29,29,38,53,53,53,53],"current_hp_per_floor":[65,65,70,70,70,70,70,70,70,70,70,70,59,59,59,37,70,70,70,70,70,69,58,57,70,70,65,56,56,63,63,63,70,70,68,70,66,66,55,18,70,70,70,70,64,61,60,60,70,52,72,72,72,39,0,0],"gold":52,"neow_bonus":"THREE_ENEMY_KILL","is_daily":false,"chose_seed":false,"campfire_upgraded":4,"win_rate":0.0,"timestamp":1607780981,"path_taken":["M","?","?","M","?","E","R","R","T","R","M","?","?","M","R","BOSS","M","M","?","?","M","E","M","R","T","?","E","$","?","M","R","BOSS","M","M","M","$","?","E","?","R","T","R","?","M","M","?","R","BOSS","R","$","E","BOSS"],"items_purchased_type":["Card","Card","Card","Card","Card","Card","Potion","Potion"],"build_version":"2020-11-30","purchased_purges":1,"victory":false,"max_hp_per_floor":[65,65,70,70,70,70,70,70,70,70,70,70,70,70,70,70,70,70,70,70,70,70,70,70,70,70,70,70,70,70,70,70,70,70,70,70,70,70,70,70,70,70,70,70,70,70,70,70,70,72,72,72,72,72,72,72],"card_choices":[{"not_picked":["Shade:FreshBones","Shade:FuneraryArmor"],"picked":"Shade:AncientSpear","floor":1.0},{"not_picked":["Shade:ExtraLimbs","Shade:GraveStillness"],"picked":"Shade:Carnophage","floor":4.0},{"not_picked":["Shade:SensePrey","Shade:ExtraLimbs"],"picked":"Shade:ScuttlingHand","floor":5.0},{"not_picked":["Shade:AncientSpear","Shade:SensePrey"],"picked":"Shade:DangerousRitual","floor":6.0},{"not_picked":["Shade:Carnophage","Shade:FuneraryArmor"],"picked":"Shade:CommandSoldier","floor":11.0},{"not_picked":["Shade:Patience","Shade:ScuttlingHand"],"picked":"Shade:AblativeArmor","floor":14.0},{"not_picked":["Shade:OminousRitual","Shade:MadHubris"],"picked":"Shade:Consume","floor":16.0},{"not_picked":["Shade:Trample","Shade:FeralStrike+1"],"picked":"Shade:RitualOffering+1","floor":18},{"not_picked":["Shade:SkeletonHug","Shade:FeralStrike"],"picked":"Shade:FingerOfDeath","floor":19},{"not_picked":["Shade:Excise","Shade:Haruspicy"],"picked":"Shade:CallWraith","floor":22},{"not_picked":["Shade:Patience","Shade:SpontaneousRitual"],"picked":"Shade:FleshOffering","floor":23},{"not_picked":["Shade:Doomsay","Shade:GoDigging+1"],"picked":"Shade:Bite_Shade","floor":24},{"not_picked":["Shade:FuneraryArmor","Shade:LoseControl"],"picked":"Shade:ClawBack","floor":27},{"not_picked":["Shade:WallOfFlesh","Shade:LichForm"],"picked":"Shade:SpectralStrikes","floor":28},{"not_picked":["Shade:CommandSoldier","Shade:LyeBath+1"],"picked":"Shade:CallWraith","floor":31},{"not_picked":["Shade:LoseControl","Shade:DarkOfNight"],"picked":"Shade:Putrefaction","floor":33},{"not_picked":["Shade:Brains","Shade:GraveStillness+1"],"picked":"Shade:Trample","floor":35},{"not_picked":["Shade:FreshBones+1","Shade:WallOfFlesh+1"],"picked":"Shade:FuneraryArmor+1","floor":36},{"not_picked":["Shade:Frenzy+1","Shade:Bonestorm"],"picked":"Shade:SpectralStrikes+1","floor":37},{"not_picked":["Shade:FingerOfDeath+1","Shade:SensePrey+1"],"picked":"Shade:FuneraryJewels+1","floor":39},{"not_picked":["Shade:Premonition","Shade:Bonestorm+1"],"picked":"Shade:ExtraLimbs+1","floor":40},{"not_picked":["Shade:SelfBurial","Shade:SpectralStrikes"],"picked":"Shade:SpontaneousRitual+1","floor":45},{"not_picked":["Shade:Trample","Shade:ClawBack"],"picked":"Shade:GreyBargain+1","floor":46},{"not_picked":["Shade:Doomsay+1","Shade:FeralStrike+1"],"picked":"Shade:Asphyxiate+1","floor":47},{"not_picked":["Shade:PoundOfFlesh+1","Shade:FreshBones"],"picked":"Shade:FuneraryJewels","floor":48},{"not_picked":["Shade:OneIsEnough","Shade:Premonition"],"picked":"Shade:FleshOffering","floor":54}],"player_experience":878720,"relics_obtained":[{"floor":6.0,"key":"REME_PuzzleBoxRelic"},{"floor":9.0,"key":"Whetstone"},{"floor":21,"key":"InkBottle"},{"floor":23,"key":"Nunchaku"},{"floor":26,"key":"Dota2Spire:MagicBottle"},{"floor":28,"key":"vexMod:MemoryStick"},{"floor":39,"key":"Dead Branch"},{"floor":40,"key":"HollowMod:LifeEnderRelic"},{"floor":48,"key":"aspiration:SneckoTail"},{"floor":54,"key":"aspiration:SeaSaltIceCream"}],"event_choices":[{"damage_healed":0.0,"max_hp_gain":0.0,"max_hp_loss":0.0,"gold_gain":0.0,"event_name":"The Cleric","player_choice":"Leave","floor":2.0,"gold_loss":0.0,"damage_taken":0.0},{"damage_healed":0.0,"max_hp_gain":5.0,"max_hp_loss":0.0,"gold_gain":0.0,"event_name":"Big Fish","player_choice":"Donut","floor":3.0,"gold_loss":0.0,"damage_taken":0.0},{"damage_healed":0.0,"max_hp_gain":0.0,"max_hp_loss":0.0,"gold_gain":0.0,"event_name":"Golden Idol","player_choice":"Take Wound","floor":12.0,"gold_loss":0.0,"damage_taken":0.0,"relics_obtained":["Golden Idol"],"cards_obtained":["Injury"]},{"damage_healed":0.0,"max_hp_gain":0.0,"max_hp_loss":0.0,"gold_gain":0.0,"event_name":"betterThird:BetterGoop","player_choice":"Slimed","floor":13.0,"gold_loss":31.0,"damage_taken":11.0},{"damage_healed":0,"gold_gain":0,"player_choice":"Take","damage_taken":0,"max_hp_gain":0,"max_hp_loss":0,"event_name":"betterNote:BetterNote","floor":20,"gold_loss":0,"cards_obtained":["Apotheosis"]},{"damage_healed":0,"gold_gain":0,"player_choice":"Fight","damage_taken":0,"max_hp_gain":0,"max_hp_loss":0,"event_name":"Mysterious Sphere","floor":39,"gold_loss":0},{"damage_healed":52,"gold_gain":0,"player_choice":"Full Heal","damage_taken":0,"max_hp_gain":0,"max_hp_loss":0,"event_name":"Wheel of Change","floor":41,"gold_loss":0},{"damage_healed":0,"gold_gain":0,"player_choice":"Fight","damage_taken":0,"max_hp_gain":0,"max_hp_loss":0,"event_name":"MindBloom","floor":48,"gold_loss":0}],"is_beta":false,"boss_relics":[{"not_picked":["Coffee Dripper","StuffTheSpire:RunicHypercube"],"picked":"Fusion Hammer"},{"not_picked":["halation:PlatinumPhoenix","potionbrewer:BhaskarasWheel"],"picked":"aspiration:SecretTechniqueScroll"}],"items_purged_floors":[29],"is_endless":false,"potions_floor_spawned":[5,6,14,16,19,27,31,33,39,40,45,47],"killed_by":"The Heart","ascension_level":0}}