{"host":"8dhn6p16jorj0i1s","time":1607736241,"event":{"mods":["BaseMod","Colored Map","Minty Spire (QoL Compilation)","Permanent Neow","Quick Restart"],"gold_per_floor":[111,111,36,48,223,255,255,78,101,101,101,74,118,118,118,238,238,254,53,77,101,122,122,160,160,184,198,198,218,241,241,241,371,371,396,246,246,264,63,97,97,135,210,241,304,340,363,381,381,381,381,381,35,66,66],"floor_reached":56,"playtime":4303,"items_purged":["Strike_G","Doubt","Defend_G","Strike_G","Strike_G+1","Defend_G"],"score":1468,"play_id":"48019102-6d66-47a8-959d-ad3ebfd9fea3","local_time":"20201212022401","is_ascension_mode":true,"campfire_choices":[{"floor":7.0,"key":"RECALL"},{"data":"Infinite Blades","floor":11.0,"key":"SMITH"},{"data":"Blade Dance","floor":15.0,"key":"SMITH"},{"data":"Accuracy","floor":23.0,"key":"SMITH"},{"data":"Infinite Blades","floor":25.0,"key":"SMITH"},{"floor":28.0,"key":"REST"},{"floor":32.0,"key":"REST"},{"data":"Blade Dance","floor":41.0,"key":"SMITH"},{"floor":49,"key":"DIG"},{"floor":52,"key":"DIG"}],"circlet_count":0,"master_deck":["Defend_G","Defend_G","Defend_G","Survivor","Neutralize+1","Outmaneuver","Infinite Blades+1","Blade Dance+1","Blade Dance+1","Envenom","Infinite Blades+1","Accuracy+1","Calculated Gamble+1","Secret Technique","Outmaneuver+1","Dodge and Roll","Finisher","Accuracy+1"],"relics":["Ring of the Snake","NeowsBlessing","Kunai","Golden Idol","Whetstone","WristBlade","White Beast Statue","PreservedInsect","Bag of Marbles","Black Star","Bronze Scales","Dream Catcher","Shovel","Bottled Lightning","Ninja Scroll","Regal Pillow","Potion Belt","Girya","StoneCalendar","Ornamental Fan","Shuriken","Mummified Hand","Lantern","Nunchaku","Gremlin Horn"],"acts_visited":["Exordium","TheCity","TheBeyond","TheEnding"],"potions_floor_usage":[48,50,50,50,55,55],"damage_taken":[{"damage":0.0,"enemies":"Cultist","floor":1.0,"turns":1.0},{"damage":0.0,"enemies":"Small Slimes","floor":4.0,"turns":2.0},{"damage":0.0,"enemies":"Gremlin Nob","floor":6.0,"turns":1.0},{"damage":7.0,"enemies":"Lagavulin","floor":13.0,"turns":14.0},{"damage":27.0,"enemies":"Slime Boss","floor":16.0,"turns":14.0},{"damage":3.0,"enemies":"Chosen","floor":18.0,"turns":3.0},{"damage":3.0,"enemies":"3 Byrds","floor":20.0,"turns":4.0},{"damage":14.0,"enemies":"Sentry and Sphere","floor":21.0,"turns":5.0},{"damage":18.0,"enemies":"Cultist and Chosen","floor":22.0,"turns":4.0},{"damage":12.0,"enemies":"Book of Stabbing","floor":24.0,"turns":3.0},{"damage":11.0,"enemies":"3 Cultists","floor":27.0,"turns":4.0},{"damage":24.0,"enemies":"Snake Plant","floor":29.0,"turns":3.0},{"damage":9.0,"enemies":"Automaton","floor":33.0,"turns":5.0},{"damage":9.0,"enemies":"3 Darklings","floor":35.0,"turns":4.0},{"damage":8.0,"enemies":"Orb Walker","floor":38.0,"turns":2.0},{"damage":27.0,"enemies":"Reptomancer","floor":40.0,"turns":6.0},{"damage":0.0,"enemies":"Nemesis","floor":42.0,"turns":3.0},{"damage":1.0,"enemies":"Giant Head","floor":44.0,"turns":6.0},{"damage":0.0,"enemies":"Mind Bloom Boss Battle","floor":45.0,"turns":4.0},{"damage":0.0,"enemies":"Reptomancer","floor":46.0,"turns":2.0},{"damage":0.0,"enemies":"3 Darklings","floor":47.0,"turns":2.0},{"damage":0,"enemies":"Sphere and 2 Shapes","floor":48,"turns":4},{"damage":11,"enemies":"Donu and Deca","floor":50,"turns":6},{"damage":10,"enemies":"Shield and Spear","floor":54,"turns":2},{"damage":92,"enemies":"The Heart","floor":55,"turns":6}],"seed_played":"3691763676685666755","potions_obtained":[{"floor":4.0,"key":"Fire Potion"},{"floor":13.0,"key":"SteroidPotion"},{"floor":16.0,"key":"FearPotion"},{"floor":20.0,"key":"AttackPotion"},{"floor":21.0,"key":"FairyPotion"},{"floor":22.0,"key":"BlessingOfTheForge"},{"floor":27.0,"key":"LiquidMemories"},{"floor":29.0,"key":"Fire Potion"},{"floor":33.0,"key":"Fire Potion"},{"floor":35.0,"key":"Dexterity Potion"},{"floor":38.0,"key":"GamblersBrew"},{"floor":40.0,"key":"SpeedPotion"},{"floor":42.0,"key":"Fire Potion"},{"floor":44.0,"key":"Ancient Potion"},{"floor":45.0,"key":"SpeedPotion"},{"floor":46.0,"key":"Energy Potion"},{"floor":47.0,"key":"CunningPotion"},{"floor":48,"key":"FearPotion"},{"floor":54,"key":"FearPotion"}],"is_trial":false,"path_per_floor":["M","?","$","M","?","E","R","$","T","?","R","$","E","?","R","B",null,"M","$","M","M","M","R","E","R","T","M","R","M","T","?","R","B",null,"M","$","?","M","$","E","R","E","T","E","?","E","M","M","R","B",null,"R","$","E","B",null],"character_chosen":"THE_SILENT","items_purchased":["Infinite Blades","Blade Dance","Infinite Blades","Dodge and Roll","Lantern"],"campfire_rested":2,"item_purchase_floors":[8,12,19,39,53],"current_hp_per_floor":[70,70,70,70,70,70,70,70,70,53,53,53,46,46,46,19,70,67,67,64,50,32,32,20,20,20,9,30,6,6,6,27,18,70,61,61,61,53,53,26,26,26,26,25,25,25,25,25,25,14,70,70,70,60,19],"gold":66,"neow_bonus":"THREE_ENEMY_KILL","is_daily":false,"chose_seed":false,"campfire_upgraded":5,"win_rate":0.0,"timestamp":1607736241,"path_taken":["M","?","$","M","?","E","R","?","T","?","R","$","E","?","R","BOSS","M","$","M","M","M","R","E","R","T","M","R","M","?","?","R","BOSS","M","$","?","M","$","E","R","E","T","E","?","E","M","M","R","BOSS","R","$","E","BOSS"],"items_purchased_type":["Card","Card","Card","Card","Relic"],"build_version":"2020-11-30","purchased_purges":6,"victory":true,"max_hp_per_floor":[70,70,70,70,70,70,70,70,70,70,70,70,70,70,70,70,70,70,70,70,70,70,70,70,70,70,70,70,70,70,70,70,70,70,70,70,70,70,70,70,70,70,70,70,70,70,70,70,70,70,70,70,70,70,70],"card_choices":[{"not_picked":["Cloak And Dagger","Quick Slash","Endless Agony"],"picked":"SKIP","floor":1.0},{"not_picked":["Dagger Throw","Backflip","Sucker Punch"],"picked":"SKIP","floor":4.0},{"not_picked":["Eviscerate","Flying Knee","Burst"],"picked":"SKIP","floor":6.0},{"not_picked":["Well Laid Plans","Outmaneuver"],"picked":"Blade Dance","floor":13.0},{"not_picked":["Unload","Venomology"],"picked":"Envenom","floor":16.0},{"not_picked":["Deadly Poison","Footwork","Backflip"],"picked":"SKIP","floor":18.0},{"not_picked":["Blur+1","Blade Dance","Skewer"],"picked":"SKIP","floor":20.0},{"not_picked":["Flechettes+1","Dagger Spray","Acrobatics+1"],"picked":"SKIP","floor":21.0},{"not_picked":["Crippling Poison","Prepared"],"picked":"Accuracy","floor":22.0},{"not_picked":["Bouncing Flask+1","Well Laid Plans+1"],"picked":"Calculated Gamble+1","floor":24.0},{"not_picked":["Dagger Spray","Skewer+1","Underhanded Strike"],"picked":"SKIP","floor":27.0},{"not_picked":["Calculated Gamble","Bullet Time","Underhanded Strike"],"picked":"SKIP","floor":29.0},{"not_picked":["All Out Attack+1","Masterful Stab+1","Quick Slash"],"picked":"SKIP","floor":35.0},{"not_picked":["Finesse","Secret Weapon"],"picked":"Secret Technique","floor":37.0},{"not_picked":["Flying Knee","Expertise+1"],"picked":"Outmaneuver+1","floor":38.0},{"not_picked":["Well Laid Plans+1","Eviscerate","Backflip+1"],"picked":"SKIP","floor":40.0},{"not_picked":["Acrobatics+1","Tactician+1","Doppelganger"],"picked":"SKIP","floor":42.0},{"not_picked":["Noxious Fumes+1","Catalyst+1","Deadly Poison+1"],"picked":"SKIP","floor":44.0},{"not_picked":["Deflect+1","All Out Attack+1"],"picked":"Finisher","floor":45.0},{"not_picked":["Backflip+1","Bane+1","Cloak And Dagger"],"picked":"SKIP","floor":46.0},{"not_picked":["Acrobatics","Dagger Spray"],"picked":"Accuracy+1","floor":47.0},{"not_picked":["Poisoned Stab","Prepared","PiercingWail+1"],"picked":"SKIP","floor":48},{"not_picked":["Distraction+1","Dash+1","All Out Attack+1"],"picked":"SKIP","floor":54}],"player_experience":257804,"relics_obtained":[{"floor":6.0,"key":"Kunai"},{"floor":13.0,"key":"Whetstone"},{"floor":24.0,"key":"White Beast Statue"},{"floor":26.0,"key":"PreservedInsect"},{"floor":30.0,"key":"Bag of Marbles"},{"floor":40.0,"key":"Bronze Scales"},{"floor":40.0,"key":"Dream Catcher"},{"floor":42.0,"key":"Shovel"},{"floor":42.0,"key":"Bottled Lightning"},{"floor":43.0,"key":"Ninja Scroll"},{"floor":44.0,"key":"Regal Pillow"},{"floor":44.0,"key":"Potion Belt"},{"floor":45.0,"key":"Girya"},{"floor":46.0,"key":"StoneCalendar"},{"floor":46.0,"key":"Ornamental Fan"},{"floor":49,"key":"Shuriken"},{"floor":52,"key":"Mummified Hand"},{"floor":54,"key":"Nunchaku"},{"floor":54,"key":"Gremlin Horn"}],"event_choices":[{"damage_healed":0.0,"max_hp_gain":0.0,"max_hp_loss":0.0,"gold_gain":0.0,"cards_transformed":["Strike_G"],"event_name":"Living Wall","player_choice":"Change","floor":2.0,"gold_loss":0.0,"damage_taken":0.0,"cards_obtained":["Outmaneuver"]},{"damage_healed":0.0,"max_hp_gain":0.0,"max_hp_loss":0.0,"gold_gain":175.0,"event_name":"Liars Game","player_choice":"AGREE","floor":5.0,"gold_loss":0.0,"damage_taken":0.0,"cards_obtained":["Doubt"]},{"damage_healed":0.0,"max_hp_gain":0.0,"max_hp_loss":0.0,"gold_gain":0.0,"event_name":"Golden Idol","player_choice":"Take Damage","floor":10.0,"gold_loss":0.0,"damage_taken":17.0,"relics_obtained":["Golden Idol"]},{"damage_healed":0.0,"max_hp_gain":0.0,"max_hp_loss":0.0,"gold_gain":0.0,"event_name":"The Woman in Blue","player_choice":"Bought 0 Potions","floor":14.0,"gold_loss":0.0,"damage_taken":0.0},{"cards_removed":["Strike_G"],"damage_healed":0.0,"max_hp_gain":0.0,"max_hp_loss":0.0,"gold_gain":0.0,"event_name":"Back to Basics","player_choice":"Elegance","floor":31.0,"gold_loss":0.0,"damage_taken":0.0},{"damage_healed":0.0,"max_hp_gain":0.0,"max_hp_loss":0.0,"gold_gain":0.0,"event_name":"SensoryStone","player_choice":"Memory 1","floor":37.0,"gold_loss":0.0,"damage_taken":0.0},{"damage_healed":0.0,"max_hp_gain":0.0,"max_hp_loss":0.0,"gold_gain":0.0,"event_name":"MindBloom","player_choice":"Fight","floor":45.0,"gold_loss":0.0,"damage_taken":0.0}],"is_beta":false,"boss_relics":[{"not_picked":["Empty Cage","Fusion Hammer"],"picked":"WristBlade"},{"not_picked":["SacredBark","SlaversCollar"],"picked":"Black Star"}],"items_purged_floors":[3,8,19,36,39,53],"is_endless":false,"potions_floor_spawned":[4,13,16,20,21,22,27,29,33,35,38,40,42,44,45,46,47,48,54],"ascension_level":2}}