{"host":"i0avyit1s6jb1siw","time":1607767852,"event":{"mods":["BaseMod","DeckTracker","Dota2Spire","Highlight Path","Minty Spire (QoL Compilation)","Quick Restart","Replay The Spire","StSLib","SuperFastMode"],"gold_per_floor":[112,128,138,213,213,213,231,231,256,256,291,319,348,19,19,101,110,130,155,155,155],"floor_reached":20,"playtime":543,"items_purged":[],"score":352,"play_id":"44c56a84-934c-4977-a377-de3c541fda96","local_time":"20201212111052","is_ascension_mode":true,"campfire_choices":[{"data":"Apotheosis","floor":6.0,"key":"SMITH"},{"floor":8.0,"key":"REST"},{"floor":15,"key":"REST"}],"circlet_count":0,"master_deck":["AscendersBane","Strike_G","Strike_G","Strike_G","Strike_G","Strike_G","Defend_G","Defend_G","Defend_G","Defend_G","Defend_G","Survivor","Neutralize","Apotheosis+1","Reflex","Escape Plan","Toxin Wave","Cloak And Dagger","Footwork","Acrobatics","Blade Dance","Burst","CurseOfTheBell","Flechettes","Well Laid Plans"],"relics":["Ring of the Snake","CeramicFish","Pen Nib","FossilizedHelix","Calling Bell","Ancient Tea Set","Meat on the Bone","Shovel"],"acts_visited":["Exordium","TheCity"],"potions_floor_usage":[12,19,20],"damage_taken":[{"damage":0.0,"enemies":"Small Slimes","floor":1.0,"turns":5.0},{"damage":1.0,"enemies":"2 Louse","floor":2.0,"turns":4.0},{"damage":6.0,"enemies":"Cultist","floor":3.0,"turns":4.0},{"damage":3.0,"enemies":"Looter","floor":7.0,"turns":3.0},{"damage":54,"enemies":"Gremlin Nob","floor":11,"turns":5},{"damage":0,"enemies":"3 Louse","floor":12,"turns":3},{"damage":0,"enemies":"Exordium Thugs","floor":13,"turns":5},{"damage":17,"enemies":"Slime Boss","floor":16,"turns":13},{"damage":6,"enemies":"Spheric Guardian","floor":18,"turns":6},{"damage":37,"enemies":"Chosen","floor":19,"turns":8},{"damage":26,"enemies":"3 Cultists","floor":20,"turns":4}],"seed_played":"1102419082156627469","potions_obtained":[{"floor":3.0,"key":"Energy Potion"},{"floor":7.0,"key":"Energy Potion"},{"floor":16,"key":"Weak Potion"},{"floor":18,"key":"Block Potion"},{"floor":19,"key":"Fire Potion"}],"is_trial":false,"path_per_floor":["M","M","M","?","?","R","M","R","T","?","E","M","M","$","R","B",null,"M","M","M"],"character_chosen":"THE_SILENT","items_purchased":["FossilizedHelix"],"campfire_rested":2,"item_purchase_floors":[14],"current_hp_per_floor":[59,58,52,41,41,41,38,56,56,56,2,2,2,2,20,3,46,40,15,0,0],"gold":155,"neow_bonus":"RANDOM_COLORLESS_2","is_daily":false,"chose_seed":false,"campfire_upgraded":1,"win_rate":0.0,"timestamp":1607767852,"path_taken":["M","M","M","?","?","R","?","R","T","?","E","M","M","$","R","BOSS","M","M","M"],"items_purchased_type":["Relic"],"build_version":"2020-11-30","purchased_purges":0,"victory":false,"max_hp_per_floor":[60,60,60,60,60,60,60,60,60,60,60,60,60,60,60,60,60,60,60,60,60],"card_choices":[{"not_picked":["ReplayTheSpireMod:Necrogeddon","Secret Technique"],"picked":"Apotheosis","floor":0.0},{"not_picked":["Sucker Punch","Deadly Poison"],"picked":"Reflex","floor":1.0},{"not_picked":["Bane","Deflect"],"picked":"Escape Plan","floor":2.0},{"not_picked":["Dodge and Roll","Toxin Wave","Replay:Poison Smokescreen"],"picked":"SKIP","floor":3.0},{"not_picked":["Dodge and Roll","Replay:Poison Smokescreen"],"picked":"Toxin Wave","floor":3.0},{"not_picked":["Toxin Wave","Caltrops"],"picked":"Cloak And Dagger","floor":7.0},{"not_picked":["Doppelganger","Underhanded Strike"],"picked":"Footwork","floor":11},{"not_picked":["Deflect","ReplayTheSpireMod:Shiv Toss"],"picked":"Acrobatics","floor":12},{"not_picked":["Heel Hook","Sucker Punch"],"picked":"Blade Dance","floor":13},{"not_picked":["Bullet Time","Unload"],"picked":"Burst","floor":16},{"not_picked":["Deflect+1","Choke"],"picked":"Flechettes","floor":18},{"not_picked":["Acrobatics+1","Cloak And Dagger"],"picked":"Well Laid Plans","floor":19}],"player_experience":2068759,"relics_obtained":[{"floor":9.0,"key":"CeramicFish"},{"floor":11,"key":"Pen Nib"},{"floor":17,"key":"Ancient Tea Set"},{"floor":17,"key":"Meat on the Bone"},{"floor":17,"key":"Shovel"}],"event_choices":[{"damage_healed":0.0,"max_hp_gain":0.0,"max_hp_loss":0.0,"gold_gain":75.0,"event_name":"World of Goop","player_choice":"Gather Gold","floor":4.0,"gold_loss":0.0,"damage_taken":11.0},{"damage_healed":0.0,"max_hp_gain":0.0,"max_hp_loss":0.0,"gold_gain":0.0,"event_name":"Match and Keep!","player_choice":"0 cards matched","floor":5.0,"gold_loss":0.0,"damage_taken":0.0,"cards_obtained":[]},{"damage_healed":0.0,"max_hp_gain":0.0,"max_hp_loss":0.0,"gold_gain":0.0,"event_name":"Dead Adventurer","player_choice":"Searched \u00270\u0027 times","floor":10.0,"gold_loss":0.0,"damage_taken":0.0}],"is_beta":false,"boss_relics":[{"not_picked":["Runic Dome","Black Star"],"picked":"Calling Bell"}],"items_purged_floors":[],"is_endless":false,"potions_floor_spawned":[3,7,16,18,19],"killed_by":"3 Cultists","ascension_level":20}}