{"host":"wghdsg8ym2wc7ov9","time":1607799453,"event":{"mods":["AchievementEnabler","BaseMod","Better Altar","Better Note","Colored Map","Highlight Path","Minty Spire (QoL Compilation)","Random Character Button","Relic Stats","Shop Mod","StSLib"],"gold_per_floor":[144,189,189,214,214,304,349,394,444,444,534,579,9,54,54,354,354,399,3,28,60,105,105,150,240,265,265,265,355,42,132,132,432,432,502,547,592,21,66,66,111,111,136,238,250,307,319,376,388,400],"floor_reached":51,"playtime":9927,"items_purged":[],"score":874,"play_id":"8c9cb9d4-84ce-4f98-b5f3-37d1bb37736d","local_time":"20201212105733","daily_mods":["Chimera","ControlledChaos","Midas"],"is_ascension_mode":false,"campfire_choices":[{"floor":10.0,"key":"REST"},{"floor":15.0,"key":"REST"},{"floor":23.0,"key":"REST"},{"floor":27.0,"key":"REST"},{"floor":32.0,"key":"REST"},{"floor":40,"key":"REST"},{"floor":45,"key":"REST"},{"floor":47,"key":"REST"},{"floor":49,"key":"REST"}],"circlet_count":0,"master_deck":["Bash","Survivor+1","Zap","Eruption","Defend_R","Defend_G","Defend_P","InnerPeace","TalkToTheHand+1","FlurryOfBlows+1","EmptyFist","WindmillStrike","TalkToTheHand","Establishment","Indignation+1","Protect","Perseverance","FollowUp","DevaForm","PathToVictory+1","ReachHeaven","MentalFortress","SashWhip","WheelKick","DeceiveReality","ClearTheMind+1","Tantrum+1","Collect+1","FlurryOfBlows+1","RitualDagger","Wish","Wallop+1","Protect","Secret Weapon","FlurryOfBlows+1","PathToVictory+1","LessonLearned","Nirvana+1","MentalFortress+1","Meditate+1","CutThroughFate+1","Protect+1","Halt+1","Mayhem","LessonLearned","WheelKick","MentalFortress","ClearTheMind+1","FlurryOfBlows","FollowUp+1","Eruption","Vault","FlurryOfBlows","Wallop+1","EmptyBody+1","Parasite","Crescendo","WaveOfTheHand+1"],"relics":["HolyWater","Frozen Eye","Tiny Chest","Dream Catcher","Oddly Smooth Stone","Bag of Preparation","Blood Vial","MerchantsRug","Strange Spoon","MealTicket","Bottled Tornado","Bag of Marbles","Regal Pillow","Orichalcum","Astrolabe","Damaru","DollysMirror","MawBank","PreservedInsect"],"acts_visited":["Exordium","TheCity","TheBeyond"],"potions_floor_usage":[36,41,48,50,50,50],"damage_taken":[{"damage":0.0,"enemies":"Jaw Worm","floor":1.0,"turns":4.0},{"damage":0.0,"enemies":"Small Slimes","floor":2.0,"turns":4.0},{"damage":29.0,"enemies":"3 Sentries","floor":6.0,"turns":7.0},{"damage":1.0,"enemies":"Cultist","floor":7.0,"turns":3.0},{"damage":0.0,"enemies":"Large Slime","floor":8.0,"turns":3.0},{"damage":47.0,"enemies":"Gremlin Nob","floor":11.0,"turns":4.0},{"damage":4.0,"enemies":"Red Slaver","floor":12.0,"turns":2.0},{"damage":15.0,"enemies":"Exordium Wildlife","floor":14.0,"turns":5.0},{"damage":28.0,"enemies":"The Guardian","floor":16.0,"turns":10.0},{"damage":1.0,"enemies":"Spheric Guardian","floor":18.0,"turns":3.0},{"damage":20.0,"enemies":"2 Thieves","floor":21.0,"turns":5.0},{"damage":24.0,"enemies":"Snake Plant","floor":22.0,"turns":6.0},{"damage":5.0,"enemies":"Snecko","floor":24.0,"turns":4.0},{"damage":10.0,"enemies":"Book of Stabbing","floor":25.0,"turns":5.0},{"damage":75.0,"enemies":"Slavers","floor":29.0,"turns":6.0},{"damage":7.0,"enemies":"Gremlin Leader","floor":31.0,"turns":8.0},{"damage":0.0,"enemies":"Collector","floor":33.0,"turns":6.0},{"damage":34.0,"enemies":"3 Darklings","floor":35.0,"turns":6.0},{"damage":8,"enemies":"3 Shapes","floor":36,"turns":5},{"damage":15,"enemies":"Spire Growth","floor":37,"turns":5},{"damage":21,"enemies":"4 Shapes","floor":39,"turns":5},{"damage":0,"enemies":"Maw","floor":41,"turns":7},{"damage":38,"enemies":"Nemesis","floor":44,"turns":7},{"damage":0,"enemies":"Spire Growth","floor":46,"turns":3},{"damage":11,"enemies":"Writhing Mass","floor":48,"turns":8},{"damage":42,"enemies":"Awakened One","floor":50,"turns":10}],"seed_played":"-2740983366772686195","potions_obtained":[{"floor":1.0,"key":"Block Potion"},{"floor":2.0,"key":"Dexterity Potion"},{"floor":5.0,"key":"CultistPotion"},{"floor":8.0,"key":"FearPotion"},{"floor":18.0,"key":"FairyPotion"},{"floor":24.0,"key":"Explosive Potion"},{"floor":29.0,"key":"BlessingOfTheForge"},{"floor":31.0,"key":"Explosive Potion"},{"floor":33.0,"key":"StancePotion"},{"floor":35.0,"key":"Ancient Potion"},{"floor":37,"key":"Energy Potion"},{"floor":44,"key":"Weak Potion"},{"floor":46,"key":"SteroidPotion"},{"floor":48,"key":"StancePotion"}],"is_trial":false,"path_per_floor":["M","M","?","T","?","E","M","M","T","R","E","M","$","M","R","B",null,"M","$","T","M","M","R","M","E","T","R","?","E","$","E","R","B",null,"M","M","M","$","M","R","M","?","T","E","R","M","R","M","R","B",null],"character_chosen":"WATCHER","items_purchased":["Blood Vial","MerchantsRug","Strange Spoon","MealTicket","Protect","Bottled Tornado","ReachHeaven","MentalFortress","SashWhip","Wallop","Protect","SmokeBomb","Secret Weapon","Damaru","Mayhem","DollysMirror","WheelKick","MentalFortress"],"campfire_rested":9,"item_purchase_floors":[13,13,13,13,13,19,19,19,19,30,30,30,30,38,38,38,38,38],"current_hp_per_floor":[72,72,69,69,69,47,46,46,46,69,22,18,18,5,28,2,79,78,79,79,59,37,60,57,49,49,72,66,16,31,26,64,66,79,45,39,26,41,22,60,62,62,62,26,64,66,79,68,79,37],"gold":412,"neow_bonus":"","is_daily":true,"chose_seed":false,"campfire_upgraded":0,"win_rate":0.0,"timestamp":1607799453,"path_taken":["M","M","?","?","?","E","M","?","T","R","E","M","$","M","R","BOSS","M","$","?","?","M","R","M","E","T","R","?","E","$","E","R","BOSS","M","M","M","$","M","R","M","?","T","E","R","M","R","M","R","BOSS"],"items_purchased_type":["Relic","Relic","Relic","Relic","Card","Relic","Card","Card","Card","Card","Card","Potion","Card","Relic","Card","Relic","Card","Card"],"build_version":"2020-11-30","purchased_purges":0,"victory":true,"max_hp_per_floor":[72,72,72,72,72,79,79,79,79,79,79,79,79,79,79,79,79,79,79,79,79,79,79,79,79,79,79,79,79,79,79,79,79,79,79,79,79,79,79,79,79,79,79,79,79,79,79,79,79,79],"relic_stats":{"Regal Pillow":45,"counters":[26,141],"Astrolabe":["Nirvana","MentalFortress","Meditate"],"PreservedInsect":0,"Bag of Preparation":[40],"Orichalcum":[42],"MawBank":96,"Blood Vial":28,"Strange Spoon":[74],"Dream Catcher":9,"Tiny Chest":1,"MealTicket":31,"obtain_stats":[{"MerchantsRug":13,"Regal Pillow":29,"Astrolabe":34,"Oddly Smooth Stone":9,"Damaru":38,"PreservedInsect":44,"Bag of Preparation":11,"Whetstone":26,"Bottled Tornado":19,"Orichalcum":31,"Smiling Mask":20,"MawBank":43,"Blood Vial":13,"Frozen Eye":0,"Strange Spoon":13,"Dream Catcher":4,"DollysMirror":38,"Strawberry":6,"HolyWater":17,"Tiny Chest":3,"MealTicket":13,"Bag of Marbles":25,"PureWater":0},{"MerchantsRug":7,"Regal Pillow":15,"Astrolabe":17,"Oddly Smooth Stone":5,"Damaru":20,"PreservedInsect":23,"Bag of Preparation":6,"Whetstone":14,"Bottled Tornado":10,"Orichalcum":16,"Smiling Mask":10,"MawBank":22,"Blood Vial":7,"Frozen Eye":0,"Strange Spoon":7,"Dream Catcher":2,"DollysMirror":20,"Strawberry":3,"HolyWater":9,"Tiny Chest":2,"MealTicket":7,"Bag of Marbles":14,"PureWater":0},{"MerchantsRug":27,"Regal Pillow":71,"Astrolabe":85,"Oddly Smooth Stone":21,"Damaru":101,"PreservedInsect":120,"Bag of Preparation":25,"Whetstone":65,"Bottled Tornado":45,"Orichalcum":79,"Smiling Mask":45,"MawBank":113,"Blood Vial":27,"Frozen Eye":0,"Strange Spoon":27,"Dream Catcher":8,"DollysMirror":101,"Strawberry":15,"HolyWater":42,"Tiny Chest":8,"MealTicket":27,"Bag of Marbles":65,"PureWater":0}]},"card_choices":[{"not_picked":["FlyingSleeves","Perseverance"],"picked":"InnerPeace","floor":1.0},{"not_picked":["WheelKick","Crescendo"],"picked":"TalkToTheHand","floor":2.0},{"not_picked":["EmptyFist","BowlingBash"],"picked":"FlurryOfBlows","floor":6.0},{"not_picked":["Pray","FearNoEvil"],"picked":"EmptyFist","floor":7.0},{"not_picked":["ThirdEye","JustLucky"],"picked":"WindmillStrike","floor":8.0},{"not_picked":["WindmillStrike","ThirdEye"],"picked":"TalkToTheHand","floor":10.0},{"not_picked":["Pray","CutThroughFate"],"picked":"Establishment","floor":11.0},{"not_picked":["Collect","InnerPeace"],"picked":"Indignation","floor":12.0},{"not_picked":["FlyingSleeves","FollowUp"],"picked":"Perseverance","floor":14.0},{"not_picked":["Crescendo","Pray"],"picked":"FollowUp","floor":15.0},{"not_picked":["Scrawl","Ragnarok"],"picked":"DevaForm","floor":16.0},{"not_picked":["SashWhip+1","Weave"],"picked":"PathToVictory+1","floor":18.0},{"not_picked":["Halt","Evaluate"],"picked":"WheelKick","floor":21.0},{"not_picked":["MentalFortress","FlyingSleeves"],"picked":"DeceiveReality","floor":22.0},{"not_picked":["JustLucky","ThirdEye"],"picked":"ClearTheMind","floor":23.0},{"not_picked":["WreathOfFlame+1","Wireheading"],"picked":"Tantrum+1","floor":24.0},{"not_picked":["SignatureMove","ThirdEye"],"picked":"Collect+1","floor":25.0},{"not_picked":["SignatureMove+1","JustLucky"],"picked":"FlurryOfBlows+1","floor":27.0},{"not_picked":["Collect+1","Evaluate"],"picked":"Wish","floor":29.0},{"not_picked":["Weave","Alpha"],"picked":"FlurryOfBlows+1","floor":31.0},{"not_picked":["Indignation+1","Halt"],"picked":"PathToVictory","floor":32.0},{"not_picked":["Vault","Judgement"],"picked":"LessonLearned","floor":33.0},{"not_picked":["Indignation","SashWhip"],"picked":"CutThroughFate+1","floor":35.0},{"not_picked":["PathToVictory","EmptyBody"],"picked":"Protect+1","floor":36},{"not_picked":["Nirvana","CarveReality"],"picked":"Halt+1","floor":37},{"not_picked":["Consecrate","BowlingBash"],"picked":"ClearTheMind+1","floor":39},{"not_picked":["Halt","Prostrate"],"picked":"FlurryOfBlows","floor":40},{"not_picked":["Evaluate","Fasting2"],"picked":"FollowUp+1","floor":41},{"not_picked":["CutThroughFate+1","Evaluate+1"],"picked":"Vault","floor":44},{"not_picked":["SashWhip","Prostrate"],"picked":"FlurryOfBlows","floor":45},{"not_picked":["SandsOfTime+1","WindmillStrike+1"],"picked":"Wallop+1","floor":46},{"not_picked":["FollowUp+1","SashWhip"],"picked":"EmptyBody+1","floor":47},{"not_picked":["Study+1","JustLucky+1"],"picked":"Crescendo","floor":48},{"not_picked":["ClearTheMind","BowlingBash"],"picked":"WaveOfTheHand+1","floor":49}],"player_experience":337393,"relics_obtained":[{"floor":4.0,"key":"Dream Catcher"},{"floor":6.0,"key":"Strawberry"},{"floor":9.0,"key":"Oddly Smooth Stone"},{"floor":11.0,"key":"Bag of Preparation"},{"floor":20.0,"key":"Smiling Mask"},{"floor":25.0,"key":"Bag of Marbles"},{"floor":26.0,"key":"Whetstone"},{"floor":29.0,"key":"Regal Pillow"},{"floor":31.0,"key":"Orichalcum"},{"floor":43,"key":"MawBank"},{"floor":44,"key":"PreservedInsect"}],"event_choices":[{"damage_healed":0.0,"max_hp_gain":0.0,"max_hp_loss":0.0,"gold_gain":0.0,"event_name":"Scrap Ooze","player_choice":"Success","floor":3.0,"gold_loss":0.0,"damage_taken":3.0,"relics_obtained":["Tiny Chest"]},{"damage_healed":0.0,"max_hp_gain":0.0,"max_hp_loss":0.0,"gold_gain":0.0,"event_name":"Lab","player_choice":"Got Potions","floor":5.0,"gold_loss":0.0,"damage_taken":0.0},{"damage_healed":0.0,"max_hp_gain":0.0,"max_hp_loss":0.0,"gold_gain":0.0,"event_name":"Nest","player_choice":"Joined the Cult","floor":28.0,"gold_loss":0.0,"damage_taken":6.0,"cards_obtained":["RitualDagger"]},{"damage_healed":0,"gold_gain":0,"player_choice":"1 cards matched","damage_taken":0,"max_hp_gain":0,"max_hp_loss":0,"event_name":"Match and Keep!","floor":42,"gold_loss":0,"cards_obtained":["Eruption"]}],"is_beta":false,"boss_relics":[{"not_picked":["Snecko Eye","Calling Bell"],"picked":"HolyWater"},{"not_picked":["Runic Pyramid","Philosopher\u0027s Stone"],"picked":"Astrolabe"}],"items_purged_floors":[],"is_endless":false,"potions_floor_spawned":[1,2,8,12,18,24,29,31,33,35,37,44,46,48],"ascension_level":0}}