{"host":"agflykcedf93aoo8","time":1607791273,"event":{"mods":["BaseMod","Hermit","Minty Spire (QoL Compilation)","Replay The Spire","StSLib","Td1madao Mod","The Bug Knight","The Cursed","The Gatherer","The Hierophant","The Jungle","The Runesmith"],"gold_per_floor":[115,40,40,50,131,131,147,179,179,211,211,211,237,256,256,352,352,365,365,365,365,0,10,10,10,39,39,64,80,80,80,93,103,103,204,204,215,0,0,12,12,43,57,7,53,53,3,37,50,50,50,50],"floor_reached":53,"playtime":6122,"items_purged":["HollowMod:NailStrikeStart","HollowMod:QuickDashStart"],"score":751,"play_id":"47f4d8f7-ecd3-44cd-9680-4d7823a91b83","local_time":"20201213014113","is_ascension_mode":false,"campfire_choices":[{"data":"HollowMod:FocusHealStart","floor":6.0,"key":"SMITH"},{"floor":11.0,"key":"REST"},{"floor":15.0,"key":"DIG"},{"data":"HollowMod:ShapeofUnn","floor":25.0,"key":"SMITH"},{"data":"HollowMod:NewInfectedGuardian","floor":31.0,"key":"SMITH"},{"data":"HollowMod:RecoilStrike","floor":34.0,"key":"SMITH"},{"floor":46.0,"key":"REST"},{"floor":51,"key":"REST"}],"circlet_count":0,"master_deck":["HollowMod:NailStrikeStart","HollowMod:NailStrikeStart","HollowMod:QuickDashStart","HollowMod:FocusHealStart+1","HollowMod:PogoStrike","HollowMod:ShapeofUnn+1","HollowMod:DescendingDark+1","HollowMod:RecoilStrike+1","HollowMod:SiblingsShadow","HollowMod:CornifersMapStart+1","HollowMod:LifebloodCore+1","HollowMod:DashSlash","HollowMod:VoidDash+1","HollowMod:CycloneSlash+1","HollowMod:theNailsmith+1","HollowMod:InfectedAttack+1","HollowMod:LifebloodCocoon+1","HollowMod:NewJinnsSoul+1","HollowMod:NewInfectedGuardian+1","Enlightenment+1","HollowMod:NewGlowingWomb+1","Madness+1","Madness+1","HollowMod:HuntersJournal+1","HollowMod:CloakDash+1","HollowMod:RecoilStrike+1"],"relics":["HollowMod:VesselMask","NeowsBlessing","White Beast Statue","Smiling Mask","Toy Ornithopter","Replay:WaspNest","Toxic Egg 2","Divine Protection","Pet Ghost","Empty Cage","HollowMod:LifeEnderRelic","ReplayTheSpireMod:Ring of Sloth","ReplayTheSpireMod:Ring of Challenge","Pen Nib","Replay:Rubber Ducky","Fusion Hammer","Red Mask","Bag of Marbles","Art of War","PreservedInsect"],"acts_visited":["Exordium","TheCity","TheBeyond"],"potions_floor_usage":[48,49,49,52],"damage_taken":[{"damage":0.0,"enemies":"Jaw Worm","floor":1.0,"turns":1.0},{"damage":0.0,"enemies":"Cultist","floor":4.0,"turns":1.0},{"damage":2.0,"enemies":"2 Louse","floor":7.0,"turns":2.0},{"damage":35.0,"enemies":"Lagavulin","floor":8.0,"turns":6.0},{"damage":19.0,"enemies":"3 Sentries","floor":10.0,"turns":6.0},{"damage":11.0,"enemies":"HollowMod:MossKnight","floor":13.0,"turns":15.0},{"damage":0.0,"enemies":"2 Fungi Beasts","floor":14.0,"turns":2.0},{"damage":30.0,"enemies":"Hexaghost","floor":16.0,"turns":9.0},{"damage":1.0,"enemies":"Spheric Guardian","floor":18.0,"turns":5.0},{"damage":2.0,"enemies":"3 Byrds","floor":23.0,"turns":3.0},{"damage":8.0,"enemies":"HollowMod:Nosk","floor":26.0,"turns":10.0},{"damage":11.0,"enemies":"Snecko","floor":29.0,"turns":7.0},{"damage":0.0,"enemies":"Centurion and Healer","floor":32.0,"turns":4.0},{"damage":14.0,"enemies":"Snake Plant","floor":33.0,"turns":3.0},{"damage":37.0,"enemies":"HollowMod:NKGrimm","floor":35.0,"turns":9.0},{"damage":10.0,"enemies":"3 Darklings","floor":37.0,"turns":3.0},{"damage":10.0,"enemies":"3 Shapes","floor":40.0,"turns":4.0},{"damage":54.0,"enemies":"R_Hoarder","floor":42.0,"turns":12.0},{"damage":16.0,"enemies":"3 Darklings","floor":43.0,"turns":4.0},{"damage":0,"enemies":"HollowMod:StalkingDevout","floor":48,"turns":5},{"damage":0,"enemies":"Sphere and 2 Shapes","floor":49,"turns":5},{"damage":17,"enemies":"HollowMod:Radiance","floor":52,"turns":13}],"seed_played":"3098108097653251476","potions_obtained":[{"floor":1.0,"key":"PowerPotion"},{"floor":4.0,"key":"PowerPotion"},{"floor":7.0,"key":"FearPotion"},{"floor":8.0,"key":"Fire Potion"},{"floor":10.0,"key":"EssenceOfSteel"},{"floor":13.0,"key":"SteroidPotion"},{"floor":14.0,"key":"SneckoOil"},{"floor":16.0,"key":"LiquidBronze"},{"floor":18.0,"key":"Languid Potion"},{"floor":23.0,"key":"Swift Potion"},{"floor":26.0,"key":"Doom Potion"},{"floor":29.0,"key":"SteroidPotion"},{"floor":32.0,"key":"DuplicationPotion"},{"floor":33.0,"key":"SpeedPotion"},{"floor":35.0,"key":"DistilledChaos"},{"floor":37.0,"key":"ColorlessPotion"},{"floor":40.0,"key":"SpeedPotion"},{"floor":42.0,"key":"AttackPotion"},{"floor":43.0,"key":"SteroidPotion"},{"floor":48,"key":"SkillPotion"},{"floor":49,"key":"BlessingOfTheForge"}],"is_trial":false,"path_per_floor":["M","?","?","M","?","R","M","E","T","E","R","?","E","M","R","B",null,"M","?","PTL","PTL","?","M","?","R","E","?","T","M","?","R","M","M","R","B",null,"M","?","?","M","?","E","M","$","T","R","$","E","M","?","R","B",null],"character_chosen":"THE_BUGKNIGHT","items_purchased":[],"campfire_rested":3,"item_purchase_floors":[],"current_hp_per_floor":[75,80,80,80,60,60,64,39,39,25,49,49,53,59,59,40,80,79,79,79,79,79,77,77,77,80,80,80,69,69,69,74,66,66,34,80,70,70,70,60,50,12,1,1,1,25,25,36,46,46,70,67],"gold":50,"neow_bonus":"THREE_ENEMY_KILL","is_daily":false,"chose_seed":false,"campfire_upgraded":4,"win_rate":0.0,"timestamp":1607791273,"path_taken":["M","?","?","?","?","R","M","E","T","E","R","?","E","M","R","BOSS","M","?","PTL","PTL","?","M","?","R","E","?","T","M","?","R","M","M","R","BOSS","M","?","?","M","?","E","M","?","T","R","$","E","?","?","R","BOSS"],"items_purchased_type":[],"build_version":"2020-11-30","purchased_purges":2,"victory":true,"max_hp_per_floor":[75,80,80,80,80,80,80,80,80,80,80,80,80,80,80,80,80,80,80,80,80,80,80,80,80,80,80,80,80,80,80,80,80,80,80,80,80,80,80,80,80,80,80,80,80,80,80,80,80,80,80,80],"card_choices":[{"not_picked":["HollowMod:NewJinnsSoul","HollowMod:InfectedCysts"],"picked":"HollowMod:RecoilStrike","floor":1.0},{"not_picked":["HollowMod:VengefulVoid","HollowMod:AbyssShriek"],"picked":"HollowMod:ShapeofUnn","floor":4.0},{"not_picked":["HollowMod:SharpenedNail","HollowMod:BlackTendrils"],"picked":"HollowMod:DescendingDark","floor":5.0},{"not_picked":["HollowMod:GoodIntentions","HollowMod:DungDefenderAura"],"picked":"HollowMod:NewInfectedGuardian","floor":5.0},{"not_picked":["HollowMod:SharpenedShadows","HollowMod:DreamGate"],"picked":"HollowMod:RecoilStrike","floor":7.0},{"not_picked":["HollowMod:SoulVessel","HollowMod:InfectedCysts"],"picked":"HollowMod:SiblingsShadow","floor":8.0},{"not_picked":["HollowMod:HeavyBlow","HollowMod:RecoilStrike"],"picked":"HollowMod:CornifersMapStart+1","floor":10.0},{"not_picked":["HollowMod:CrystalDash+1","HollowMod:DashSlash"],"picked":"HollowMod:LifebloodCore+1","floor":13.0},{"not_picked":["HollowMod:PureNailStrike","HollowMod:CrystalDash+1"],"picked":"HollowMod:DashSlash","floor":14.0},{"not_picked":["HollowMod:MidwifesHunger","HollowMod:NewInfectedGuardian+1"],"picked":"HollowMod:VoidDash+1","floor":16.0},{"not_picked":["HollowMod:SiblingsSouls+1","HollowMod:NewLittleFool"],"picked":"HollowMod:CycloneSlash+1","floor":18.0},{"not_picked":["HollowMod:SiblingsSouls+1","HollowMod:GoodIntentions+1"],"picked":"HollowMod:DesolateDive+1","floor":23.0},{"not_picked":["HollowMod:NewLittleFool","HollowMod:ChannelNail+1"],"picked":"HollowMod:theNailsmith+1","floor":26.0},{"not_picked":["HollowMod:InfectedCysts","HollowMod:SiblingsShadow+1"],"picked":"HollowMod:InfectedAttack+1","floor":29.0},{"not_picked":["HollowMod:SiblingsShadow+1","HollowMod:VengefulSpirit"],"picked":"HollowMod:LifebloodCocoon+1","floor":32.0},{"not_picked":["HollowMod:SharpenedNail","HollowMod:DashSlash+1"],"picked":"HollowMod:NewJinnsSoul+1","floor":33.0},{"not_picked":["HollowMod:ZotesMagnificence","HollowMod:AwokenDreamNail"],"picked":"HollowMod:NewInfectedGuardian+1","floor":35.0},{"not_picked":["HollowMod:InfectionAssault+1","HollowMod:ChannelNail+1","HollowMod:SoulEater"],"picked":"SKIP","floor":37.0},{"not_picked":["Replay:Parry","Forethought+1"],"picked":"Enlightenment+1","floor":39.0},{"not_picked":["HollowMod:NewLittleFool+1","HollowMod:FallenFury"],"picked":"HollowMod:NewGlowingWomb+1","floor":40.0},{"not_picked":["HollowMod:InfectedCysts","HollowMod:InfectedAttack+1"],"picked":"HollowMod:HuntersJournal+1","floor":42.0},{"not_picked":["HollowMod:SiblingsSouls+1","HollowMod:TaintedHusks+1"],"picked":"HollowMod:CloakDash+1","floor":43.0},{"not_picked":["HollowMod:FallenFury","HollowMod:DesolateDive"],"picked":"HollowMod:RecoilStrike+1","floor":48},{"not_picked":["HollowMod:HeavyBlow","HollowMod:SoulStrike+1","HollowMod:LifebloodCocoon+1"],"picked":"SKIP","floor":49}],"player_experience":318195,"relics_obtained":[{"floor":5.0,"key":"Smiling Mask"},{"floor":8.0,"key":"Toy Ornithopter"},{"floor":9.0,"key":"Replay:WaspNest"},{"floor":10.0,"key":"Toxic Egg 2"},{"floor":13.0,"key":"Divine Protection"},{"floor":15.0,"key":"Pet Ghost"},{"floor":24.0,"key":"ReplayTheSpireMod:Ring of Sloth"},{"floor":24.0,"key":"ReplayTheSpireMod:Ring of Challenge"},{"floor":26.0,"key":"Pen Nib"},{"floor":28.0,"key":"Replay:Rubber Ducky"},{"floor":42.0,"key":"Bag of Marbles"},{"floor":45.0,"key":"Art of War"},{"floor":48,"key":"PreservedInsect"}],"event_choices":[{"cards_removed":["HollowMod:RecoilStrike"],"damage_healed":0.0,"max_hp_gain":0.0,"max_hp_loss":0.0,"gold_gain":0.0,"event_name":"WeMeetAgain","player_choice":"Gave Card","floor":3.0,"gold_loss":0.0,"damage_taken":0.0,"relics_obtained":["White Beast Statue"]},{"damage_healed":0.0,"max_hp_gain":0.0,"max_hp_loss":0.0,"gold_gain":0.0,"event_name":"Living Wall","player_choice":"Grow","floor":12.0,"gold_loss":0.0,"damage_taken":0.0,"cards_upgraded":["HollowMod:DescendingDark"]},{"damage_healed":0.0,"max_hp_gain":0.0,"max_hp_loss":0.0,"gold_gain":0.0,"event_name":"Ghosts","player_choice":"Ignored","floor":19.0,"gold_loss":0.0,"damage_taken":0.0},{"cards_removed":["HollowMod:QuickDashStart"],"damage_healed":0.0,"max_hp_gain":0.0,"max_hp_loss":0.0,"gold_gain":0.0,"event_name":"Back to Basics","player_choice":"Elegance","floor":27.0,"gold_loss":0.0,"damage_taken":0.0},{"damage_healed":0.0,"max_hp_gain":0.0,"max_hp_loss":0.0,"gold_gain":0.0,"event_name":"Tomb of Lord Red Mask","player_choice":"Paid","floor":38.0,"gold_loss":215.0,"damage_taken":0.0,"relics_obtained":["Red Mask"]},{"damage_healed":0.0,"max_hp_gain":0.0,"max_hp_loss":0.0,"gold_gain":0.0,"event_name":"SensoryStone","player_choice":"Memory 1","floor":39.0,"gold_loss":0.0,"damage_taken":0.0},{"damage_healed":0.0,"max_hp_gain":0.0,"max_hp_loss":0.0,"gold_gain":0.0,"event_name":"Winding Halls","player_choice":"Embrace Madness","floor":41.0,"gold_loss":0.0,"damage_taken":10.0,"cards_obtained":["Madness","Madness"]},{"cards_removed":["HollowMod:NewInfectedGuardian"],"damage_healed":0,"gold_gain":0,"player_choice":"Purged","damage_taken":0,"max_hp_gain":0,"max_hp_loss":0,"event_name":"Purifier","floor":50,"gold_loss":0}],"is_beta":false,"boss_relics":[{"not_picked":["Astrolabe","Replay:Wanted Poster"],"picked":"Empty Cage"},{"not_picked":["Sozu","Cursed Key"],"picked":"Fusion Hammer"}],"items_purged_floors":[44,47],"is_endless":false,"potions_floor_spawned":[1,4,7,8,10,13,14,16,18,23,26,29,32,33,35,37,40,42,43,48,49],"ascension_level":0}}