{"host":"i9wanet4r0ff4t9y","time":1607795606,"event":{"mods":["2.2 Compatiblity","Act Like it!","BaseMod","Better Altar","Better Match","Better Note","Better Sensory Stone","Better Skull","Better Third Choice","Better Vampires","BetterRewards","CapriCore","Downfall","Minty Spire (QoL Compilation)","READ ME - Guardian Mod","READ ME - Snecko Mod","Relic Stats","Replay The Spire","Spicy Shops","StSLib","The Disciple","Waifu the Spire"],"gold_per_floor":[112,125,125,143,174,174,197,197,197,209,209,4,4,56,56,151,151,188,188,228,246,246,303,303,313,313,313,348,348,348],"floor_reached":29,"playtime":1136,"items_purged":[],"score":263,"play_id":"4d1c2b33-1e32-4d1e-ad19-ff7077233f47","local_time":"20201212185326","is_ascension_mode":false,"campfire_choices":[{"data":"Echoward","floor":6,"key":"SMITH"},{"data":"BeatsPerMinute","floor":11,"key":"SMITH"},{"floor":15,"key":"REST"},{"floor":24,"key":"REST"}],"circlet_count":0,"master_deck":["Allegro+1","Moderato+1","Allegro+1","Rallentando","Allegretto","SecondHand+1","PatternShift","LockedTurtyl","BeatsPerMinute+1","HandOfGreed","Backlash","Echoward+1","LockedAnchor","Parity","Apotheosis+1","Allargando+1","Pendulum","Echoward","BeatsPerMinute","Facsimile","Engulf","WindUp","CrunchTime","WatchCommand","LockedOrichalcum","Seeing Red+1","BlueShift+1","Accelerando","Recurrance","ReapSow","HandsUpC","J.A.X.","LockedAnchor"],"relics":["Chronometer","Boot","InkBottle","Toolbox","War Paint","Pandora\u0027s Box","Ornamental Fan","CaptainsWheel","Gremlin Food"],"acts_visited":["Exordium","TheCity"],"potions_floor_usage":[10,14,16,23,23,28,29],"damage_taken":[{"damage":6,"enemies":"Cultist","floor":1,"turns":5},{"damage":6,"enemies":"Small Slimes","floor":2,"turns":6},{"damage":1,"enemies":"Jaw Worm","floor":4,"turns":2},{"damage":5,"enemies":"Red Slaver","floor":5,"turns":4},{"damage":1,"enemies":"Exordium Wildlife","floor":10,"turns":3},{"damage":12,"enemies":"3 Sentries","floor":14,"turns":5},{"damage":1,"enemies":"The Guardian","floor":16,"turns":10},{"damage":2,"enemies":"Shell Parasite","floor":18,"turns":5},{"damage":10,"enemies":"2 Thieves","floor":20,"turns":2},{"damage":2,"enemies":"Centurion and Healer","floor":21,"turns":5},{"damage":26,"enemies":"Slavers","floor":23,"turns":6},{"damage":26,"enemies":"Snake Plant","floor":25,"turns":5},{"damage":12,"enemies":"Gremlin Leader","floor":28,"turns":11},{"damage":6,"enemies":"Cultist and Chosen","floor":29,"turns":2}],"seed_played":"-1976683574368329081","potions_obtained":[{"floor":1,"key":"AttackPotion"},{"floor":2,"key":"Energy Potion"},{"floor":5,"key":"Explosive Potion"},{"floor":14,"key":"Guardian:BlockOnCardUsePotion"},{"floor":21,"key":"Adrenaline Potion"},{"floor":25,"key":"LifebloodPotion"},{"floor":28,"key":"AttackPotion"}],"is_trial":false,"path_per_floor":["M","M","?","M","M","R","T","?","T","M","R","$","?","E","R","B",null,"M","?","M","M","?","E","R","M","T","?","E","M"],"character_chosen":"CHRONO_CLASS","items_purchased":["Toolbox","Parity"],"campfire_rested":2,"item_purchase_floors":[12,12],"current_hp_per_floor":[59,53,53,52,47,47,47,47,47,46,46,46,46,34,53,52,65,63,63,53,51,51,25,44,18,18,18,6,0,0],"gold":348,"neow_bonus":"","is_daily":false,"chose_seed":false,"campfire_upgraded":2,"win_rate":0.0,"timestamp":1607795606,"path_taken":["M","?","?","M","?","R","?","?","T","?","R","$","?","E","R","BOSS","M","?","?","M","?","E","R","M","T","?","E","M"],"items_purchased_type":["Relic","Card"],"build_version":"2020-11-30","purchased_purges":0,"victory":false,"max_hp_per_floor":[65,65,65,65,65,65,65,65,65,65,65,65,65,65,65,65,65,65,65,65,65,65,65,65,65,65,65,65,65,65],"relic_stats":{"counters":[16,76],"Ornamental Fan":[4],"Pandora\u0027s Box":["Echoward","BeatsPerMinute","Facsimile","Engulf","WindUp","CrunchTime","WatchCommand","LockedOrichalcum"],"War Paint":["Defend_Br","SecondHand"],"Boot":[8],"obtain_stats":[{"Gremlin Food":28,"CaptainsWheel":26,"Chronometer":0,"Ornamental Fan":23,"Toolbox":12,"Pandora\u0027s Box":17,"War Paint":14,"Boot":7,"InkBottle":9},{"Gremlin Food":15,"CaptainsWheel":14,"Chronometer":0,"Ornamental Fan":13,"Toolbox":7,"Pandora\u0027s Box":9,"War Paint":8,"Boot":6,"InkBottle":6},{"Gremlin Food":74,"CaptainsWheel":63,"Chronometer":0,"Ornamental Fan":58,"Toolbox":25,"Pandora\u0027s Box":40,"War Paint":30,"Boot":22,"InkBottle":22}],"InkBottle":[15]},"card_choices":[{"not_picked":["LockedScales","ExoVibe"],"picked":"LockedTurtyl","floor":1},{"not_picked":["Tempo","WatchCommand"],"picked":"BeatsPerMinute","floor":2},{"not_picked":["expansioncontent:SlimeTackle","Transmutation"],"picked":"HandOfGreed","floor":3},{"not_picked":["LockedMedicine","BiteCommand"],"picked":"Backlash","floor":4},{"not_picked":["WindUp","Recurrance"],"picked":"Echoward","floor":5},{"not_picked":["LockedTornado","HandsUpC"],"picked":"LockedAnchor","floor":10},{"not_picked":["AlternateTimeline","Parity"],"picked":"Tempo","floor":14},{"not_picked":["LockedLightning","Echonomics"],"picked":"Pendulum","floor":16},{"not_picked":["BiteCommand","Recurrance"],"picked":"Tempo","floor":18},{"not_picked":["CrunchTime","HandsUpB+1"],"picked":"BlueShift+1","floor":20},{"not_picked":["LockedMedicine","Facsimile"],"picked":"Recurrance","floor":21},{"not_picked":["Recurrance","LockedScales"],"picked":"ReapSow","floor":23},{"not_picked":["CrunchTime","DaylightSavings"],"picked":"HandsUpC","floor":25},{"not_picked":["BiteCommand","LockedPlans"],"picked":"LockedAnchor","floor":28}],"player_experience":331866,"relics_obtained":[{"floor":7,"key":"Boot"},{"floor":9,"key":"InkBottle"},{"floor":14,"key":"War Paint"},{"floor":23,"key":"Ornamental Fan"},{"floor":26,"key":"CaptainsWheel"},{"floor":28,"key":"Gremlin Food"}],"event_choices":[{"damage_healed":0,"gold_gain":1,"player_choice":"1","damage_taken":0,"max_hp_gain":0,"max_hp_loss":0,"event_name":"betterStone:BetterStone","floor":3,"gold_loss":0},{"damage_healed":0,"gold_gain":0,"player_choice":"Bought 0 Potions","damage_taken":0,"max_hp_gain":0,"max_hp_loss":0,"event_name":"The Woman in Blue","floor":8,"gold_loss":0},{"damage_healed":46,"gold_gain":0,"player_choice":"Embrace","damage_taken":0,"max_hp_gain":0,"max_hp_loss":65,"event_name":"betterThird:BetterShining","floor":13,"gold_loss":0},{"cards_removed":["Apotheosis"],"damage_healed":0,"gold_gain":0,"player_choice":"Take \u0026 Give","damage_taken":0,"max_hp_gain":0,"max_hp_loss":0,"event_name":"betterNote:BetterNote","floor":19,"gold_loss":0,"cards_obtained":["Seeing Red"]},{"damage_healed":0,"gold_gain":0,"player_choice":"Became a vampire","damage_taken":0,"max_hp_gain":0,"max_hp_loss":0,"event_name":"Vampires","floor":22,"gold_loss":0,"cards_obtained":[]},{"damage_healed":0,"gold_gain":0,"player_choice":"Obtain J.A.X.","damage_taken":0,"max_hp_gain":0,"max_hp_loss":0,"event_name":"Drug Dealer","floor":27,"gold_loss":0,"cards_obtained":["J.A.X."]}],"is_beta":false,"boss_relics":[{"not_picked":["Empty Cage","Replay:Drink Me"],"picked":"Pandora\u0027s Box"}],"items_purged_floors":[],"is_endless":false,"potions_floor_spawned":[1,2,5,14,21,25,28],"killed_by":"Cultist and Chosen","ascension_level":0}}