{"host":"fdq5pmhluajjrf8d","time":1607798405,"event":{"mods":["BaseMod","Minty Spire (QoL Compilation)"],"gold_per_floor":[366,366,386,386,536,536,546,546,546,353,10,54,54,73,73,73,73],"floor_reached":16,"playtime":530,"items_purged":[],"score":191,"play_id":"81b672c1-d18d-4b38-b7e7-f6a8edbc71f1","local_time":"20201212134005","is_ascension_mode":true,"campfire_choices":[{"floor":6,"key":"REST"},{"floor":13,"key":"REST"},{"data":"Zap","floor":15,"key":"SMITH"}],"circlet_count":0,"master_deck":["AscendersBane","Strike_B","Strike_B","Strike_B","Strike_B","Defend_B+1","Defend_B+1","Defend_B","Defend_B","Zap+1","Dualcast","Rebound","Ball Lightning+1","Doubt","Gash","Injury","Gash+1","FTL"],"relics":["Cracked Core","Golden Idol","Gremlin Horn","Whetstone","Mango","MealTicket"],"acts_visited":["Exordium"],"potions_floor_usage":[],"damage_taken":[{"damage":9,"enemies":"Jaw Worm","floor":1,"turns":4},{"damage":7,"enemies":"Small Slimes","floor":3,"turns":3},{"damage":3,"enemies":"2 Louse","floor":7,"turns":2},{"damage":27,"enemies":"Lagavulin","floor":12,"turns":7},{"damage":0,"enemies":"2 Fungi Beasts","floor":14,"turns":2},{"damage":47,"enemies":"Hexaghost","floor":16,"turns":7}],"seed_played":"4423436045801940107","potions_obtained":[{"floor":12,"key":"Dexterity Potion"},{"floor":14,"key":"Explosive Potion"}],"is_trial":false,"path_per_floor":["M","?","M","?","?","R","M","?","T","$","$","E","R","M","R","B"],"character_chosen":"DEFECT","items_purchased":["Gash","Whetstone","Mango"],"campfire_rested":2,"item_purchase_floors":[10,10,11],"current_hp_per_floor":[37,16,9,9,9,30,27,27,27,27,41,14,39,39,39,0,0],"gold":73,"neow_bonus":"TWO_FIFTY_GOLD","is_daily":false,"chose_seed":false,"campfire_upgraded":1,"win_rate":0.0,"timestamp":1607798405,"path_taken":["M","?","M","?","?","R","M","?","T","?","$","E","R","M","R","BOSS"],"items_purchased_type":["Card","Relic","Relic"],"build_version":"2020-11-30","purchased_purges":0,"victory":false,"max_hp_per_floor":[71,71,71,71,71,71,71,71,71,71,85,85,85,85,85,85,85],"card_choices":[{"not_picked":["Turbo","Steam"],"picked":"Rebound","floor":1},{"not_picked":["Stack","Rebound"],"picked":"Ball Lightning","floor":3},{"not_picked":["Turbo","Barrage"],"picked":"Gash","floor":7},{"not_picked":["Hyperbeam","Coolheaded","Compile Driver"],"picked":"SKIP","floor":12},{"not_picked":["Streamline","Genetic Algorithm"],"picked":"FTL","floor":14}],"player_experience":1829806,"relics_obtained":[{"floor":9,"key":"Gremlin Horn"},{"floor":12,"key":"MealTicket"}],"event_choices":[{"damage_healed":0,"gold_gain":0,"player_choice":"Entered Light","damage_taken":21,"max_hp_gain":0,"max_hp_loss":0,"event_name":"Shining Light","floor":2,"gold_loss":0,"cards_upgraded":["Defend_B","Defend_B"]},{"damage_healed":0,"gold_gain":0,"player_choice":"Fled","damage_taken":0,"max_hp_gain":0,"max_hp_loss":0,"event_name":"Scrap Ooze","floor":4,"gold_loss":0},{"damage_healed":0,"gold_gain":150,"player_choice":"AGREE","damage_taken":0,"max_hp_gain":0,"max_hp_loss":0,"event_name":"Liars Game","floor":5,"gold_loss":0,"cards_obtained":["Doubt"]},{"damage_healed":0,"gold_gain":0,"player_choice":"Take Wound","damage_taken":0,"relics_obtained":["Golden Idol"],"max_hp_gain":0,"max_hp_loss":0,"event_name":"Golden Idol","floor":8,"gold_loss":0,"cards_obtained":["Injury"]}],"is_beta":false,"boss_relics":[],"items_purged_floors":[],"is_endless":false,"potions_floor_spawned":[12,14],"killed_by":"Hexaghost","ascension_level":19}}