{"host":"3mdjmozz5rahgtdc","time":1607777654,"event":{"mods":["AchievementEnabler","BaseMod","Better Silent Start","Better-Laid Plans","Colored Map","Colored Powertips","Custom Start","DeckTracker","KOR Keyword Fix","Minty Spire (QoL Compilation)","Permanent Neow","StSLib","SuperFastMode"],"gold_per_floor":[15,15,31,42,42,76,88,100,191,228,265,301,347,384,396,408,408],"floor_reached":16,"playtime":580,"items_purged":[],"score":189,"play_id":"9598a361-c08c-45f7-93ad-7eb8ea94bd43","local_time":"20201212215414","is_ascension_mode":true,"campfire_choices":[{"data":"CrushJoints","floor":7.0,"key":"SMITH"},{"data":"MentalFortress","floor":15.0,"key":"SMITH"}],"circlet_count":0,"master_deck":["Strike_P","Strike_P","Strike_P","Defend_P","Defend_P","Defend_P","Eruption+1","Vigilance","FlurryOfBlows","FlurryOfBlows","Halt","CrushJoints+1","EmptyFist","MentalFortress+1"],"relics":["PureWater","Golden Idol","MawBank","Question Card","Meat on the Bone"],"acts_visited":["Exordium"],"potions_floor_usage":[],"damage_taken":[{"damage":0.0,"enemies":"Jaw Worm","floor":1.0,"turns":3.0},{"damage":0.0,"enemies":"Small Slimes","floor":3.0,"turns":2.0},{"damage":0.0,"enemies":"Cultist","floor":4.0,"turns":3.0},{"damage":10.0,"enemies":"Lagavulin","floor":6.0,"turns":4.0},{"damage":5.0,"enemies":"Looter","floor":10.0,"turns":2.0},{"damage":0.0,"enemies":"Large Slime","floor":11.0,"turns":3.0},{"damage":5.0,"enemies":"3 Louse","floor":12.0,"turns":3.0},{"damage":10.0,"enemies":"Gremlin Nob","floor":13.0,"turns":3.0},{"damage":5.0,"enemies":"Gremlin Gang","floor":14.0,"turns":3.0}],"seed_played":"3314402532394158602","potions_obtained":[{"floor":4.0,"key":"Swift Potion"},{"floor":12.0,"key":"Swift Potion"},{"floor":13.0,"key":"Ancient Potion"}],"is_trial":false,"path_per_floor":["M","?","M","M","?","E","R","$","T","M","M","M","E","M","R","B"],"character_chosen":"WATCHER","items_purchased":[],"campfire_rested":0,"item_purchase_floors":[],"current_hp_per_floor":[72,72,72,72,54,44,44,44,44,39,39,34,24,31,31,0,0],"gold":408,"neow_bonus":"TRANSFORM_TWO_CARDS","is_daily":false,"chose_seed":false,"campfire_upgraded":2,"win_rate":0.0,"timestamp":1607777654,"path_taken":["M","?","M","M","?","E","R","?","T","?","M","M","E","M","R","BOSS"],"items_purchased_type":[],"build_version":"2020-11-30","purchased_purges":0,"victory":false,"max_hp_per_floor":[72,72,72,72,72,72,72,72,72,72,72,72,72,72,72,72,72],"card_choices":[{"not_picked":["Crescendo","Prostrate"],"picked":"Halt","floor":1.0},{"not_picked":["Protect","Evaluate","Consecrate"],"picked":"SKIP","floor":3.0},{"not_picked":["BowlingBash","Weave","ThirdEye"],"picked":"SKIP","floor":4.0},{"not_picked":["BowlingBash","Perseverance"],"picked":"CrushJoints","floor":6.0},{"not_picked":["Evaluate","Weave","ThirdEye","BowlingBash"],"picked":"SKIP","floor":10.0},{"not_picked":["Study","Omniscience","Prostrate","Consecrate"],"picked":"SKIP","floor":11.0},{"not_picked":["Prostrate","Halt","Evaluate","FlyingSleeves"],"picked":"SKIP","floor":12.0},{"not_picked":["SashWhip","Evaluate","FlurryOfBlows"],"picked":"EmptyFist","floor":13.0},{"not_picked":["PathToVictory","WaveOfTheHand","CrushJoints"],"picked":"MentalFortress","floor":14.0}],"player_experience":263157,"relics_obtained":[{"floor":6.0,"key":"MawBank"},{"floor":9.0,"key":"Question Card"},{"floor":13.0,"key":"Meat on the Bone"}],"event_choices":[{"damage_healed":0.0,"max_hp_gain":0.0,"max_hp_loss":0.0,"gold_gain":0.0,"event_name":"Living Wall","player_choice":"Grow","floor":2.0,"gold_loss":0.0,"damage_taken":0.0,"cards_upgraded":["Eruption"]},{"damage_healed":0.0,"max_hp_gain":0.0,"max_hp_loss":0.0,"gold_gain":0.0,"event_name":"Golden Idol","player_choice":"Take Damage","floor":5.0,"gold_loss":0.0,"damage_taken":18.0,"relics_obtained":["Golden Idol"]}],"is_beta":false,"boss_relics":[],"items_purged_floors":[],"is_endless":false,"potions_floor_spawned":[4,12,13],"killed_by":"The Guardian","ascension_level":3}}