{"host":"6p0attdrtjqaih7v","time":1607770373,"event":{"mods":["2.2 Compatiblity","AchievementEnabler","Bard","BaseMod","Better Skull","Better Third Choice","Colored Powertips","Hermit","Highlight Path","Jorbs\u0027s Wanderer Trilogy","Key Reminder","Minty Spire (QoL Compilation)","Permanent Neow","Quick Restart","Random Character Button","Relic Stats","Replay The Spire","StSLib","The Construct"],"gold_per_floor":[115,2,14,29,55,86,86,104,151,167,167,183,196,226,226,226,226],"floor_reached":16,"playtime":747,"items_purged":[],"score":211,"play_id":"2c7850a8-1551-43f9-a2cd-5c8ce0e3d691","local_time":"20201212055253","is_ascension_mode":true,"campfire_choices":[{"data":"hermit:Determination","floor":7,"key":"SMITH"},{"data":"hermit:HoleUp","floor":11,"key":"SMITH"},{"data":"hermit:LuckOfTheDraw","floor":15,"key":"SMITH"}],"circlet_count":0,"master_deck":["AscendersBane","hermit:Strike_Hermit","hermit:Strike_Hermit","hermit:Strike_Hermit","hermit:Strike_Hermit","hermit:Defend_Hermit","hermit:Defend_Hermit","hermit:Defend_Hermit","hermit:Defend_Hermit","hermit:Snapshot+1","hermit:Covet","hermit:Determination+1","hermit:HoleUp+1","hermit:Gestalt","hermit:LuckOfTheDraw+1","hermit:Vantage","hermit:SprayPray","hermit:Coalescence"],"relics":["hermit:Momento","Tiny Chest","Art of War","Anchor","Potion Belt"],"acts_visited":["Exordium"],"potions_floor_usage":[8,14,16],"damage_taken":[{"damage":1,"enemies":"Cultist","floor":1,"turns":3},{"damage":2,"enemies":"Small Slimes","floor":3,"turns":3},{"damage":7,"enemies":"Jaw Worm","floor":4,"turns":3},{"damage":11,"enemies":"Gremlin Nob","floor":6,"turns":5},{"damage":10,"enemies":"Large Slime","floor":8,"turns":6},{"damage":0,"enemies":"2 Fungi Beasts","floor":10,"turns":5},{"damage":2,"enemies":"Exordium Wildlife","floor":12,"turns":5},{"damage":2,"enemies":"3 Louse","floor":13,"turns":5},{"damage":7,"enemies":"3 Sentries","floor":14,"turns":8},{"damage":25,"enemies":"Hexaghost","floor":16,"turns":9}],"seed_played":"255041210552476105","potions_obtained":[{"floor":3,"key":"SteroidPotion"},{"floor":4,"key":"Energy Potion"},{"floor":8,"key":"Strength Potion"}],"is_trial":false,"path_per_floor":["M","$","M","M","T","E","R","M","T","M","R","M","M","E","R","B"],"character_chosen":"HERMIT","items_purchased":["hermit:HoleUp","hermit:Gestalt"],"campfire_rested":0,"item_purchase_floors":[2,2],"current_hp_per_floor":[63,63,61,54,54,43,43,33,33,33,33,31,29,22,22,0,0],"gold":226,"neow_bonus":"UPGRADE_CARD","is_daily":false,"chose_seed":false,"campfire_upgraded":3,"win_rate":0.0,"timestamp":1607770373,"path_taken":["M","$","M","M","?","E","R","M","T","M","R","M","M","E","R","BOSS"],"items_purchased_type":["Card","Card"],"build_version":"2020-11-30","purchased_purges":0,"victory":false,"max_hp_per_floor":[71,71,71,71,71,71,71,71,71,71,71,71,71,71,71,71,71],"relic_stats":{"counters":[10,52],"Tiny Chest":0,"Art of War":[3],"obtain_stats":[{"Potion Belt":14,"Anchor":9,"Tiny Chest":5,"Art of War":6,"hermit:Momento":0},{"Potion Belt":9,"Anchor":5,"Tiny Chest":3,"Art of War":4,"hermit:Momento":0},{"Potion Belt":43,"Anchor":20,"Tiny Chest":9,"Art of War":14,"hermit:Momento":0}]},"card_choices":[{"not_picked":["hermit:BodyArmor","hermit:Showdown"],"picked":"hermit:Determination","floor":1},{"not_picked":["hermit:Manifest","hermit:Cheat","hermit:Grudge"],"picked":"SKIP","floor":3},{"not_picked":["hermit:Roulette","hermit:TrackingShot"],"picked":"hermit:LuckOfTheDraw","floor":4},{"not_picked":["hermit:ShadowCloak","hermit:BodyArmor","hermit:Quickdraw"],"picked":"SKIP","floor":6},{"not_picked":["hermit:Midnight","hermit:SprayPray"],"picked":"hermit:Vantage","floor":8},{"not_picked":["hermit:Misfire","hermit:Coalescence"],"picked":"hermit:SprayPray","floor":10},{"not_picked":["hermit:Horror","hermit:Purgatory","hermit:TrackingShot"],"picked":"SKIP","floor":12},{"not_picked":["hermit:Feint","hermit:Misfire","hermit:Desperado"],"picked":"SKIP","floor":13},{"not_picked":["hermit:PistolWhip","hermit:BodyArmor"],"picked":"hermit:Coalescence","floor":14}],"player_experience":827597,"relics_obtained":[{"floor":5,"key":"Tiny Chest"},{"floor":6,"key":"Art of War"},{"floor":9,"key":"Anchor"},{"floor":14,"key":"Potion Belt"}],"event_choices":[],"is_beta":false,"boss_relics":[],"items_purged_floors":[],"is_endless":false,"potions_floor_spawned":[3,4,6,8,12],"killed_by":"Hexaghost","ascension_level":17}}