{"host":"4axoa1rfjgnprp9l","time":1607765075,"event":{"mods":["2.2 Compatiblity","AchievementEnabler","BaseMod","Colored Map","DeckTracker","Highlight Path","Minty Spire (QoL Compilation)","Permanent Neow","StSLib","SuperFastMode"],"gold_per_floor":[11,11,29,49,63,63,97,97,121,165,165,180,255,273,273,372,372,387,387,14,30,54,54,97,97,97,97,115,128,28,44,44,44,44],"floor_reached":33,"playtime":1108,"items_purged":["Strike_B","Defend_B"],"score":554,"play_id":"55fc1c22-adc0-4700-97e7-fd55499892bf","local_time":"20201212182435","is_ascension_mode":true,"campfire_choices":[{"data":"Sunder","floor":6.0,"key":"SMITH"},{"data":"Creative AI","floor":11.0,"key":"SMITH"},{"floor":15.0,"key":"REST"},{"data":"Dualcast","floor":23.0,"key":"SMITH"},{"floor":27.0,"key":"REST"},{"data":"Zap","floor":32.0,"key":"SMITH"}],"circlet_count":0,"master_deck":["AscendersBane","Defend_B","Defend_B","Defend_B","Zap+1","Dualcast+1","Ball Lightning","Sunder+1","Creative AI+1","Glacier","Undo","Reboot","Self Repair+1","Capacitor","Coolheaded","Turbo","Hologram"],"relics":["Cracked Core","Golden Idol","DataDisk","MealTicket","Tiny Chest","Philosopher\u0027s Stone","MutagenicStrength","Art of War","Ancient Tea Set","Blood Vial","Matryoshka"],"acts_visited":["Exordium","TheCity"],"potions_floor_usage":[33],"damage_taken":[{"damage":3.0,"enemies":"2 Louse","floor":1.0,"turns":2.0},{"damage":2.0,"enemies":"Jaw Worm","floor":3.0,"turns":3.0},{"damage":1.0,"enemies":"Cultist","floor":4.0,"turns":3.0},{"damage":0.0,"enemies":"2 Fungi Beasts","floor":5.0,"turns":3.0},{"damage":8.0,"enemies":"Gremlin Nob","floor":7.0,"turns":3.0},{"damage":20.0,"enemies":"3 Sentries","floor":10.0,"turns":4.0},{"damage":9.0,"enemies":"Exordium Wildlife","floor":12.0,"turns":5.0},{"damage":1.0,"enemies":"Looter","floor":14.0,"turns":2.0},{"damage":18.0,"enemies":"The Guardian","floor":16.0,"turns":13.0},{"damage":24.0,"enemies":"3 Byrds","floor":18.0,"turns":4.0},{"damage":6.0,"enemies":"2 Thieves","floor":21.0,"turns":4.0},{"damage":32.0,"enemies":"Slavers","floor":24.0,"turns":4.0},{"damage":16.0,"enemies":"Snake Plant","floor":28.0,"turns":5.0},{"damage":11.0,"enemies":"Cultist and Chosen","floor":29.0,"turns":6.0},{"damage":8.0,"enemies":"3 Cultists","floor":31.0,"turns":6.0},{"damage":63,"enemies":"Automaton","floor":33,"turns":10}],"seed_played":"2598585719843572568","potions_obtained":[{"floor":5.0,"key":"Swift Potion"},{"floor":7.0,"key":"ColorlessPotion"},{"floor":12.0,"key":"Strength Potion"},{"floor":16.0,"key":"FocusPotion"},{"floor":18.0,"key":"Ancient Potion"},{"floor":24.0,"key":"SpeedPotion"}],"is_trial":false,"path_per_floor":["M","?","M","M","M","R","E","?","T","E","R","M","?","M","R","B",null,"M","?","$","M","T","R","E","?","T","R","M","M","$","M","R","B"],"character_chosen":"DEFECT","items_purchased":["Capacitor","Coolheaded","Art of War"],"campfire_rested":2,"item_purchase_floors":[20,20,20],"current_hp_per_floor":[61,61,59,58,58,58,50,50,50,30,30,21,10,9,28,10,51,27,27,42,46,46,46,24,24,24,43,39,40,55,59,59,0,0],"gold":44,"neow_bonus":"REMOVE_TWO","is_daily":false,"chose_seed":false,"campfire_upgraded":4,"win_rate":0.0,"timestamp":1607765075,"path_taken":["M","?","M","M","M","R","E","?","T","E","R","?","?","M","R","BOSS","M","?","$","M","?","R","E","?","T","R","M","?","$","M","R","BOSS"],"items_purchased_type":["Card","Card","Relic"],"build_version":"2020-11-30","purchased_purges":2,"victory":false,"max_hp_per_floor":[71,64,64,64,64,64,64,64,64,64,64,64,64,64,64,64,64,64,64,64,64,64,64,64,64,64,64,64,64,64,64,64,64,64],"card_choices":[{"not_picked":["Leap","Stack"],"picked":"Ball Lightning","floor":1.0},{"not_picked":["Stack","Darkness"],"picked":"Streamline","floor":3.0},{"not_picked":["Gash","Redo","Rebound"],"picked":"SKIP","floor":4.0},{"not_picked":["Double Energy","Sweeping Beam"],"picked":"Sunder","floor":5.0},{"not_picked":["Cold Snap","Sweeping Beam","Scrape"],"picked":"SKIP","floor":7.0},{"not_picked":["Aggregate","Steam"],"picked":"Creative AI","floor":10.0},{"not_picked":["Beam Cell","Coolheaded"],"picked":"Glacier","floor":12.0},{"not_picked":["Go for the Eyes","Coolheaded"],"picked":"Undo","floor":14.0},{"not_picked":["Multi-Cast","Hyperbeam"],"picked":"Reboot","floor":16.0},{"not_picked":["Redo","Turbo"],"picked":"Self Repair+1","floor":18.0},{"not_picked":["FTL","Beam Cell","Static Discharge"],"picked":"SKIP","floor":21.0},{"not_picked":["Chaos","Sweeping Beam"],"picked":"Turbo","floor":24.0},{"not_picked":["Capacitor","Redo","Gash"],"picked":"SKIP","floor":28.0},{"not_picked":["Rip and Tear+1","Turbo","Gash"],"picked":"SKIP","floor":29.0},{"not_picked":["Scrape","Compile Driver"],"picked":"Hologram","floor":31.0}],"player_experience":731706,"relics_obtained":[{"floor":7.0,"key":"DataDisk"},{"floor":9.0,"key":"MealTicket"},{"floor":10.0,"key":"Tiny Chest"},{"floor":22.0,"key":"Ancient Tea Set"},{"floor":24.0,"key":"Blood Vial"},{"floor":26.0,"key":"Matryoshka"}],"event_choices":[{"damage_healed":0.0,"max_hp_gain":0.0,"max_hp_loss":7.0,"gold_gain":0.0,"event_name":"Golden Idol","player_choice":"Lose Max HP","floor":2.0,"gold_loss":0.0,"damage_taken":0.0,"relics_obtained":["Golden Idol"]},{"cards_removed":["Strike_B"],"damage_healed":0.0,"max_hp_gain":0.0,"max_hp_loss":0.0,"gold_gain":0.0,"event_name":"Bonfire Elementals","player_choice":"Offered Basic","floor":8.0,"gold_loss":0.0,"damage_taken":0.0},{"damage_healed":0.0,"max_hp_gain":0.0,"max_hp_loss":0.0,"gold_gain":75.0,"event_name":"World of Goop","player_choice":"Gather Gold","floor":13.0,"gold_loss":0.0,"damage_taken":11.0},{"damage_healed":0.0,"max_hp_gain":0.0,"max_hp_loss":0.0,"gold_gain":0.0,"event_name":"Drug Dealer","player_choice":"Inject Mutagens","floor":19.0,"gold_loss":0.0,"damage_taken":0.0,"relics_obtained":["MutagenicStrength"]},{"cards_removed":["Streamline"],"damage_healed":0.0,"max_hp_gain":0.0,"max_hp_loss":0.0,"gold_gain":0.0,"event_name":"Purifier","player_choice":"Purged","floor":25.0,"gold_loss":0.0,"damage_taken":0.0}],"is_beta":false,"boss_relics":[{"not_picked":["Runic Dome","Empty Cage"],"picked":"Philosopher\u0027s Stone"}],"items_purged_floors":[20,30],"is_endless":false,"potions_floor_spawned":[5,7,12,16,18,24,28],"killed_by":"Automaton","ascension_level":20}}