{"host":"y76clbnovzmw9ubx","time":1607781616,"event":{"mods":["AchievementEnabler","BaseMod","Minty Spire (QoL Compilation)","Permanent Neow","Relic Stats"],"gold_per_floor":[215,28,43,59,78,78,112,112,190,216,60,60,60,76,76,153,153,153,153,153,153,153,153,153],"floor_reached":23,"playtime":1743,"items_purged":[],"score":402,"play_id":"a153f315-5a56-4723-914a-ca7bde4b9cfb","local_time":"20201212090016","is_ascension_mode":true,"campfire_choices":[{"data":"Defragment","floor":6.0,"key":"SMITH"},{"floor":8.0,"key":"REST"},{"data":"Meteor Strike","floor":13.0,"key":"SMITH"},{"data":"Undo","floor":15.0,"key":"SMITH"}],"circlet_count":0,"master_deck":["AscendersBane","Strike_B","Strike_B","Strike_B","Strike_B","Defend_B","Defend_B","Defend_B","Defend_B","Zap","Dualcast","Go for the Eyes","Defragment+1","Barrage","Fusion","Genetic Algorithm","Loop","Cold Snap","Chill","Electrodynamics","Meteor Strike+1","Sunder","Undo+1","Biased Cognition","Chill","Glacier"],"relics":["Cracked Core","Pocketwatch","Symbiotic Virus","Lantern","Ectoplasm"],"acts_visited":["Exordium","TheCity"],"potions_floor_usage":[23],"damage_taken":[{"damage":1.0,"enemies":"Cultist","floor":1.0,"turns":3.0},{"damage":0.0,"enemies":"Small Slimes","floor":3.0,"turns":3.0},{"damage":6.0,"enemies":"Jaw Worm","floor":4.0,"turns":4.0},{"damage":9.0,"enemies":"Red Slaver","floor":5.0,"turns":4.0},{"damage":26.0,"enemies":"Gremlin Nob","floor":7.0,"turns":4.0},{"damage":5.0,"enemies":"3 Sentries","floor":10.0,"turns":7.0},{"damage":8.0,"enemies":"Blue Slaver","floor":14.0,"turns":2.0},{"damage":17.0,"enemies":"Hexaghost","floor":16.0,"turns":9.0},{"damage":0.0,"enemies":"Spheric Guardian","floor":18.0,"turns":3.0},{"damage":18.0,"enemies":"3 Byrds","floor":21.0,"turns":3.0},{"damage":25.0,"enemies":"Snake Plant","floor":22.0,"turns":4.0},{"damage":17,"enemies":"Book of Stabbing","floor":23,"turns":4}],"seed_played":"-2205076713931592515","potions_obtained":[{"floor":5.0,"key":"BlessingOfTheForge"},{"floor":7.0,"key":"Explosive Potion"},{"floor":14.0,"key":"SteroidPotion"},{"floor":22,"key":"EssenceOfSteel"}],"is_trial":false,"path_per_floor":["M","$","M","M","M","R","E","R","T","E","$","?","R","M","R","B",null,"M","?","$","M","M","E"],"character_chosen":"DEFECT","items_purchased":["Defragment","Barrage","Fusion","Meteor Strike","Sunder"],"campfire_rested":1,"item_purchase_floors":[2,2,2,11,11],"current_hp_per_floor":[63,63,63,57,48,48,22,43,43,38,38,38,38,30,30,13,57,57,57,57,39,14,0,0],"gold":153,"neow_bonus":"HUNDRED_GOLD","is_daily":false,"chose_seed":false,"campfire_upgraded":3,"win_rate":0.0,"timestamp":1607781616,"path_taken":["M","$","M","M","M","R","E","R","T","E","?","?","R","M","R","BOSS","M","?","$","?","M","E"],"items_purchased_type":["Card","Card","Card","Card","Card"],"build_version":"2020-11-30","purchased_purges":0,"victory":false,"max_hp_per_floor":[71,71,71,71,71,71,71,71,71,71,71,71,71,71,71,71,71,71,71,71,71,71,71,71],"relic_stats":{"counters":[12,50],"Ectoplasm":108,"obtain_stats":[{"Lantern":10,"Ectoplasm":17,"Cracked Core":0,"Symbiotic Virus":9,"Pocketwatch":7},{"Lantern":6,"Ectoplasm":8,"Cracked Core":0,"Symbiotic Virus":5,"Pocketwatch":5},{"Lantern":25,"Ectoplasm":36,"Cracked Core":0,"Symbiotic Virus":18,"Pocketwatch":18}],"Pocketwatch":[47]},"card_choices":[{"not_picked":["Hello World","Sweeping Beam"],"picked":"Go for the Eyes","floor":1.0},{"not_picked":["Aggregate","Rebound"],"picked":"Genetic Algorithm","floor":3.0},{"not_picked":["Fusion","Leap"],"picked":"Loop","floor":4.0},{"not_picked":["Rebound","Seek"],"picked":"Cold Snap","floor":5.0},{"not_picked":["Coolheaded","Doom and Gloom"],"picked":"Chill","floor":7.0},{"not_picked":["Redo","Melter"],"picked":"Electrodynamics","floor":10.0},{"not_picked":["Steam","Turbo"],"picked":"Undo","floor":14.0},{"not_picked":["Core Surge","Electrodynamics"],"picked":"Biased Cognition","floor":16.0},{"not_picked":["Beam Cell","Fusion"],"picked":"Chill","floor":18.0},{"not_picked":["Barrage","Beam Cell","Rebound"],"picked":"SKIP","floor":21.0},{"not_picked":["Genetic Algorithm+1","Defragment"],"picked":"Glacier","floor":22}],"player_experience":2821756,"relics_obtained":[{"floor":7.0,"key":"Pocketwatch"},{"floor":9.0,"key":"Symbiotic Virus"},{"floor":10.0,"key":"Lantern"}],"event_choices":[{"damage_healed":0.0,"max_hp_gain":0.0,"max_hp_loss":0.0,"gold_gain":0.0,"event_name":"Scrap Ooze","player_choice":"Fled","floor":12.0,"gold_loss":0.0,"damage_taken":0.0},{"damage_healed":0.0,"max_hp_gain":0.0,"max_hp_loss":0.0,"gold_gain":50.0,"event_name":"Golden Shrine","player_choice":"Pray","floor":19.0,"gold_loss":0.0,"damage_taken":0.0}],"is_beta":false,"boss_relics":[{"not_picked":["SacredBark","Runic Pyramid"],"picked":"Ectoplasm"}],"items_purged_floors":[],"is_endless":false,"potions_floor_spawned":[5,7,14,22],"killed_by":"Book of Stabbing","ascension_level":20}}