{"host":"og6lam4kt3nibbw0","time":1607736170,"event":{"mods":["AchievementEnabler","BaseMod","Colored Map","DeckTracker","Highlight Path","Keyboard Shortcuts","Minty Spire (QoL Compilation)","Permanent Neow","Quick Restart","StSLib","SuperFastMode"],"gold_per_floor":[110,110,110,122,122,47,47,62,62,62,62,79,4,24,51,51,129,129,144,144,69,69,82,82,115,95,144,176,192,192,192,211,211,282,282,295,33,53,53,53],"floor_reached":39,"playtime":1766,"items_purged":["Defend_G","Strike_G"],"score":834,"play_id":"a57844aa-1832-47ca-9d09-03640df82e55","local_time":"20201212102250","is_ascension_mode":true,"campfire_choices":[{"data":"Apotheosis","floor":7.0,"key":"SMITH"},{"floor":9.0,"key":"REST"},{"floor":11.0,"key":"RECALL"},{"data":"Tactician","floor":16.0,"key":"SMITH"},{"data":"Adrenaline","floor":24.0,"key":"SMITH"},{"data":"Prepared","floor":31.0,"key":"SMITH"},{"floor":33.0,"key":"REST"}],"circlet_count":0,"master_deck":["AscendersBane","Strike_G","Defend_G","Defend_G","Survivor","Neutralize","Apotheosis+1","Prepared+1","Footwork","Dagger Throw","Riddle With Holes","Tactician+1","Venomology","Adrenaline+1","Escape Plan","Malaise","Slice","Backstab","Well Laid Plans","Acrobatics","Underhanded Strike","Eviscerate+1"],"relics":["Ring of the Serpent","Bottled Lightning","Matryoshka","Blue Candle","Gremlin Horn","Strawberry","Tiny Chest","SacredBark","Medical Kit"],"acts_visited":["Exordium","TheCity","TheBeyond"],"potions_floor_usage":[39,39],"damage_taken":[{"damage":4.0,"enemies":"Small Slimes","floor":1.0,"turns":5.0},{"damage":4.0,"enemies":"Jaw Worm","floor":4.0,"turns":5.0},{"damage":10.0,"enemies":"2 Fungi Beasts","floor":8.0,"turns":4.0},{"damage":0.0,"enemies":"Blue Slaver","floor":12.0,"turns":5.0},{"damage":6.0,"enemies":"Large Slime","floor":14.0,"turns":6.0},{"damage":12.0,"enemies":"3 Sentries","floor":15.0,"turns":6.0},{"damage":34.0,"enemies":"Slime Boss","floor":17.0,"turns":12.0},{"damage":4.0,"enemies":"Shell Parasite","floor":19.0,"turns":3.0},{"damage":0.0,"enemies":"3 Byrds","floor":23.0,"turns":5.0},{"damage":1.0,"enemies":"Book of Stabbing","floor":25.0,"turns":7.0},{"damage":9.0,"enemies":"Gremlin Leader","floor":28.0,"turns":6.0},{"damage":0.0,"enemies":"Snake Plant","floor":29.0,"turns":6.0},{"damage":19.0,"enemies":"Sentry and Sphere","floor":32.0,"turns":4.0},{"damage":14.0,"enemies":"Automaton","floor":34.0,"turns":13.0},{"damage":2.0,"enemies":"3 Shapes","floor":36.0,"turns":5.0},{"damage":30.0,"enemies":"3 Darklings","floor":38.0,"turns":6.0},{"damage":1,"enemies":"4 Shapes","floor":39,"turns":1}],"seed_played":"4019364521440806078","potions_obtained":[{"floor":1.0,"key":"LiquidBronze"},{"floor":8.0,"key":"Strength Potion"},{"floor":15.0,"key":"Regen Potion"},{"floor":17.0,"key":"EntropicBrew"},{"floor":23.0,"key":"GamblersBrew"},{"floor":26.0,"key":"SneckoOil"},{"floor":28.0,"key":"DuplicationPotion"},{"floor":29.0,"key":"SkillPotion"},{"floor":36.0,"key":"Dexterity Potion"},{"floor":38.0,"key":"CultistPotion"}],"is_trial":false,"path_per_floor":["M","?","?","M","?","?","R","M","R","T","R","M","$","M","E","R","B",null,"M","?","?","?","M","R","E","?","T","E","M","?","R","M","R","B",null,"M","$","M","M"],"character_chosen":"THE_SILENT","items_purchased":["Medical Kit"],"campfire_rested":2,"item_purchase_floors":[37],"current_hp_per_floor":[55,48,48,44,44,44,44,34,52,52,52,52,52,46,34,34,12,48,44,44,44,44,44,44,43,43,50,41,41,41,41,22,42,28,57,55,55,25,24,24],"gold":53,"neow_bonus":"RANDOM_COLORLESS_2","is_daily":false,"chose_seed":false,"campfire_upgraded":4,"win_rate":0.0,"timestamp":1607736170,"path_taken":["M","?","?","?","?","?","R","M","R","T","R","M","$","M","E","R","BOSS","M","?","?","?","M","R","E","?","T","E","?","?","R","M","M","R","BOSS","M","$","M","M"],"items_purchased_type":["Relic"],"build_version":"2020-11-30","purchased_purges":2,"victory":false,"max_hp_per_floor":[60,60,60,60,60,60,60,60,60,60,60,60,60,60,60,60,60,60,60,60,60,60,60,60,60,60,67,67,67,67,67,67,67,67,67,67,67,67,67,67],"card_choices":[{"not_picked":["Chrysalis","Mayhem"],"picked":"Apotheosis","floor":0.0},{"not_picked":["Riddle With Holes","Bane"],"picked":"Prepared","floor":1.0},{"not_picked":["Deflect","Catalyst"],"picked":"Dagger Throw","floor":4.0},{"not_picked":["Bane","Setup"],"picked":"Riddle With Holes","floor":8.0},{"not_picked":["Poisoned Stab","Outmaneuver"],"picked":"Tactician","floor":12.0},{"not_picked":["Predator","Dagger Spray"],"picked":"Venomology","floor":14.0},{"not_picked":["Dagger Spray","Calculated Gamble","Choke"],"picked":"SKIP","floor":15.0},{"not_picked":["Phantasmal Killer","Night Terror"],"picked":"Adrenaline","floor":17.0},{"not_picked":["Dodge and Roll+1","Calculated Gamble"],"picked":"Escape Plan","floor":19.0},{"not_picked":["Calculated Gamble","Bane","Flechettes"],"picked":"SKIP","floor":23.0},{"not_picked":["Flying Knee","Calculated Gamble"],"picked":"Backstab","floor":25.0},{"not_picked":["Dagger Throw","Finisher"],"picked":"Well Laid Plans","floor":28.0},{"not_picked":["Concentrate","Well Laid Plans","Poisoned Stab"],"picked":"SKIP","floor":29.0},{"not_picked":["Sucker Punch","Predator"],"picked":"Acrobatics","floor":32.0},{"not_picked":["Deflect","Noxious Fumes+1"],"picked":"Underhanded Strike","floor":36.0},{"not_picked":["Masterful Stab","Terror"],"picked":"Eviscerate+1","floor":38.0}],"player_experience":725931,"relics_obtained":[{"floor":10.0,"key":"Bottled Lightning"},{"floor":15.0,"key":"Matryoshka"},{"floor":25.0,"key":"Blue Candle"},{"floor":27.0,"key":"Gremlin Horn"},{"floor":27.0,"key":"Strawberry"},{"floor":28.0,"key":"Tiny Chest"}],"event_choices":[{"cards_removed":["Strike_G"],"damage_healed":0.0,"max_hp_gain":0.0,"max_hp_loss":0.0,"gold_gain":0.0,"event_name":"Golden Wing","player_choice":"Card Removal","floor":2.0,"gold_loss":0.0,"damage_taken":7.0},{"damage_healed":0.0,"max_hp_gain":0.0,"max_hp_loss":0.0,"gold_gain":0.0,"event_name":"Match and Keep!","player_choice":"1 cards matched","floor":3.0,"gold_loss":0.0,"damage_taken":0.0,"cards_obtained":["Footwork"]},{"cards_removed":["Defend_G"],"damage_healed":0.0,"max_hp_gain":0.0,"max_hp_loss":0.0,"gold_gain":0.0,"event_name":"The Cleric","player_choice":"Card Removal","floor":6.0,"gold_loss":75.0,"damage_taken":0.0},{"damage_healed":0.0,"max_hp_gain":0.0,"max_hp_loss":0.0,"gold_gain":0.0,"event_name":"Cursed Tome","player_choice":"Ignored","floor":20.0,"gold_loss":0.0,"damage_taken":0.0},{"cards_removed":["Strike_G"],"damage_healed":0.0,"max_hp_gain":0.0,"max_hp_loss":0.0,"gold_gain":0.0,"event_name":"Beggar","player_choice":"Gave Gold","floor":21.0,"gold_loss":75.0,"damage_taken":0.0},{"damage_healed":0.0,"max_hp_gain":0.0,"max_hp_loss":0.0,"gold_gain":0.0,"cards_transformed":["Defend_G","Strike_G"],"event_name":"Drug Dealer","player_choice":"Became Test Subject","floor":22.0,"gold_loss":0.0,"damage_taken":0.0,"cards_obtained":["Malaise","Slice"]},{"damage_healed":0.0,"max_hp_gain":0.0,"max_hp_loss":0.0,"gold_gain":0.0,"event_name":"The Woman in Blue","player_choice":"Bought 1 Potion","floor":26.0,"gold_loss":0.0,"damage_taken":0.0},{"damage_healed":0.0,"max_hp_gain":0.0,"max_hp_loss":0.0,"gold_gain":0.0,"event_name":"Ghosts","player_choice":"Ignored","floor":30.0,"gold_loss":0.0,"damage_taken":0.0}],"is_beta":false,"boss_relics":[{"not_picked":["Philosopher\u0027s Stone","Cursed Key"],"picked":"Ring of the Serpent"},{"not_picked":["SlaversCollar","Snecko Eye"],"picked":"SacredBark"}],"items_purged_floors":[13,37],"is_endless":false,"potions_floor_spawned":[1,8,15,17,23,28,29,36,38],"killed_by":"4 Shapes","ascension_level":20}}