{"host":"3y33rrrkia6pkpow","time":1607783365,"event":{"mods":["2.2 Compatiblity","AchievementEnabler","BaseMod","BetterRewards","Colored Map","Minty Spire (QoL Compilation)","Quick Restart","Replay The Spire","Shop Mod","Spicy Shops","StSLib","Synergy Search","The Animator"],"gold_per_floor":[128,164,191,191,266,298,329,329,329,383,383,383,430,464,464,598,598,640,640,698,736,768,768],"floor_reached":22,"playtime":2442,"items_purged":[],"score":419,"play_id":"7707fc9c-3008-4f16-9f56-ca9e9d18ad64","local_time":"20201212082925","is_ascension_mode":true,"campfire_choices":[{"data":"animator:AcuraAkari","floor":12,"key":"SMITH"},{"floor":15,"key":"REST"}],"circlet_count":0,"master_deck":["AscendersBane","animator:Strike_HitsugiNoChaika","animator:Defend_HitsugiNoChaika","animator:Strike","animator:Strike","animator:Strike","animator:Defend","animator:Defend","animator:Defend","animator:AcuraAkari+1","animator:Gillette","animator:AcuraTooru","animator:OrikoMikuni","animator:Sonic","animator:MetalKnight","animator:YachiyoNanami","animator:AcuraTooru","animator:Guy","animator:ChlammyZell","animator:AcuraShin+1","AbeCurse","animator:Gillette","animator:LeleiLaLalena"],"relics":["animator:LivingPicture","animator:TheMissingPiece","animator:PurgingStone","NeowsBlessing","Pocketwatch","Replay:Bandana","Toy Ornithopter","Bottled Flame","Boot","Replay:Arrowhead","Abe\u0027s Treasure"],"acts_visited":["Exordium","TheCity"],"potions_floor_usage":[10,10,14,21,22],"damage_taken":[{"damage":0.0,"enemies":"2 Louse","floor":1.0,"turns":1.0},{"damage":0.0,"enemies":"Jaw Worm","floor":3.0,"turns":1.0},{"damage":0.0,"enemies":"Replay:BlueRogue","floor":6.0,"turns":1.0},{"damage":9.0,"enemies":"Small Slimes","floor":7.0,"turns":2.0},{"damage":26,"enemies":"Gremlin Nob","floor":10,"turns":4},{"damage":8,"enemies":"Replay:BlueRogue","floor":13,"turns":4},{"damage":3,"enemies":"3 Louse","floor":14,"turns":4},{"damage":0,"enemies":"Fading Forest","floor":16,"turns":11},{"damage":23,"enemies":"2 Thieves","floor":18,"turns":3},{"damage":15,"enemies":"Shell Parasite","floor":20,"turns":4},{"damage":17,"enemies":"Snake Plant","floor":21,"turns":4},{"damage":28,"enemies":"Centurion and Healer","floor":22,"turns":3}],"seed_played":"-8129444788159986157","potions_obtained":[{"floor":3.0,"key":"FearPotion"},{"floor":7.0,"key":"Swift Potion"},{"floor":13,"key":"Swift Potion"},{"floor":14,"key":"animator:FalseLifePotion"},{"floor":21,"key":"Dexterity Potion"}],"is_trial":false,"path_per_floor":["M","?","M","?","?","E","M","?","T","E","?","R","E","M","R","B",null,"M","?","M","M","M"],"character_chosen":"THE_ANIMATOR","items_purchased":[],"campfire_rested":1,"item_purchase_floors":[],"current_hp_per_floor":[59,59,59,52,41,42,33,67,67,41,41,41,34,36,56,64,67,44,44,29,17,0,0],"gold":768,"neow_bonus":"THREE_ENEMY_KILL","is_daily":false,"chose_seed":false,"campfire_upgraded":1,"win_rate":0.0,"timestamp":1607783365,"path_taken":["M","?","M","?","?","E","M","?","T","E","?","R","E","M","R","BOSS","M","?","?","?","M"],"items_purchased_type":[],"build_version":"2020-11-30","purchased_purges":0,"victory":false,"max_hp_per_floor":[66,66,66,66,66,67,67,67,67,67,67,67,68,68,68,68,68,68,68,68,68,68,68],"card_choices":[{"not_picked":["animator:DolaSchwi","animator:Kaijin"],"picked":"animator:AcuraTooru","floor":1.0},{"not_picked":["animator:Kuribayashi","animator:Vanir"],"picked":"animator:OrikoMikuni","floor":2.0},{"not_picked":["animator:YachiyoNanami","animator:Bozes"],"picked":"animator:Sonic","floor":3.0},{"not_picked":["animator:DolaSchwi","animator:Kaijin"],"picked":"animator:MetalKnight","floor":6.0},{"not_picked":["animator:SuzuneAmano","animator:MamiTomoe"],"picked":"animator:YachiyoNanami","floor":7.0},{"not_picked":["animator:Melzalgald","animator:Caster"],"picked":"animator:AcuraTooru","floor":10},{"not_picked":["animator:YunYun","animator:Demiurge"],"picked":"animator:Guy","floor":13},{"not_picked":["animator:Demiurge","animator:Alexander"],"picked":"animator:ChlammyZell","floor":14},{"not_picked":["animator:Ainz","animator:Boros"],"picked":"animator:AcuraShin","floor":16},{"not_picked":["animator:Guy","animator:Layla"],"picked":"animator:Gillette","floor":18},{"not_picked":["animator:Hakurou","animator:Cocytus"],"picked":"animator:LeleiLaLalena","floor":20},{"not_picked":["animator:Benimaru","animator:Cocytus","animator:ShinjiMatou"],"picked":"SKIP","floor":21}],"player_experience":792422,"relics_obtained":[{"floor":2.0,"key":"Pocketwatch"},{"floor":6.0,"key":"Toy Ornithopter"},{"floor":9.0,"key":"Bottled Flame"},{"floor":10,"key":"Boot"},{"floor":13,"key":"Replay:Arrowhead"}],"event_choices":[{"damage_healed":0.0,"max_hp_gain":0.0,"max_hp_loss":0.0,"gold_gain":0.0,"event_name":"Scrap Ooze","player_choice":"Success","floor":4.0,"gold_loss":0.0,"damage_taken":7.0,"relics_obtained":["Replay:Bandana"]},{"damage_healed":0.0,"max_hp_gain":0.0,"max_hp_loss":0.0,"gold_gain":75.0,"event_name":"World of Goop","player_choice":"Gather Gold","floor":5.0,"gold_loss":0.0,"damage_taken":11.0},{"cards_removed":["Amnesia"],"damage_healed":0,"gold_gain":0,"player_choice":"Removed","damage_taken":0,"max_hp_gain":0,"max_hp_loss":0,"event_name":"The Cursed Forest","floor":11,"gold_loss":0},{"damage_healed":0,"gold_gain":0,"player_choice":"Upgraded","damage_taken":0,"max_hp_gain":0,"max_hp_loss":0,"event_name":"Upgrade Shrine","floor":19,"gold_loss":0,"cards_upgraded":["animator:AcuraShin"]}],"is_beta":false,"boss_relics":[{"not_picked":["Busted Crown","Honey Jar"],"picked":"Abe\u0027s Treasure"}],"items_purged_floors":[],"is_endless":false,"potions_floor_spawned":[3,7,13,14,21],"killed_by":"Centurion and Healer","ascension_level":10}}