{"host":"s3g5dmvfnpdztvul","time":1607803813,"event":{"mods":["AchievementEnabler","AlwaysNeverKeys","Aspiration","BaseMod","Better Altar","Better Match","Better Note","Better Sensory Stone","Better Vampires","BetterRewards","CatGirl Mod","Challenge The Spire","Colored Map","Colored Powertips","Colorless Booster Pack","Conspire","Curses Come First","DeckTracker","Displayed Cursed Tome","Downfall","Energized Spire","Fiend Mod","Friendly Minions","GifTheSpireLib","Hubris","Hyrulean Relics","Infinite Spire","Ironclad Rager","Jedi Mod","Marisa????????","Marked Mod","Mimic Mod","Minty Spire (QoL Compilation)","Permanent Neow","Quick Restart","Railgun Mod","Random Character Button","Rare Cards Sparkle","Replay The Spire","SCP261 Mod","Shade Mod","Small Relic Pack","Spicy Shops","Spikes Relics","StSLib","Stuff the Spire","The Alterego","The Blue Laboratory","The Clintock","The Cursed","The Factory","The Jungle","The Necromancer","TheSwordswoman","Trackpad","Unceasing Turn Reminder","Virulent Crown","Waifu the Spire","Wandering Minibosses","vexMod"],"gold_per_floor":[109,126,126,0,0,0,15,15,15,50,50,60,12,28,28,132,132,149,149,14,14,14,14],"floor_reached":22,"playtime":988,"items_purged":[],"score":289,"play_id":"47f432fa-37dc-4225-b55e-11526f567646","local_time":"20201212151013","is_ascension_mode":true,"campfire_choices":[{"data":"TheCursedMod:ShockAndAwe","floor":6,"key":"SMITH"},{"floor":11,"key":"REST"},{"floor":15,"key":"REST"}],"circlet_count":0,"master_deck":["TheCursedMod:Strike_TheCursed","TheCursedMod:Strike_TheCursed","TheCursedMod:Strike_TheCursed","TheCursedMod:Strike_TheCursed","TheCursedMod:Defend_TheCursed","TheCursedMod:Defend_TheCursed","TheCursedMod:Defend_TheCursed","TheCursedMod:Defend_TheCursed","TheCursedMod:CursedWand","TheCursedMod:CleanUpWorkshop","TheCursedMod:Dregs","CloudedMind","TheCursedMod:ShockAndAwe+1","TheCursedMod:CursedAmulet","TheCursedMod:Wield","TheCursedMod:AbyssShockwave","TheCursedMod:NeowsMight","TheCursedMod:StingEye","TheCursedMod:Wield","TheCursedMod:CursedMace","TheCursedMod:VoidForm","TheCursedMod:CursedAmulet","Spreading Infection","hubris:Disease","infinitespire:Execution","hubris:Compulsion","TheCursedMod:SpitefulPlan","TheCursedMod:CursedBoomerang","TheCursedMod:StingEye","TheCursedMod:StingEye"],"relics":["jedi:bottledfury","aspiration:FrozenJewel","Bottled Tornado","Basket Of Snakes","ReplayTheSpireMod:CursedCoin","infinitespire:Chaos","GremlinMask"],"acts_visited":["Exordium","TheCity"],"potions_floor_usage":[10,14,16],"damage_taken":[{"damage":4,"enemies":"Jaw Worm","floor":1,"turns":2},{"damage":0,"enemies":"Small Slimes","floor":2,"turns":2},{"damage":0,"enemies":"Cultist","floor":7,"turns":2},{"damage":17,"enemies":"Blue Slaver","floor":10,"turns":5},{"damage":0,"enemies":"Blue Slaver","floor":12,"turns":2},{"damage":10,"enemies":"2 Fungi Beasts","floor":14,"turns":5},{"damage":44,"enemies":"Hexaghost","floor":16,"turns":10},{"damage":6,"enemies":"Shell Parasite","floor":18,"turns":3},{"damage":0,"enemies":"3 Byrds","floor":22,"turns":1}],"seed_played":"-253259177128811886","potions_obtained":[{"floor":7,"key":"blueLaboratory:BottledHope"},{"floor":12,"key":"Reflective Coating"},{"floor":14,"key":"blueLaboratory:FrostheartPotion"}],"is_trial":false,"path_per_floor":["M","M","?","$","?","R","M","$","T","MIM","R","M","$","M","R","B",null,"M","?","$","?","M"],"character_chosen":"THE_CURSED","items_purchased":["vexMod:Spyglass","TheCursedMod:CircleOfFlame","TheCursedMod:Wield","infinitespire:Chaos","TheCursedMod:SpitefulPlan","TheCursedMod:CursedBoomerang","TheCursedMod:StingEye"],"campfire_rested":2,"item_purchase_floors":[4,4,13,20,20,20,20],"current_hp_per_floor":[71,71,75,75,75,75,75,75,75,58,75,75,75,65,75,31,75,69,69,69,69,69,69],"gold":14,"neow_bonus":"THREE_RARE_CARDS","is_daily":false,"chose_seed":false,"campfire_upgraded":1,"win_rate":0.0,"timestamp":1607803813,"path_taken":["M","M","?","?","?","R","?","?","T","?","R","M","$","M","R","BOSS","M","?","?","?","M"],"items_purchased_type":["Relic","Card","Card","Relic","Card","Card","Card"],"build_version":"2020-11-30","purchased_purges":0,"victory":false,"max_hp_per_floor":[75,75,75,75,75,75,75,75,75,75,75,75,75,75,75,75,75,75,75,75,75,75,75],"card_choices":[{"not_picked":["TheCursedMod:ForbiddenAlchemy","TheCursedMod:StunningStrike"],"picked":"TheCursedMod:ShockAndAwe","floor":0},{"not_picked":["TheCursedMod:CursedShiv","TheCursedMod:CircleOfAmplification"],"picked":"TheCursedMod:CursedAmulet","floor":1},{"not_picked":["TheCursedMod:Obscuration","TheCursedMod:TroublousMinions"],"picked":"TheCursedMod:Wield","floor":2},{"not_picked":["TheCursedMod:TacticalStrike","TheCursedMod:CircleOfBlood"],"picked":"TheCursedMod:AbyssShockwave","floor":7},{"not_picked":["TheCursedMod:BlessingInDisguise","TheCursedMod:SaltUponWound"],"picked":"TheCursedMod:NeowsMight","floor":10},{"not_picked":["TheCursedMod:CircleOfFocus","TheCursedMod:FleshFromBone"],"picked":"TheCursedMod:StingEye","floor":12},{"not_picked":["TheCursedMod:CircleOfFocus","TheCursedMod:CircleOfFlame"],"picked":"TheCursedMod:CursedMace","floor":14},{"not_picked":["TheCursedMod:OutForBlood","TheCursedMod:DemonicPact"],"picked":"TheCursedMod:VoidForm","floor":16},{"not_picked":["TheCursedMod:RapidMovement+1","TheCursedMod:Evocation"],"picked":"TheCursedMod:CursedAmulet","floor":18},{"not_picked":["infinitespire:Menacing","infinitespire:Starlight"],"picked":"infinitespire:Execution","floor":19}],"player_experience":506395,"relics_obtained":[{"floor":9,"key":"Happy Flower"},{"floor":10,"key":"jedi:shrinkray"}],"event_choices":[{"cards_removed":["TheCursedMod:CircleOfFlame"],"damage_healed":5,"gold_gain":0,"player_choice":"Offered Common","damage_taken":0,"max_hp_gain":0,"max_hp_loss":0,"event_name":"Bonfire Elementals","floor":5,"gold_loss":0},{"cards_removed":["TheCursedMod:CircleOfFlame"],"damage_healed":5,"gold_gain":0,"player_choice":"Offered Special","damage_taken":0,"max_hp_gain":0,"max_hp_loss":0,"event_name":"Bonfire Elementals","floor":5,"gold_loss":0},{"damage_healed":0,"gold_gain":0,"player_choice":"Trade","damage_taken":0,"relics_obtained":["GremlinMask"],"max_hp_gain":0,"max_hp_loss":0,"event_name":"FaceTrader","floor":21,"gold_loss":0}],"is_beta":false,"boss_relics":[{"not_picked":["hubris:HollowSoul","hubris:RunicObelisk"],"picked":"conspire:RoyalGoblet"}],"items_purged_floors":[],"is_endless":false,"potions_floor_spawned":[7,12,14],"killed_by":"3 Byrds","ascension_level":2}}