{"host":"gzwwvnucm264f2jm","time":1607767269,"event":{"mods":["AchievementEnabler","BaseMod","Better Note","BetterRewards","Colored Map","Minty Spire (QoL Compilation)","Permanent Neow","Quick Restart","Rare Cards Sparkle","Slay-I","Spicy Shops","StSLib","SuperFastMode"],"gold_per_floor":[119,119,133,143,318,318,318,332,402,402,677,380,380,394,394,522,522,547,547,340,356,371,371,412,426,426,445,458,470,253,266,266,390,390,405,405,423,323,344,344,344,344,371,389,8,27,50,50,50,50],"floor_reached":51,"playtime":1452,"items_purged":["Regret","EmptyFist+1"],"score":966,"play_id":"9e917240-067a-4b64-851c-94beb164b85a","local_time":"20201212050109","daily_mods":["SealedDeck","Vintage"],"is_ascension_mode":false,"campfire_choices":[{"data":"Evaluate","floor":6,"key":"SMITH"},{"data":"Trip","floor":13,"key":"SMITH"},{"data":"EmptyBody","floor":15,"key":"SMITH"},{"data":"Wallop","floor":23,"key":"SMITH"},{"data":"Adrenaline","floor":32,"key":"SMITH"},{"data":"Tantrum","floor":40,"key":"SMITH"},{"data":"FlurryOfBlows+1","floor":49,"key":"PURGE"}],"circlet_count":0,"master_deck":["Evaluate+1","FearNoEvil+1","EmptyBody+1","FlurryOfBlows+1","EmptyFist+1","EmptyBody+1","Adaptation+1","Tantrum+1","Trip+1","Vault+1","Adrenaline+1","InnerPeace+1","Wallop+1","Adaptation+1","Wallop+1"],"relics":["PureWater","Bag of Marbles","Ornamental Fan","Pen Nib","MealTicket","Potion Belt","Meat on the Bone","Golden Idol","Sling","Bottled Tornado","VioletLotus","Yang","Bronze Scales","StrikeDummy","TeardropLocket","Red Mask","Peace Pipe","The Courier","Oddly Smooth Stone","MawBank","DollysMirror","Unceasing Top","Shovel","Kunai","Dream Catcher","HornCleat","Bag of Preparation","Mark of the Bloom","Regal Pillow","Anchor","OrangePellets","Vajra","TheAbacus","Nunchaku","Juzu Bracelet"],"acts_visited":["Exordium","TheCity","TheBeyond"],"potions_floor_usage":[],"damage_taken":[{"damage":5,"enemies":"Jaw Worm","floor":1,"turns":2},{"damage":0,"enemies":"Cultist","floor":3,"turns":1},{"damage":0,"enemies":"Small Slimes","floor":4,"turns":2},{"damage":0,"enemies":"2 Fungi Beasts","floor":8,"turns":1},{"damage":0,"enemies":"3 Louse","floor":14,"turns":2},{"damage":0,"enemies":"Slime Boss","floor":16,"turns":3},{"damage":5,"enemies":"Shell Parasite","floor":18,"turns":2},{"damage":0,"enemies":"Chosen","floor":21,"turns":2},{"damage":0,"enemies":"Snake Plant","floor":22,"turns":2},{"damage":0,"enemies":"Masked Bandits","floor":24,"turns":2},{"damage":0,"enemies":"Centurion and Healer","floor":25,"turns":2},{"damage":0,"enemies":"Snecko","floor":27,"turns":2},{"damage":0,"enemies":"Shelled Parasite and Fungi","floor":28,"turns":2},{"damage":0,"enemies":"Chosen and Byrds","floor":31,"turns":2},{"damage":0,"enemies":"Champ","floor":33,"turns":2},{"damage":0,"enemies":"3 Darklings","floor":35,"turns":2},{"damage":3,"enemies":"3 Shapes","floor":37,"turns":3},{"damage":0,"enemies":"Maw","floor":39,"turns":3},{"damage":0,"enemies":"4 Shapes","floor":44,"turns":2},{"damage":0,"enemies":"Sphere and 2 Shapes","floor":46,"turns":2},{"damage":0,"enemies":"Transient","floor":47,"turns":3},{"damage":0,"enemies":"Time Eater","floor":50,"turns":3}],"seed_played":"-244185819927327849","potions_obtained":[{"floor":4,"key":"CultistPotion"},{"floor":14,"key":"ColorlessPotion"},{"floor":18,"key":"Energy Potion"},{"floor":22,"key":"EssenceOfSteel"},{"floor":27,"key":"Swift Potion"}],"is_trial":true,"path_per_floor":["M","?","M","M","?","R","?","M","T","?","?","$","R","M","R","B",null,"M","?","$","M","M","R","?","M","T","M","M","?","$","M","R","B",null,"M","?","M","$","M","R","?","?","T","M","$","M","M","?","R","B",null],"character_chosen":"WATCHER","items_purchased":["Sling","Trip","InnerPeace","Wallop","Bronze Scales","DollysMirror","Unceasing Top","HornCleat","OrangePellets","Vajra","TheAbacus"],"campfire_rested":0,"item_purchase_floors":[12,12,20,20,20,30,30,38,45,45,45],"current_hp_per_floor":[67,67,67,67,67,67,60,60,60,42,42,57,57,57,57,57,72,67,67,72,72,72,72,72,72,72,72,72,72,72,72,72,72,72,72,72,69,72,72,72,72,72,72,72,72,72,72,72,72,72],"gold":50,"neow_bonus":"","is_daily":false,"chose_seed":false,"campfire_upgraded":6,"win_rate":0.0,"timestamp":1607767269,"path_taken":["M","?","?","M","?","R","?","M","T","?","?","$","R","?","R","BOSS","M","?","$","M","M","R","?","M","T","M","M","?","$","?","R","BOSS","M","?","M","$","M","R","?","?","T","M","$","M","M","?","R","BOSS"],"items_purchased_type":["Relic","Card","Card","Card","Relic","Relic","Relic","Relic","Relic","Relic","Relic"],"build_version":"2020-11-30","purchased_purges":2,"victory":true,"max_hp_per_floor":[72,72,72,72,72,72,72,72,72,72,72,72,72,72,72,72,72,72,72,72,72,72,72,72,72,72,72,72,72,72,72,72,72,72,72,72,72,72,72,72,72,72,72,72,72,72,72,72,72,72],"card_choices":[{"not_picked":["ConjureBlade","Establishment"],"picked":"Vault","floor":16}],"player_experience":424186,"relics_obtained":[{"floor":1,"key":"Bag of Marbles"},{"floor":2,"key":"Ornamental Fan"},{"floor":3,"key":"Pen Nib"},{"floor":4,"key":"MealTicket"},{"floor":8,"key":"Potion Belt"},{"floor":9,"key":"Meat on the Bone"},{"floor":14,"key":"Bottled Tornado"},{"floor":18,"key":"Yang"},{"floor":21,"key":"StrikeDummy"},{"floor":22,"key":"TeardropLocket"},{"floor":24,"key":"Red Mask"},{"floor":25,"key":"Peace Pipe"},{"floor":26,"key":"The Courier"},{"floor":27,"key":"Oddly Smooth Stone"},{"floor":28,"key":"MawBank"},{"floor":31,"key":"Shovel"},{"floor":35,"key":"Kunai"},{"floor":37,"key":"Dream Catcher"},{"floor":39,"key":"Bag of Preparation"},{"floor":43,"key":"Regal Pillow"},{"floor":44,"key":"Anchor"},{"floor":46,"key":"Nunchaku"},{"floor":47,"key":"Juzu Bracelet"}],"event_choices":[{"damage_healed":0,"gold_gain":0,"player_choice":"Relic","damage_taken":0,"max_hp_gain":0,"max_hp_loss":0,"event_name":"Wheel of Change","floor":2,"gold_loss":0},{"damage_healed":0,"gold_gain":175,"player_choice":"AGREE","damage_taken":0,"max_hp_gain":0,"max_hp_loss":0,"event_name":"Liars Game","floor":5,"gold_loss":0,"cards_obtained":["Doubt"]},{"cards_removed":["Doubt"],"damage_healed":0,"gold_gain":0,"player_choice":"Card Removal","damage_taken":7,"max_hp_gain":0,"max_hp_loss":0,"event_name":"Golden Wing","floor":7,"gold_loss":0},{"damage_healed":0,"gold_gain":0,"player_choice":"Take Damage","damage_taken":18,"relics_obtained":["Golden Idol"],"max_hp_gain":0,"max_hp_loss":0,"event_name":"Golden Idol","floor":10,"gold_loss":0},{"damage_healed":0,"gold_gain":275,"player_choice":"Desecrate","damage_taken":0,"max_hp_gain":0,"max_hp_loss":0,"event_name":"Golden Shrine","floor":11,"gold_loss":0,"cards_obtained":["Regret"]},{"cards_removed":["Trip"],"damage_healed":0,"gold_gain":0,"player_choice":"Take \u0026 Give","damage_taken":0,"max_hp_gain":0,"max_hp_loss":0,"event_name":"betterNote:BetterNote","floor":19,"gold_loss":0,"cards_obtained":["Adrenaline"]},{"damage_healed":0,"gold_gain":0,"player_choice":"Fought Bandits","damage_taken":0,"max_hp_gain":0,"max_hp_loss":0,"event_name":"Masked Bandits","floor":24,"gold_loss":0},{"damage_healed":0,"gold_gain":0,"player_choice":"Ignored","damage_taken":0,"max_hp_gain":0,"max_hp_loss":0,"event_name":"Transmorgrifier","floor":29,"gold_loss":0},{"damage_healed":0,"gold_gain":0,"player_choice":"Ignored","damage_taken":0,"max_hp_gain":0,"max_hp_loss":0,"event_name":"The Moai Head","floor":36,"gold_loss":0},{"damage_healed":0,"gold_gain":0,"player_choice":"Upgrade","damage_taken":0,"relics_obtained":["Mark of the Bloom"],"max_hp_gain":0,"max_hp_loss":0,"event_name":"MindBloom","floor":41,"gold_loss":0,"cards_upgraded":["FearNoEvil","FlurryOfBlows","FlurryOfBlows","EmptyFist","EmptyBody","Adaptation","EmptyFist","Vault","InnerPeace","Adaptation"]},{"damage_healed":0,"gold_gain":0,"player_choice":"Memory 1","damage_taken":0,"max_hp_gain":0,"max_hp_loss":0,"event_name":"SensoryStone","floor":42,"gold_loss":0},{"damage_healed":0,"gold_gain":0,"player_choice":"Copied","damage_taken":0,"max_hp_gain":0,"max_hp_loss":0,"event_name":"Duplicator","floor":48,"gold_loss":0,"cards_obtained":["Wallop"]}],"is_beta":false,"boss_relics":[{"not_picked":["Cursed Key","SlaversCollar"],"picked":"VioletLotus"},{"not_picked":["Calling Bell","Snecko Eye","Runic Dome"]}],"items_purged_floors":[12,45],"is_endless":false,"potions_floor_spawned":[4,14,18,22,24,27,37,39,47],"ascension_level":0}}