{"host":"dsxpg2dh2uupq0t9","time":1607744546,"event":{"mods":["Act Like it!","Aspiration","BaseMod","Better Note","Better Skull","BetterRewards","Colored Powertips","DeckTracker","Halation","Hallownest","Hubris","Minty Spire (QoL Compilation)","Replay The Spire","Shop Mod","Spicy Shops","StSLib"],"gold_per_floor":[110,19,30,30,30,30,57,57,57,57,76,126,136,154,154,259,55,269,284,284,284,284,284,313,331,331,331,344,356,370,388,388,490,490,510,510,520,619,150,183,122,122,149,149,149,38,38,58,58,160,160,176,116,116,139,155,155,155],"floor_reached":57,"playtime":3320,"items_purged":["Languid"],"score":873,"play_id":"732efdc6-1af0-4567-80e1-69b74ae702bf","local_time":"20201211224226","is_ascension_mode":true,"campfire_choices":[{"floor":6.0,"key":"REST"},{"data":"Dramatic Entrance","floor":8,"key":"SMITH"},{"data":"Searing Blow","floor":10,"key":"SMITH"},{"data":"Wild Strike","floor":15,"key":"SMITH"},{"data":"Infernal Blade","floor":23,"key":"SMITH"},{"data":"Flex","floor":27,"key":"SMITH"},{"data":"Flex","floor":32,"key":"SMITH"},{"floor":42,"key":"REST"},{"data":"Searing Blow+1","floor":45,"key":"SMITH"},{"data":"Searing Blow+2","floor":47,"key":"SMITH"},{"data":"Searing Blow+3","floor":49,"key":"SMITH"}],"circlet_count":0,"master_deck":["Strike_R","Strike_R","Strike_R+1","Strike_R","Strike_R","Defend_R","Defend_R","Defend_R","Defend_R","Bash","Searing Blow+4","Dramatic Entrance+1","Clash","Sword Boomerang","Armaments","Headbutt","Bludgeon","Swift Strike+1","Infernal Blade+1","Flex+1","Twin Strike","Pommel Strike","hubris:ReadiedAction","hubris:SharpeningStone","Flex+1","hubris:StunningStrike","Thunderclap+1","Iron Wave","ReplayTheSpireMod:Stacked+1","Clash","Rampage+1","Headbutt+1","Double Tap+1","hubris:Greed","Injury","Flex","Infernal Blade+1","Cleave+1"],"relics":["Black Blood","NeowsBlessing","Happy Flower","Gambling Chip","Juzu Bracelet","Ginger","Red Skull","hubris:Spice","halation:EternalFortune","ReplayTheSpireMod:TigerMarble","Oddly Smooth Stone","Garlic","MerchantsRug","Pen Nib","Golden Egg","The Courier","Whetstone","halation:Komachan","Replay:Ancient Bell","Replay:Bottled Flurry","Turnip"],"acts_visited":["Exordium","TheCity","TheBeyond"],"potions_floor_usage":[16,16,33,50],"damage_taken":[{"damage":0.0,"enemies":"Cultist","floor":1.0,"turns":1.0},{"damage":0.0,"enemies":"2 Louse","floor":3.0,"turns":1.0},{"damage":0.0,"enemies":"Lagavulin","floor":7.0,"turns":1.0},{"damage":0,"enemies":"Small Slimes","floor":11,"turns":1},{"damage":1,"enemies":"2 Fungi Beasts","floor":13,"turns":2},{"damage":0,"enemies":"Looter","floor":14,"turns":1},{"damage":39,"enemies":"Hexaghost","floor":16,"turns":9},{"damage":0,"enemies":"Cultist","floor":18,"turns":1},{"damage":0,"enemies":"Jaw Worm","floor":19,"turns":1},{"damage":8,"enemies":"Replay:BlueRogue","floor":24,"turns":3},{"damage":0,"enemies":"Small Slimes","floor":25,"turns":1},{"damage":0,"enemies":"3 Louse","floor":28,"turns":1},{"damage":0,"enemies":"Blue Slaver","floor":29,"turns":1},{"damage":0,"enemies":"2 Fungi Beasts","floor":30,"turns":1},{"damage":0,"enemies":"Gremlin Gang","floor":31,"turns":1},{"damage":38,"enemies":"Fading Forest","floor":33,"turns":11},{"damage":26,"enemies":"3 Byrds","floor":35,"turns":5},{"damage":0,"enemies":"Spheric Guardian","floor":37,"turns":1},{"damage":56,"enemies":"Gremlin Leader","floor":40,"turns":5},{"damage":20,"enemies":"Centurion and Healer","floor":48,"turns":3},{"damage":23,"enemies":"hubris:MusketHawk","floor":50,"turns":6},{"damage":19,"enemies":"Orb Walker","floor":52,"turns":3},{"damage":4,"enemies":"3 Shapes","floor":55,"turns":3},{"damage":32,"enemies":"Spire Growth","floor":56,"turns":4},{"damage":83,"enemies":"Reptomancer","floor":57,"turns":2}],"seed_played":"289337200913242336","potions_obtained":[{"floor":1.0,"key":"SkillPotion"},{"floor":3.0,"key":"PowerPotion"},{"floor":7.0,"key":"AttackPotion"},{"floor":16,"key":"FearPotion"},{"floor":48,"key":"FearPotion"},{"floor":50,"key":"Reflective Coating"},{"floor":55,"key":"DuplicationPotion"}],"is_trial":false,"path_per_floor":["M","$","M","$","?","R","E","R","T","R","M","?","M","M","R","B",null,"M","M","?","?","?","R","E","M","T","R","M","M","M","M","R","B",null,"M","T","M","?","$","E","$","R","T","?","R","$","R","M","R","B",null,"M","$","?","M","M","E"],"character_chosen":"IRONCLAD","items_purchased":["Dramatic Entrance","Swift Strike","Ginger","Red Skull","Infernal Blade","MerchantsRug","Pen Nib","Golden Egg","ReplayTheSpireMod:Stacked","Rampage","halation:Komachan","Headbutt"],"campfire_rested":2,"item_purchase_floors":[2,17,17,17,17,39,39,39,39,41,46,46],"current_hp_per_floor":[80,80,80,80,68,80,80,80,80,80,80,80,80,80,80,47,80,80,80,76,79,84,84,88,91,91,91,91,91,91,91,91,65,91,77,77,89,89,89,45,45,72,72,91,91,91,91,83,83,72,99,95,95,102,102,82,0,0],"gold":155,"neow_bonus":"THREE_ENEMY_KILL","is_daily":false,"chose_seed":false,"campfire_upgraded":9,"win_rate":0.0,"timestamp":1607744546,"path_taken":["M","$","M","?","?","R","E","R","T","R","M","?","M","M","R","BOSS","M","M","?","?","?","R","E","M","T","R","M","M","M","M","R","BOSS","M","?","M","?","$","E","?","R","T","?","R","$","R","M","R","BOSS","M","$","?","M","M","E"],"items_purchased_type":["Card","Card","Relic","Relic","Card","Relic","Relic","Relic","Card","Card","Relic","Card"],"build_version":"2020-11-30","purchased_purges":1,"victory":false,"max_hp_per_floor":[80,80,80,80,80,80,80,80,80,80,80,80,80,80,80,80,80,80,80,88,91,91,91,91,91,91,91,91,91,91,91,91,91,91,91,91,91,91,91,91,91,91,91,91,91,91,91,91,91,91,99,102,102,102,102,102,102,102],"card_choices":[{"not_picked":["Havoc","Headbutt"],"picked":"Searing Blow","floor":1.0},{"not_picked":["Shrug It Off","Sword Boomerang"],"picked":"Clash","floor":3.0},{"not_picked":["Bloodletting","Armaments"],"picked":"Sword Boomerang","floor":7.0},{"not_picked":["Dropkick","Replay:Undeath\u0027s Touch"],"picked":"Armaments","floor":11},{"not_picked":["ReplayTheSpireMod:Strike From Hell","Abandon"],"picked":"Wild Strike","floor":13},{"not_picked":["Shrug It Off","True Grit"],"picked":"Headbutt","floor":14},{"not_picked":["Limit Break","Reaper"],"picked":"Bludgeon","floor":16},{"not_picked":["ReplayTheSpireMod:Strike From Hell","Sword Boomerang","Havoc"],"picked":"SKIP","floor":18},{"not_picked":["Cleave","Sentinel"],"picked":"Flex","floor":19},{"not_picked":["Abandon","Corruption","Replay:Undeath\u0027s Touch"],"picked":"SKIP","floor":24},{"not_picked":["Flame Barrier","ReplayTheSpireMod:Stacked"],"picked":"Twin Strike","floor":25},{"not_picked":["Twin Strike","Havoc"],"picked":"Pommel Strike","floor":28},{"not_picked":["Heavy Blade","Eclipse"],"picked":"hubris:ReadiedAction","floor":29},{"not_picked":["Combust","Headbutt"],"picked":"hubris:SharpeningStone","floor":30},{"not_picked":["Seeing Red","Iron Wave"],"picked":"Flex","floor":31},{"not_picked":["Offering","Hemogenesis"],"picked":"hubris:StunningStrike","floor":33},{"not_picked":["Dual Wield","ReplayTheSpireMod:Strike From Hell"],"picked":"Thunderclap+1","floor":35},{"not_picked":["Wild Strike","Seeing Red"],"picked":"Iron Wave","floor":37},{"not_picked":["Run Through","Life Link"],"picked":"Clash","floor":40},{"not_picked":["hubris:SharpeningStone","Headbutt+1","hubris:CleavingFinish"],"picked":"SKIP","floor":48},{"not_picked":["Replay:Many Hands","Corruption"],"picked":"Double Tap","floor":50},{"not_picked":["Looming Evil","Writhe"],"picked":"hubris:Greed","floor":51},{"not_picked":["Overencumbered","hubris:Gluttony"],"picked":"Injury","floor":51},{"not_picked":["hubris:Lust","Looming Evil"],"picked":"Languid","floor":51},{"not_picked":["hubris:SharpeningStone","ReplayTheSpireMod:Limb From Limb+1"],"picked":"Flex","floor":52},{"not_picked":["hubris:SpiceAddiction","Thunderclap+1"],"picked":"Infernal Blade+1","floor":55},{"not_picked":["Wild Strike+1","Disarm+1"],"picked":"Cleave+1","floor":56}],"player_experience":609734,"relics_obtained":[{"floor":7.0,"key":"Gambling Chip"},{"floor":9,"key":"Juzu Bracelet"},{"floor":24,"key":"ReplayTheSpireMod:TigerMarble"},{"floor":26,"key":"Oddly Smooth Stone"},{"floor":36,"key":"Garlic"},{"floor":40,"key":"The Courier"},{"floor":43,"key":"Whetstone"},{"floor":52,"key":"halation:EternalFortune"}],"event_choices":[{"damage_healed":0.0,"max_hp_gain":0.0,"max_hp_loss":0.0,"gold_gain":0.0,"event_name":"Scrap Ooze","player_choice":"Success","floor":5.0,"gold_loss":0.0,"damage_taken":12.0,"relics_obtained":["Happy Flower"]},{"damage_healed":0,"gold_gain":50,"player_choice":"Gained Gold","damage_taken":0,"max_hp_gain":0,"max_hp_loss":0,"event_name":"Golden Wing","floor":12,"gold_loss":0},{"damage_healed":0,"gold_gain":0,"player_choice":"Success","damage_taken":12,"relics_obtained":["hubris:Spice"],"max_hp_gain":0,"max_hp_loss":0,"event_name":"Scrap Ooze","floor":20,"gold_loss":0},{"cards_removed":["Wild Strike"],"damage_healed":5,"gold_gain":0,"player_choice":"Offered Common","damage_taken":0,"max_hp_gain":0,"max_hp_loss":0,"event_name":"Bonfire Elementals","floor":22,"gold_loss":0},{"cards_removed":["Wild Strike"],"damage_healed":5,"gold_gain":0,"player_choice":"Offered Special","damage_taken":0,"max_hp_gain":0,"max_hp_loss":0,"event_name":"Bonfire Elementals","floor":22,"gold_loss":0},{"damage_healed":0,"gold_gain":99,"player_choice":"Stole From Cult","damage_taken":0,"max_hp_gain":0,"max_hp_loss":0,"event_name":"Nest","floor":38,"gold_loss":0},{"damage_healed":30,"gold_gain":0,"player_choice":"Heal","damage_taken":0,"max_hp_gain":0,"max_hp_loss":0,"event_name":"The Library","floor":44,"gold_loss":0}],"is_beta":false,"boss_relics":[{"not_picked":["SacredBark","SlaversCollar"],"picked":"Black Blood"},{"not_picked":["Black Star","halation:SmartPhone"],"picked":"halation:MonkeysPaw"},{"not_picked":["ChewingGum","Abe\u0027s Treasure"],"picked":"Replay:Ancient Bell"},{"not_picked":["halation:AfternoonTea","Art of War"],"picked":"hubris:Spice"},{"not_picked":["Letter Opener","hubris:Spice"],"picked":"Replay:Bottled Flurry"},{"not_picked":["FossilizedHelix","halation:BlackBeret"],"picked":"Turnip"}],"items_purged_floors":[53],"is_endless":false,"potions_floor_spawned":[1,3,7,11,16,24,29,30,31,48,50,55],"killed_by":"Reptomancer","ascension_level":4}}