{"host":"szp1d6dso4pv7ddl","time":1607734983,"event":{"mods":["AchievementEnabler","Alarm Clock","BaseMod","Bestiary","Block Reminder","Colored Map","Colored Powertips","Curses Come First","Displayed Cursed Tome","Highlight Path","Minty Spire (QoL Compilation)","Permanent Neow","Quick Restart","Relic Stats","StSLib"],"gold_per_floor":[116,116,116,135,60,60,88,106,106,118,136,169,187,197,197,301,301,311,311,236,59,46,46,74,94,172,172,189,10,39,49,49,146,146,157,170,220,220,220,220,255,268,268,268,285,296,296,315,315,315,315,315,91,119,119],"floor_reached":56,"playtime":9508,"items_purged":["Defend_B","Strike_B","Strike_B"],"score":1256,"play_id":"dab3e9d9-2525-4cb1-ad46-6c3de6660966","local_time":"20201211170303","is_ascension_mode":false,"campfire_choices":[{"data":"Coolheaded","floor":6.0,"key":"SMITH"},{"floor":15.0,"key":"REST"},{"floor":23.0,"key":"REST"},{"floor":27.0,"key":"RECALL"},{"floor":32.0,"key":"REST"},{"data":"Blizzard","floor":40.0,"key":"SMITH"},{"floor":44.0,"key":"DIG"},{"floor":49.0,"key":"REST"},{"floor":52.0,"key":"DIG"}],"circlet_count":0,"master_deck":["Strike_B","Strike_B","Defend_B","Dualcast","Coolheaded+1","Beam Cell","Amplify","Cold Snap","Coolheaded","Barrage","Glacier+1","Coolheaded+1","Blizzard+1","Echo Form","CurseOfTheBell","Hologram+1","Barrage","Chill+1","Cold Snap","The Bomb+1","Barrage","Multi-Cast+1","Barrage+1","Consume+1","Apotheosis+1","Ball Lightning","Redo+1","Redo+1"],"relics":["Cracked Core","NeowsBlessing","Shovel","Incense Burner","Toxic Egg 2","Calling Bell","Boot","StrikeDummy","FossilizedHelix","Art of War","Bag of Marbles","Inserter","Gambling Chip","HornCleat","Blue Candle","Nunchaku","Cables","Toy Ornithopter"],"acts_visited":["Exordium","TheCity","TheBeyond","TheEnding"],"potions_floor_usage":[55,55,55,55],"damage_taken":[{"damage":0.0,"enemies":"Small Slimes","floor":1.0,"turns":1.0},{"damage":0.0,"enemies":"Cultist","floor":4.0,"turns":1.0},{"damage":0.0,"enemies":"Lagavulin","floor":7.0,"turns":1.0},{"damage":11.0,"enemies":"Jaw Worm","floor":8.0,"turns":3.0},{"damage":14.0,"enemies":"Exordium Wildlife","floor":10.0,"turns":5.0},{"damage":10.0,"enemies":"Gremlin Gang","floor":11.0,"turns":5.0},{"damage":14.0,"enemies":"3 Sentries","floor":12.0,"turns":12.0},{"damage":10.0,"enemies":"3 Louse","floor":13.0,"turns":4.0},{"damage":0.0,"enemies":"Large Slime","floor":14.0,"turns":4.0},{"damage":24.0,"enemies":"Slime Boss","floor":16.0,"turns":11.0},{"damage":0.0,"enemies":"Shell Parasite","floor":18.0,"turns":8.0},{"damage":28.0,"enemies":"2 Thieves","floor":22.0,"turns":4.0},{"damage":4.0,"enemies":"Slavers","floor":24.0,"turns":7.0},{"damage":14.0,"enemies":"Snake Plant","floor":25.0,"turns":6.0},{"damage":0.0,"enemies":"Shelled Parasite and Fungi","floor":28.0,"turns":7.0},{"damage":25.0,"enemies":"Book of Stabbing","floor":30.0,"turns":5.0},{"damage":0.0,"enemies":"Chosen and Byrds","floor":31.0,"turns":6.0},{"damage":46.0,"enemies":"Champ","floor":33.0,"turns":13.0},{"damage":0.0,"enemies":"3 Shapes","floor":35.0,"turns":6.0},{"damage":0.0,"enemies":"Orb Walker","floor":36.0,"turns":3.0},{"damage":0.0,"enemies":"Mind Bloom Boss Battle","floor":37.0,"turns":6.0},{"damage":6.0,"enemies":"Nemesis","floor":41.0,"turns":7.0},{"damage":0.0,"enemies":"3 Darklings","floor":42.0,"turns":9.0},{"damage":12.0,"enemies":"4 Shapes","floor":45.0,"turns":3.0},{"damage":8.0,"enemies":"Transient","floor":46.0,"turns":5.0},{"damage":0.0,"enemies":"Sphere and 2 Shapes","floor":48.0,"turns":4.0},{"damage":5.0,"enemies":"Time Eater","floor":50.0,"turns":60.0},{"damage":0.0,"enemies":"Shield and Spear","floor":54.0,"turns":12.0},{"damage":64,"enemies":"The Heart","floor":55,"turns":15}],"seed_played":"7946853166156075655","potions_obtained":[{"floor":4.0,"key":"Swift Potion"},{"floor":8.0,"key":"SneckoOil"},{"floor":11.0,"key":"GamblersBrew"},{"floor":28.0,"key":"LiquidBronze"},{"floor":30.0,"key":"PowerPotion"},{"floor":36.0,"key":"Regen Potion"},{"floor":48.0,"key":"Ancient Potion"}],"is_trial":false,"path_per_floor":["M","?","?","M","$","R","E","M","T","M","M","E","M","M","R","B",null,"M","?","?","$","M","R","E","M","T","R","M","$","E","M","R","B",null,"M","M","?","?","?","R","E","M","T","R","M","M","?","M","R","B",null,"R","$","E","B",null],"character_chosen":"DEFECT","items_purchased":["Hologram+1","Barrage","The Bomb+1","EntropicBrew"],"campfire_rested":4,"item_purchase_floors":[21,21,29,53],"current_hp_per_floor":[75,75,75,75,75,75,75,64,64,50,40,26,16,16,38,14,75,75,75,75,75,47,69,65,51,51,51,51,51,26,26,48,2,75,75,75,75,75,75,75,69,69,69,69,57,49,49,63,71,66,71,71,71,71,10],"gold":119,"neow_bonus":"THREE_ENEMY_KILL","is_daily":false,"chose_seed":false,"campfire_upgraded":2,"win_rate":0.0,"timestamp":1607734983,"path_taken":["M","?","?","?","$","R","E","M","T","M","M","E","M","M","R","BOSS","M","?","?","$","M","R","E","M","T","R","M","?","E","M","R","BOSS","M","?","?","?","?","R","E","M","T","R","M","?","?","M","R","BOSS","R","$","E","BOSS"],"items_purchased_type":["Card","Card","Card","Potion"],"build_version":"2020-11-30","purchased_purges":3,"victory":true,"max_hp_per_floor":[75,75,75,75,75,75,75,75,75,75,75,75,75,75,75,75,75,75,75,75,75,75,75,75,75,75,75,75,75,75,75,75,75,75,75,75,75,75,75,75,75,75,75,75,75,75,71,71,71,71,71,71,71,71,71],"relic_stats":{"Nunchaku":[8],"Shovel":2,"Inserter":[64],"counters":[29,233],"Gambling Chip":[22],"Blue Candle":[4],"Art of War":[68],"Boot":[256],"obtain_stats":[{"Inserter":34,"NeowsBlessing":0,"Blue Candle":43,"Incense Burner":9,"Boot":17,"Cables":52,"Calling Bell":17,"Nunchaku":44,"Shovel":7,"HornCleat":41,"Gambling Chip":37,"Art of War":24,"Bag of Marbles":30,"Toxic Egg 2":12,"Cracked Core":0,"StrikeDummy":17,"FossilizedHelix":17,"Toy Ornithopter":54},{"Inserter":18,"NeowsBlessing":0,"Blue Candle":23,"Incense Burner":4,"Boot":10,"Cables":27,"Calling Bell":10,"Nunchaku":23,"Shovel":3,"HornCleat":22,"Gambling Chip":21,"Art of War":13,"Bag of Marbles":16,"Toxic Egg 2":7,"Cracked Core":0,"StrikeDummy":10,"FossilizedHelix":10,"Toy Ornithopter":28},{"Inserter":103,"NeowsBlessing":0,"Blue Candle":134,"Incense Burner":6,"Boot":47,"Cables":206,"Calling Bell":47,"Nunchaku":134,"Shovel":3,"HornCleat":125,"Gambling Chip":118,"Art of War":66,"Bag of Marbles":84,"Toxic Egg 2":28,"Cracked Core":0,"StrikeDummy":47,"FossilizedHelix":47,"Toy Ornithopter":218}],"Toy Ornithopter":3,"Cables":[25,1,24,0,0]},"card_choices":[{"not_picked":["Self Repair","Conserve Battery"],"picked":"Coolheaded","floor":1.0},{"not_picked":["Beam Cell","Ball Lightning","Fusion"],"picked":"SKIP","floor":4.0},{"not_picked":["Leap","Barrage"],"picked":"Amplify","floor":7.0},{"not_picked":["Gash","White Noise"],"picked":"Cold Snap","floor":8.0},{"not_picked":["Compile Driver","Gash"],"picked":"Coolheaded","floor":10.0},{"not_picked":["Rebound","Go for the Eyes"],"picked":"Barrage","floor":11.0},{"not_picked":["Capacitor","Go for the Eyes"],"picked":"Glacier+1","floor":12.0},{"not_picked":["Ball Lightning","Compile Driver"],"picked":"Coolheaded+1","floor":13.0},{"not_picked":["Beam Cell","Skim+1"],"picked":"Blizzard","floor":14.0},{"not_picked":["Meteor Strike","Hyperbeam"],"picked":"Echo Form","floor":16.0},{"not_picked":["Compile Driver","Heatsinks","Scrape+1"],"picked":"SKIP","floor":18.0},{"not_picked":["Redo+1","Ball Lightning"],"picked":"Chill+1","floor":22.0},{"not_picked":["Sweeping Beam","Leap+1","FTL"],"picked":"SKIP","floor":24.0},{"not_picked":["Rip and Tear+1","Steam+1","Reprogram+1"],"picked":"SKIP","floor":25.0},{"not_picked":["Rebound","Turbo+1"],"picked":"Cold Snap","floor":28.0},{"not_picked":["Reprogram+1","Sweeping Beam","Rebound"],"picked":"SKIP","floor":30.0},{"not_picked":["Double Energy+1","Steam+1"],"picked":"Barrage","floor":31.0},{"not_picked":["Amplify+1","Hyperbeam"],"picked":"Multi-Cast+1","floor":33.0},{"not_picked":["Blizzard","Reinforced Body+1"],"picked":"Barrage+1","floor":35.0},{"not_picked":["Turbo+1","Storm","BootSequence+1"],"picked":"SKIP","floor":36.0},{"not_picked":["Cold Snap+1","Fusion+1"],"picked":"Consume+1","floor":37.0},{"not_picked":["Dark Shackles+1","Deep Breath+1"],"picked":"Apotheosis+1","floor":38.0},{"not_picked":["Hologram+1","All For One","Beam Cell+1"],"picked":"SKIP","floor":41.0},{"not_picked":["Melter+1","Static Discharge","Rebound"],"picked":"SKIP","floor":42.0},{"not_picked":["Rebound","Hologram+1"],"picked":"Redo+1","floor":45.0},{"not_picked":["Gash+1","BootSequence+1","Compile Driver"],"picked":"SKIP","floor":46.0},{"not_picked":["Sweeping Beam+1","Self Repair","Steam+1"],"picked":"SKIP","floor":48.0},{"not_picked":["Go for the Eyes","Chill+1"],"picked":"Redo+1","floor":54.0}],"player_experience":913860,"relics_obtained":[{"floor":7.0,"key":"Shovel"},{"floor":9.0,"key":"Incense Burner"},{"floor":12.0,"key":"Toxic Egg 2"},{"floor":17.0,"key":"Boot"},{"floor":17.0,"key":"StrikeDummy"},{"floor":17.0,"key":"FossilizedHelix"},{"floor":24.0,"key":"Art of War"},{"floor":30.0,"key":"Bag of Marbles"},{"floor":37.0,"key":"Gambling Chip"},{"floor":41.0,"key":"HornCleat"},{"floor":43.0,"key":"Blue Candle"},{"floor":44.0,"key":"Nunchaku"},{"floor":52.0,"key":"Cables"},{"floor":54.0,"key":"Toy Ornithopter"}],"event_choices":[{"damage_healed":0.0,"max_hp_gain":0.0,"max_hp_loss":0.0,"gold_gain":0.0,"event_name":"Liars Game","player_choice":"Ignored","floor":2.0,"gold_loss":0.0,"damage_taken":0.0},{"damage_healed":0.0,"max_hp_gain":0.0,"max_hp_loss":0.0,"gold_gain":0.0,"cards_transformed":["Defend_B"],"event_name":"Transmorgrifier","player_choice":"Transformed","floor":3.0,"gold_loss":0.0,"damage_taken":0.0,"cards_obtained":["Beam Cell"]},{"damage_healed":0.0,"max_hp_gain":0.0,"max_hp_loss":0.0,"gold_gain":0.0,"event_name":"Ghosts","player_choice":"Ignored","floor":19.0,"gold_loss":0.0,"damage_taken":0.0},{"cards_removed":["Zap"],"damage_healed":0.0,"max_hp_gain":0.0,"max_hp_loss":0.0,"gold_gain":0.0,"event_name":"Beggar","player_choice":"Gave Gold","floor":20.0,"gold_loss":75.0,"damage_taken":0.0},{"damage_healed":0.0,"max_hp_gain":0.0,"max_hp_loss":0.0,"gold_gain":0.0,"event_name":"MindBloom","player_choice":"Fight","floor":37.0,"gold_loss":0.0,"damage_taken":0.0},{"damage_healed":0.0,"max_hp_gain":0.0,"max_hp_loss":0.0,"gold_gain":0.0,"event_name":"SensoryStone","player_choice":"Memory 1","floor":38.0,"gold_loss":0.0,"damage_taken":0.0},{"damage_healed":0.0,"max_hp_gain":0.0,"max_hp_loss":0.0,"gold_gain":0.0,"cards_transformed":["Defend_B"],"event_name":"Transmorgrifier","player_choice":"Transformed","floor":39.0,"gold_loss":0.0,"damage_taken":0.0,"cards_obtained":["Ball Lightning"]},{"damage_healed":0.0,"max_hp_gain":0.0,"max_hp_loss":4.0,"gold_gain":0.0,"event_name":"Winding Halls","player_choice":"Max HP","floor":47.0,"gold_loss":0.0,"damage_taken":0.0}],"is_beta":false,"boss_relics":[{"not_picked":["Sozu","Fusion Hammer"],"picked":"Calling Bell"},{"not_picked":["Busted Crown","FrozenCore"],"picked":"Inserter"}],"items_purged_floors":[5,21,53],"is_endless":false,"potions_floor_spawned":[4,8,11,18,28,30,35,36,45,48],"ascension_level":0}}