{"host":"kntpungskobv1jqb","time":1607783846,"event":{"mods":["BaseMod","Minty Spire (QoL Compilation)","Replay The Spire","StSLib","SuperFastMode"],"gold_per_floor":[116,116,128,128,128,128,160,172,184,214,226,272,284,322,334,346,346],"floor_reached":16,"playtime":282,"items_purged":[],"score":240,"play_id":"2aeae4f8-e3fd-41dd-9318-7d43aecba51a","local_time":"20201212223726","is_ascension_mode":true,"campfire_choices":[{"data":"Sword Boomerang","floor":6,"key":"SMITH"},{"data":"Searing Blow","floor":11,"key":"SMITH"},{"floor":15,"key":"REST"}],"circlet_count":0,"master_deck":["AscendersBane","Strike_R","Strike_R","Strike_R","Strike_R","Strike_R","Defend_R","Defend_R","Defend_R","Bash","Twin Strike","Sword Boomerang+1","Searing Blow+1","Pommel Strike","Feed","Sword Boomerang"],"relics":["Burning Blood","NeowsBlessing","StrikeDummy","MawBank","Kunai","Replay:Bottled Flurry","Blood Vial"],"acts_visited":["Exordium"],"potions_floor_usage":[16],"damage_taken":[{"damage":0,"enemies":"Cultist","floor":1,"turns":1},{"damage":0,"enemies":"Jaw Worm","floor":3,"turns":1},{"damage":0,"enemies":"3 Sentries","floor":7,"turns":1},{"damage":0,"enemies":"Small Slimes","floor":10,"turns":2},{"damage":40,"enemies":"Lagavulin","floor":12,"turns":4},{"damage":16,"enemies":"Gremlin Nob","floor":14,"turns":3},{"damage":60,"enemies":"Fading Forest","floor":16,"turns":7}],"seed_played":"-1503427533239180087","potions_obtained":[{"floor":1,"key":"Dexterity Potion"},{"floor":7,"key":"Elixir"},{"floor":10,"key":"Adrenaline Potion"}],"is_trial":false,"path_per_floor":["M","$","M","?","?","R","E","$","T","M","R","E","$","E","R","B"],"character_chosen":"IRONCLAD","items_purchased":[],"campfire_rested":1,"item_purchase_floors":[],"current_hp_per_floor":[74,74,75,63,56,56,62,62,62,68,68,34,34,27,50,0,0],"gold":346,"neow_bonus":"THREE_ENEMY_KILL","is_daily":false,"chose_seed":false,"campfire_upgraded":2,"win_rate":0.0,"timestamp":1607783846,"path_taken":["M","$","?","?","?","R","E","?","T","M","R","E","$","E","R","BOSS"],"items_purchased_type":[],"build_version":"2020-11-30","purchased_purges":0,"victory":false,"max_hp_per_floor":[75,75,75,75,75,75,75,75,75,75,75,75,75,78,78,78,78],"card_choices":[{"not_picked":["Entrench","Headbutt"],"picked":"Twin Strike","floor":1},{"not_picked":["Clash","Power Through"],"picked":"Sword Boomerang","floor":3},{"not_picked":["ReplayTheSpireMod:Strike From Hell","Clothesline"],"picked":"Searing Blow","floor":7},{"not_picked":["Burning Pact","Dropkick"],"picked":"Pommel Strike","floor":10},{"not_picked":["Heavy Blade","Thunderclap"],"picked":"Feed","floor":12},{"not_picked":["Armaments","Entrench"],"picked":"Sword Boomerang","floor":14}],"player_experience":450651,"relics_obtained":[{"floor":7,"key":"MawBank"},{"floor":9,"key":"Kunai"},{"floor":12,"key":"Replay:Bottled Flurry"},{"floor":14,"key":"Blood Vial"}],"event_choices":[{"damage_healed":0,"gold_gain":0,"player_choice":"Success","damage_taken":12,"relics_obtained":["StrikeDummy"],"max_hp_gain":0,"max_hp_loss":0,"event_name":"Scrap Ooze","floor":4,"gold_loss":0},{"cards_removed":["Defend_R"],"damage_healed":0,"gold_gain":0,"player_choice":"Card Removal","damage_taken":7,"max_hp_gain":0,"max_hp_loss":0,"event_name":"Golden Wing","floor":5,"gold_loss":0}],"is_beta":false,"boss_relics":[],"items_purged_floors":[],"is_endless":false,"potions_floor_spawned":[1,7,10,14],"killed_by":"Fading Forest","ascension_level":14}}