{"host":"3iouabftir4t7z56","time":1607784119,"event":{"mods":["BaseMod","Colored Map","Conspire","Downfall","Minty Spire (QoL Compilation)","StSLib","The Cursed"],"gold_per_floor":[20,32,132,150,164,192,192,225,225,260,79,79,99,113,113,213,213,233,253,253,163,175,207,217,248,275,275,290,302,312,332,332,428,428,444,307,324,324,127,154,195,195,195,195,228,228,259,278,278,278,278,278,132,158,158,158],"floor_reached":55,"playtime":5304,"items_purged":["TheCursedMod:Strike_TheCursed","TheCursedMod:Defend_TheCursed","TheCursedMod:Defend_TheCursed"],"score":989,"play_id":"cf3a37c4-f863-469d-bf82-02968d663100","local_time":"20201212154159","is_ascension_mode":true,"campfire_choices":[{"data":"TheCursedMod:HellsGateOpen","floor":7,"key":"SMITH"},{"floor":12,"key":"REST"},{"data":"TheCursedMod:BloodBarrier","floor":15,"key":"SMITH"},{"floor":32,"key":"REST"},{"floor":42,"key":"RECALL"},{"floor":44,"key":"REST"},{"floor":46,"key":"REST"},{"floor":49,"key":"REST"},{"floor":52,"key":"REST"}],"circlet_count":0,"master_deck":["TheCursedMod:Defend_TheCursed","TheCursedMod:CursedWand","TheCursedMod:CleanUpWorkshop","TheCursedMod:Dregs","TheCursedMod:HellsGateOpen+1","TheCursedMod:TacticalStrike","TheCursedMod:SurpriseAttack+1","TheCursedMod:ManaBullet","TheCursedMod:SurpriseAttack","TheCursedMod:AbyssShockwave","TheCursedMod:LuckyCharm","TheCursedMod:ReleasedStrength","TheCursedMod:SurpriseAttack","TheCursedMod:BloodBarrier+1","TheCursedMod:Hemoplague","TheCursedMod:CircleOfFlame","TheCursedMod:CursedSpellbook","TheCursedMod:DemonSword","TheCursedMod:AbyssShockwave","TheCursedMod:TroublousMinions","TheCursedMod:LuckyCharm+1","TheCursedMod:SurpriseAttack","TheCursedMod:Evocation","TheCursedMod:FleshFromBone","TheCursedMod:StunningStrike","TheCursedMod:CollectTribute","TheCursedMod:CircleOfWindfury","TheCursedMod:DoubleShield+1","Madness","Madness","TheCursedMod:SpitefulPray","TheCursedMod:CursedArmor+1","TheCursedMod:SurpriseAttack+1","TheCursedMod:Grudge+1","TheCursedMod:NeowsMight+1","TheCursedMod:CursedAmulet+1"],"relics":["TheCursedMod:BlackMagic101","TheCursedMod:Tack","Gremlin Horn","Ornamental Fan","Unceasing Top","Fusion Hammer","Ancient Tea Set","Tiny Chest","Sozu","conspire:TopHat","StrikeDummy","Toxic Egg 2","conspire:Boomerang","Bag of Preparation","Medical Kit","conspire:GiftBox"],"acts_visited":["Exordium","TheCity","TheBeyond","TheEnding"],"potions_floor_usage":[33,33,37],"damage_taken":[{"damage":0,"enemies":"Small Slimes","floor":1,"turns":3},{"damage":0,"enemies":"Cultist","floor":2,"turns":3},{"damage":0,"enemies":"Jaw Worm","floor":4,"turns":3},{"damage":4,"enemies":"Blue Slaver","floor":5,"turns":3},{"damage":17,"enemies":"3 Sentries","floor":6,"turns":5},{"damage":14,"enemies":"Lagavulin","floor":8,"turns":6},{"damage":15,"enemies":"3 Sentries","floor":10,"turns":7},{"damage":0,"enemies":"Lots of Slimes","floor":13,"turns":1},{"damage":0,"enemies":"Exordium Wildlife","floor":14,"turns":1},{"damage":22,"enemies":"Hexaghost","floor":16,"turns":7},{"damage":24,"enemies":"conspire:FuzzyDice","floor":18,"turns":4},{"damage":0,"enemies":"3 Byrds","floor":19,"turns":2},{"damage":9,"enemies":"conspire:HollyBat","floor":22,"turns":7},{"damage":0,"enemies":"Gremlin Leader","floor":23,"turns":5},{"damage":4,"enemies":"Shelled Parasite and Fungi","floor":24,"turns":4},{"damage":0,"enemies":"Book of Stabbing","floor":25,"turns":4},{"damage":0,"enemies":"Snecko","floor":28,"turns":3},{"damage":0,"enemies":"conspire:HollyBat","floor":29,"turns":7},{"damage":0,"enemies":"Sentry and Sphere","floor":30,"turns":3},{"damage":0,"enemies":"3 Cultists","floor":31,"turns":2},{"damage":4,"enemies":"Champ","floor":33,"turns":7},{"damage":0,"enemies":"Orb Walker","floor":35,"turns":2},{"damage":16,"enemies":"3 Darklings","floor":37,"turns":3},{"damage":0,"enemies":"Nemesis","floor":40,"turns":6},{"damage":7,"enemies":"conspire:MimicChest","floor":41,"turns":5},{"damage":0,"enemies":"Giant Head","floor":45,"turns":7},{"damage":7,"enemies":"Reptomancer","floor":47,"turns":5},{"damage":4,"enemies":"Transient","floor":48,"turns":5},{"damage":16,"enemies":"Awakened One","floor":50,"turns":12},{"damage":30,"enemies":"Shield and Spear","floor":54,"turns":5},{"damage":45,"enemies":"The Heart","floor":55,"turns":6}],"seed_played":"3977972786951363459","potions_obtained":[{"floor":2,"key":"SneckoOil"},{"floor":5,"key":"Dexterity Potion"},{"floor":13,"key":"ColorlessPotion"},{"floor":16,"key":"Block Potion"},{"floor":18,"key":"sneckomod:MuddlingPotion"},{"floor":19,"key":"Fire Potion"},{"floor":29,"key":"SteroidPotion"}],"is_trial":false,"path_per_floor":["M","M","?","M","M","E","R","E","T","E","$","R","M","M","R","B",null,"M","M","?","?","M","E","M","E","T","?","M","M","M","M","R","B",null,"M","$","M","?","$","E","?","R","T","R","E","R","E","M","R","B",null,"R","$","E","B"],"character_chosen":"THE_CURSED","items_purchased":["TheCursedMod:BloodBarrier","TheCursedMod:Hemoplague","TheCursedMod:CircleOfWindfury","TheCursedMod:SpitefulPray","Medical Kit"],"campfire_rested":6,"item_purchase_floors":[11,11,36,39,53],"current_hp_per_floor":[75,75,75,75,71,54,54,40,40,25,25,47,47,47,47,25,75,51,51,51,51,42,42,38,38,38,38,38,38,38,38,60,56,75,75,75,59,50,50,50,43,43,43,65,65,75,68,64,75,59,75,75,75,45,0,0],"gold":158,"neow_bonus":"TRANSFORM_TWO_CARDS","is_daily":false,"chose_seed":false,"campfire_upgraded":2,"win_rate":0.0,"timestamp":1607784119,"path_taken":["M","M","?","M","?","E","R","E","T","E","?","R","M","M","R","BOSS","M","M","?","?","M","E","?","E","T","?","M","M","M","M","R","BOSS","M","$","M","?","$","E","?","R","T","R","E","R","E","M","R","BOSS","R","$","E","BOSS"],"items_purchased_type":["Card","Card","Card","Card","Relic"],"build_version":"2020-11-30","purchased_purges":3,"victory":false,"max_hp_per_floor":[75,75,75,75,75,75,75,75,75,75,75,75,75,75,75,75,75,75,75,75,75,75,75,75,75,75,75,75,75,75,75,75,75,75,75,75,75,75,75,75,75,75,75,75,75,75,75,75,75,75,75,75,75,75,75,75],"card_choices":[{"not_picked":["TheCursedMod:CursedAmulet","TheCursedMod:CursedBlade"],"picked":"TheCursedMod:SurpriseAttack","floor":1},{"not_picked":["TheCursedMod:SmokeScreen","TheCursedMod:Neurasthenia"],"picked":"TheCursedMod:ManaBullet","floor":2},{"not_picked":["TheCursedMod:Obscuration","TheCursedMod:CircleOfCorruption"],"picked":"TheCursedMod:SurpriseAttack","floor":4},{"not_picked":["TheCursedMod:Stretching","TheCursedMod:Stigma"],"picked":"TheCursedMod:AbyssShockwave","floor":5},{"not_picked":["TheCursedMod:Obscuration","TheCursedMod:CursedStaff"],"picked":"TheCursedMod:LuckyCharm","floor":6},{"not_picked":["TheCursedMod:CircleOfWindfury","TheCursedMod:CursedBoomerang"],"picked":"TheCursedMod:ReleasedStrength","floor":8},{"not_picked":["TheCursedMod:CircleOfAmplification","TheCursedMod:RapidMovement"],"picked":"TheCursedMod:SurpriseAttack","floor":10},{"not_picked":["TheCursedMod:CursedMace","TheCursedMod:RapidMovement"],"picked":"TheCursedMod:CircleOfFlame","floor":13},{"not_picked":["TheCursedMod:Hemoplague","TheCursedMod:CircleOfFlame"],"picked":"TheCursedMod:CursedSpellbook","floor":14},{"not_picked":["TheCursedMod:NeowsMight","TheCursedMod:StunningStrike"],"picked":"TheCursedMod:DemonSword","floor":16},{"not_picked":["TheCursedMod:SpitefulStrike","TheCursedMod:Torture"],"picked":"TheCursedMod:AbyssShockwave","floor":18},{"not_picked":["TheCursedMod:RavingStaff","TheCursedMod:Wield","TheCursedMod:CircleOfWindfury"],"picked":"SKIP","floor":19},{"not_picked":["TheCursedMod:VitalStrike","TheCursedMod:Torture"],"picked":"TheCursedMod:LuckyCharm+1","floor":22},{"not_picked":["TheCursedMod:ManaCirculation","TheCursedMod:SaltUponWound","TheCursedMod:AshesToAshes"],"picked":"SKIP","floor":23},{"not_picked":["TheCursedMod:CursedBoomerang","TheCursedMod:RavingStaff+1"],"picked":"TheCursedMod:SurpriseAttack","floor":24},{"not_picked":["TheCursedMod:WearCloak+1","TheCursedMod:BloodBarrier","TheCursedMod:HellsGateOpen"],"picked":"SKIP","floor":25},{"not_picked":["TheCursedMod:Wield","TheCursedMod:WearCloak"],"picked":"TheCursedMod:Evocation","floor":28},{"not_picked":["TheCursedMod:BlessingInDisguise","TheCursedMod:SpitefulStrike","TheCursedMod:Torture"],"picked":"SKIP","floor":29},{"not_picked":["TheCursedMod:Stretching","TheCursedMod:Wield"],"picked":"TheCursedMod:FleshFromBone","floor":30},{"not_picked":["TheCursedMod:RapidMovement+1","TheCursedMod:FleshFromBone"],"picked":"TheCursedMod:StunningStrike","floor":31},{"not_picked":["TheCursedMod:ManaCirculation","TheCursedMod:OutForBlood"],"picked":"TheCursedMod:CollectTribute","floor":33},{"not_picked":["TheCursedMod:CursedMace+1","TheCursedMod:WearCloak+1","TheCursedMod:BlessingInDisguise"],"picked":"SKIP","floor":35},{"not_picked":["TheCursedMod:ManaBullet","TheCursedMod:SaltUponWound"],"picked":"TheCursedMod:DoubleShield+1","floor":37},{"not_picked":["TheCursedMod:AbyssShockwave","TheCursedMod:FleshFromBone","TheCursedMod:FuryStrike+1"],"picked":"SKIP","floor":40},{"not_picked":["TheCursedMod:StunningStrike","TheCursedMod:Mangle"],"picked":"TheCursedMod:CursedArmor+1","floor":41},{"not_picked":["TheCursedMod:Stigma","TheCursedMod:ForbiddenAlchemy+1"],"picked":"TheCursedMod:SurpriseAttack+1","floor":45},{"not_picked":["TheCursedMod:Mangle","TheCursedMod:Torture+1","TheCursedMod:Wield+1"],"picked":"SKIP","floor":47},{"not_picked":["TheCursedMod:StingEye","TheCursedMod:CursedShiv+1"],"picked":"TheCursedMod:Grudge+1","floor":48},{"not_picked":["TheCursedMod:ForbiddenAlchemy+1","TheCursedMod:DemonicPact"],"picked":"TheCursedMod:NeowsMight+1","floor":54},{"not_picked":["TheCursedMod:CircleOfFocus+1","TheCursedMod:SoulCrush+1"],"picked":"TheCursedMod:CursedAmulet+1","floor":54}],"player_experience":582881,"relics_obtained":[{"floor":6,"key":"TheCursedMod:Tack"},{"floor":8,"key":"Gremlin Horn"},{"floor":9,"key":"Ornamental Fan"},{"floor":10,"key":"Unceasing Top"},{"floor":23,"key":"Ancient Tea Set"},{"floor":25,"key":"Tiny Chest"},{"floor":40,"key":"conspire:TopHat"},{"floor":41,"key":"StrikeDummy"},{"floor":43,"key":"Toxic Egg 2"},{"floor":45,"key":"conspire:Boomerang"},{"floor":47,"key":"Bag of Preparation"},{"floor":54,"key":"conspire:GiftBox"}],"event_choices":[{"damage_healed":0,"gold_gain":100,"player_choice":"Pray","damage_taken":0,"max_hp_gain":0,"max_hp_loss":0,"event_name":"Golden Shrine","floor":3,"gold_loss":0},{"damage_healed":0,"gold_gain":0,"player_choice":"Read","damage_taken":0,"max_hp_gain":0,"max_hp_loss":0,"event_name":"The Library","floor":20,"gold_loss":0,"cards_obtained":["TheCursedMod:TroublousMinions"]},{"cards_removed":["TheCursedMod:Strike_TheCursed"],"damage_healed":0,"gold_gain":0,"player_choice":"Upgrade and Remove","damage_taken":0,"max_hp_gain":0,"max_hp_loss":0,"event_name":"Designer","floor":21,"gold_loss":90,"cards_upgraded":["TheCursedMod:SurpriseAttack"]},{"cards_removed":["TheCursedMod:Strike_TheCursed"],"damage_healed":0,"gold_gain":0,"player_choice":"Elegance","damage_taken":0,"max_hp_gain":0,"max_hp_loss":0,"event_name":"Back to Basics","floor":27,"gold_loss":0},{"damage_healed":0,"gold_gain":0,"player_choice":"Embrace Madness","damage_taken":9,"max_hp_gain":0,"max_hp_loss":0,"event_name":"Winding Halls","floor":38,"gold_loss":0,"cards_obtained":["Madness","Madness"]}],"is_beta":false,"boss_relics":[{"not_picked":["conspire:SlowCooker","Black Star"],"picked":"Fusion Hammer"},{"not_picked":["Runic Dome","Velvet Choker"],"picked":"Sozu"}],"items_purged_floors":[11,36,39],"is_endless":false,"potions_floor_spawned":[2,5,13,14,16,18,19,23,29,31,40,45,47],"killed_by":"The Heart","ascension_level":1}}