{"host":"tfp298o0a6uof1l0","time":1607774294,"event":{"mods":["BaseMod","Colored Powertips","Friendly Minions","Lobotomy","Minty Spire (QoL Compilation)","StSLib"],"gold_per_floor":[118,130,141,141,141,141,169,238,310,89,124,138,157,180,180,309,309,333,150,75,75,93,136,136,176,200,35,73,92,105,105,105,228,228,246,270,270,270,47,83,83,102,127,183,214,270,307,652,664,676],"floor_reached":51,"playtime":3143,"items_purged":["Injury","Strike_G","Strike_G"],"score":1018,"play_id":"bf891227-26f3-4fa0-9ea8-fff63b53c824","local_time":"20201212205814","is_ascension_mode":true,"campfire_choices":[{"data":"Cloak And Dagger","floor":6.0,"key":"SMITH"},{"floor":15,"key":"REST"},{"data":"Envenom","floor":24,"key":"SMITH"},{"data":"Envenom","floor":32,"key":"SMITH"},{"data":"Apotheosis","floor":41,"key":"SMITH"},{"data":"After Image","floor":49,"key":"SMITH"}],"circlet_count":0,"master_deck":["Strike_G","Strike_G","Defend_G","Defend_G","Defend_G","Defend_G","Defend_G","Survivor","Neutralize+1","Acrobatics","Dagger Spray","Cloak And Dagger+1","Envenom+1","Blade Dance","Envenom+1","After Image+1","Slice","Deflect","Sucker Punch","Glass Knife","Blade Dance+1","Accuracy","Bane","Backflip+1","Catalyst","Burst","Backflip","Backstab","Infinite Blades","Glass Knife","Concentrate+1","Blade Dance","Apotheosis+1","Cloak And Dagger","Sucker Punch+1","Adrenaline","Footwork","Parasite","Slice","PiercingWail+1"],"relics":["Ring of the Serpent","TungstenRod","Odd Mushroom","Centennial Puzzle","Paper Crane","White Beast Statue","SacredBark","Vajra","Smiling Mask","Toy Ornithopter","Anchor","Oddly Smooth Stone","Boot","MawBank","Prayer Wheel","Bottled Flame"],"acts_visited":["Exordium","TheCity","TheBeyond"],"potions_floor_usage":[11,13,14,16,18,23,25,25,28,30,33,33,35,35,40,42,44,45,47,47,50,51],"damage_taken":[{"damage":0.0,"enemies":"2 Louse","floor":1.0,"turns":4.0},{"damage":3.0,"enemies":"Jaw Worm","floor":2.0,"turns":6.0},{"damage":6.0,"enemies":"Small Slimes","floor":3.0,"turns":4.0},{"damage":9.0,"enemies":"The Mushroom Lair","floor":7.0,"turns":5.0},{"damage":10.0,"enemies":"Lagavulin Event","floor":8.0,"turns":9.0},{"damage":25,"enemies":"Gremlin Nob","floor":11,"turns":4},{"damage":4,"enemies":"Looter","floor":12,"turns":2},{"damage":0,"enemies":"3 Louse","floor":13,"turns":1},{"damage":2,"enemies":"Exordium Wildlife","floor":14,"turns":4},{"damage":4,"enemies":"Slime Boss","floor":16,"turns":11},{"damage":0,"enemies":"2 Thieves","floor":18,"turns":4},{"damage":2,"enemies":"Spheric Guardian","floor":22,"turns":3},{"damage":24,"enemies":"Slavers","floor":23,"turns":4},{"damage":0,"enemies":"Gremlin Leader","floor":25,"turns":3},{"damage":9,"enemies":"Book of Stabbing","floor":28,"turns":3},{"damage":0,"enemies":"Centurion and Healer","floor":29,"turns":6},{"damage":2,"enemies":"Snecko","floor":30,"turns":5},{"damage":1,"enemies":"Champ","floor":33,"turns":8},{"damage":7,"enemies":"3 Darklings","floor":35,"turns":8},{"damage":0,"enemies":"3 Shapes","floor":36,"turns":3},{"damage":7,"enemies":"Reptomancer","floor":40,"turns":5},{"damage":36,"enemies":"Sphere and 2 Shapes","floor":42,"turns":7},{"damage":0,"enemies":"Nemesis","floor":44,"turns":5},{"damage":0,"enemies":"Jaw Worm Horde","floor":45,"turns":4},{"damage":1,"enemies":"Giant Head","floor":46,"turns":5},{"damage":2,"enemies":"Writhing Mass","floor":47,"turns":7},{"damage":26,"enemies":"Time Eater","floor":50,"turns":9}],"seed_played":"-8373678980994165165","potions_obtained":[{"floor":3.0,"key":"CultistPotion"},{"floor":7.0,"key":"Dexterity Potion"},{"floor":11,"key":"Energy Potion"},{"floor":12,"key":"Explosive Potion"},{"floor":13,"key":"SmokeBomb"},{"floor":14,"key":"Energy Potion"},{"floor":16,"key":"Poison Potion"},{"floor":18,"key":"Regen Potion"},{"floor":22,"key":"Energy Potion"},{"floor":23,"key":"CunningPotion"},{"floor":25,"key":"BlessingOfTheForge"},{"floor":28,"key":"Block Potion"},{"floor":29,"key":"SpeedPotion"},{"floor":30,"key":"SpeedPotion"},{"floor":33,"key":"SkillPotion"},{"floor":35,"key":"Dexterity Potion"},{"floor":36,"key":"LiquidMemories"},{"floor":40,"key":"Swift Potion"},{"floor":42,"key":"PowerPotion"},{"floor":44,"key":"ColorlessPotion"},{"floor":45,"key":"Block Potion"},{"floor":46,"key":"Regen Potion"},{"floor":47,"key":"LiquidBronze"}],"is_trial":false,"path_per_floor":["M","M","M","?","?","R","?","?","T","$","E","M","M","M","R","B",null,"M","$","?","?","M","E","R","E","T","$","E","M","M","?","R","B",null,"M","M","?","?","$","E","R","M","T","E","M","E","M","?","R","B",null],"character_chosen":"THE_SILENT","items_purchased":["Envenom","Vajra","Accuracy","CunningPotion","Catalyst","Apotheosis"],"campfire_rested":1,"item_purchase_floors":[10,19,19,27,27,39],"current_hp_per_floor":[63,60,54,54,54,54,45,35,35,35,10,6,6,4,22,18,63,63,63,63,63,61,37,37,63,63,63,54,54,57,57,57,62,63,56,56,56,56,56,54,54,23,23,28,33,32,63,63,63,37],"gold":688,"neow_bonus":"ONE_RARE_RELIC","is_daily":false,"chose_seed":false,"campfire_upgraded":5,"win_rate":0.0,"timestamp":1607774294,"path_taken":["M","M","M","?","?","R","?","?","T","$","E","M","?","M","R","BOSS","M","$","?","?","M","E","R","E","T","$","E","M","M","?","R","BOSS","M","M","?","?","$","E","R","M","T","E","M","E","M","?","R","BOSS"],"items_purchased_type":["Card","Relic","Card","Potion","Card","Card"],"build_version":"2020-11-30","purchased_purges":3,"victory":true,"max_hp_per_floor":[63,63,63,63,63,63,63,63,63,63,63,63,63,63,63,63,63,63,63,63,63,63,63,63,63,63,63,63,63,63,63,63,63,63,63,63,63,63,63,63,63,63,63,63,63,63,63,63,63,63],"card_choices":[{"not_picked":["Prepared","Predator"],"picked":"Acrobatics","floor":1.0},{"not_picked":["Setup","Acrobatics"],"picked":"Dagger Spray","floor":2.0},{"not_picked":["Bane","Blade Dance"],"picked":"Cloak And Dagger","floor":3.0},{"not_picked":["Outmaneuver","Backflip"],"picked":"Envenom","floor":7.0},{"not_picked":["Dagger Throw","Underhanded Strike"],"picked":"Blade Dance","floor":8.0},{"not_picked":["Prepared","Acrobatics"],"picked":"After Image","floor":11},{"not_picked":["Bane","Dagger Spray"],"picked":"Slice","floor":12},{"not_picked":["Flechettes","Reflex"],"picked":"Deflect","floor":13},{"not_picked":["Blur","Poisoned Stab"],"picked":"Sucker Punch","floor":14},{"not_picked":["Die Die Die","Corpse Explosion"],"picked":"Glass Knife","floor":16},{"not_picked":["Dodge and Roll","Poisoned Stab"],"picked":"Blade Dance+1","floor":18},{"not_picked":["Endless Agony","All Out Attack+1"],"picked":"Bane","floor":22},{"not_picked":["Flying Knee","Flechettes","Poisoned Stab"],"picked":"SKIP","floor":23},{"not_picked":["Deadly Poison","Dodge and Roll"],"picked":"Backflip+1","floor":25},{"not_picked":["Outmaneuver","Bane"],"picked":"Burst","floor":28},{"not_picked":["Sucker Punch","Escape Plan"],"picked":"Backflip","floor":29},{"not_picked":["Flying Knee+1","Dagger Spray"],"picked":"Backstab","floor":30},{"not_picked":["Tools of the Trade","Grand Finale"],"picked":"Glass Knife","floor":33},{"not_picked":["Choke+1","Eviscerate"],"picked":"Concentrate+1","floor":35},{"not_picked":["Dash","PiercingWail"],"picked":"Blade Dance","floor":36},{"not_picked":["Expertise+1","Sucker Punch","Distraction"],"picked":"SKIP","floor":40},{"not_picked":["Deflect","Deadly Poison"],"picked":"Cloak And Dagger","floor":42},{"not_picked":["Caltrops+1","Distraction+1"],"picked":"Sucker Punch+1","floor":44},{"not_picked":["PiercingWail","Outmaneuver"],"picked":"Adrenaline","floor":45},{"not_picked":["Deadly Poison","Poisoned Stab+1","Quick Slash+1"],"picked":"SKIP","floor":45},{"not_picked":["PiercingWail","Skewer+1"],"picked":"Footwork","floor":46},{"not_picked":["Acrobatics","Unload"],"picked":"Slice","floor":47},{"not_picked":["Skewer","Slice+1"],"picked":"PiercingWail+1","floor":47}],"player_experience":212684,"relics_obtained":[{"floor":7.0,"key":"Odd Mushroom"},{"floor":8.0,"key":"Centennial Puzzle"},{"floor":9.0,"key":"Paper Crane"},{"floor":11,"key":"White Beast Statue"},{"floor":23,"key":"Smiling Mask"},{"floor":25,"key":"Toy Ornithopter"},{"floor":26,"key":"Anchor"},{"floor":28,"key":"Oddly Smooth Stone"},{"floor":40,"key":"Boot"},{"floor":43,"key":"MawBank"},{"floor":44,"key":"Prayer Wheel"},{"floor":46,"key":"Bottled Flame"}],"event_choices":[{"damage_healed":0.0,"max_hp_gain":0.0,"max_hp_loss":0.0,"gold_gain":0.0,"event_name":"Living Wall","player_choice":"Grow","floor":4.0,"gold_loss":0.0,"damage_taken":0.0,"cards_upgraded":["Neutralize"]},{"damage_healed":0.0,"max_hp_gain":0.0,"max_hp_loss":0.0,"gold_gain":0.0,"event_name":"Golden Idol","player_choice":"Take Wound","floor":5.0,"gold_loss":0.0,"damage_taken":0.0,"relics_obtained":["Golden Idol"],"cards_obtained":["Injury"]},{"damage_healed":0.0,"max_hp_gain":0.0,"max_hp_loss":0.0,"gold_gain":0.0,"event_name":"Mushrooms","player_choice":"Fought Mushrooms","floor":7.0,"gold_loss":0.0,"damage_taken":0.0},{"damage_healed":0.0,"max_hp_gain":0.0,"max_hp_loss":0.0,"gold_gain":0.0,"event_name":"Dead Adventurer","player_choice":"Searched \u00271\u0027 times","floor":8.0,"gold_loss":0.0,"damage_taken":0.0},{"cards_removed":["Strike_G"],"damage_healed":0,"gold_gain":0,"player_choice":"Gave Gold","damage_taken":0,"max_hp_gain":0,"max_hp_loss":0,"event_name":"Beggar","floor":20,"gold_loss":75},{"damage_healed":0,"gold_gain":0,"player_choice":"Ignored","damage_taken":0,"max_hp_gain":0,"max_hp_loss":0,"event_name":"Ghosts","floor":21,"gold_loss":0},{"damage_healed":0,"gold_gain":0,"player_choice":"Read","damage_taken":0,"max_hp_gain":0,"max_hp_loss":0,"event_name":"The Library","floor":31,"gold_loss":0,"cards_obtained":["Infinite Blades"]},{"damage_healed":0,"gold_gain":0,"player_choice":"Ignored","damage_taken":0,"max_hp_gain":0,"max_hp_loss":0,"event_name":"Tomb of Lord Red Mask","floor":37,"gold_loss":0},{"damage_healed":0,"gold_gain":0,"player_choice":"Memory 1","damage_taken":0,"max_hp_gain":0,"max_hp_loss":0,"event_name":"SensoryStone","floor":38,"gold_loss":0},{"damage_healed":0,"gold_gain":333,"player_choice":"Gave Idol","damage_taken":0,"max_hp_gain":0,"max_hp_loss":0,"event_name":"The Moai Head","floor":48,"relics_lost":["Golden Idol"],"gold_loss":0}],"is_beta":false,"boss_relics":[{"not_picked":["Velvet Choker","Cursed Key"],"picked":"SacredBark"},{"not_picked":["Calling Bell","Pandora\u0027s Box"],"picked":"Ring of the Serpent"}],"items_purged_floors":[10,27,39],"is_endless":false,"potions_floor_spawned":[3,7,11,12,13,14,16,18,22,23,25,28,29,30,33,35,36,40,42,44,45,46,47],"ascension_level":3}}