{"host":"sct5htsgcw1q318k","time":1607806659,"event":{"mods":["BaseMod","Colored Map","Minty Spire (QoL Compilation)","Permanent Neow"],"gold_per_floor":[114,126,126,141,156,156,183,193,220,252,264,298,340,352,364,376,376],"floor_reached":16,"playtime":1244,"items_purged":[],"score":198,"play_id":"db372188-11e9-4744-80e9-0aadf3b30f8d","local_time":"20201212145739","is_ascension_mode":true,"campfire_choices":[{"data":"Searing Blow","floor":6.0,"key":"SMITH"},{"data":"Searing Blow+1","floor":11,"key":"SMITH"},{"floor":15,"key":"REST"}],"circlet_count":0,"master_deck":["AscendersBane","Strike_R","Strike_R","Strike_R","Strike_R","Strike_R","Defend_R","Defend_R","Defend_R","Defend_R","Bash","Corruption","Searing Blow+2","Shrug It Off","Carnage","Seeing Red","Intimidate","Burning Pact"],"relics":["Burning Blood","Ancient Tea Set","Anchor","MawBank","Odd Mushroom","Oddly Smooth Stone"],"acts_visited":["Exordium"],"potions_floor_usage":[10,10,14,16,16],"damage_taken":[{"damage":8.0,"enemies":"Jaw Worm","floor":1.0,"turns":5.0},{"damage":3.0,"enemies":"Small Slimes","floor":2.0,"turns":4.0},{"damage":6.0,"enemies":"Cultist","floor":4.0,"turns":3.0},{"damage":7.0,"enemies":"3 Louse","floor":5.0,"turns":4.0},{"damage":15.0,"enemies":"Lagavulin","floor":7.0,"turns":7.0},{"damage":23.0,"enemies":"Large Slime","floor":8.0,"turns":7.0},{"damage":6,"enemies":"Gremlin Nob","floor":10,"turns":4},{"damage":20,"enemies":"The Mushroom Lair","floor":12,"turns":5},{"damage":25,"enemies":"3 Sentries","floor":13,"turns":8},{"damage":48,"enemies":"The Guardian","floor":16,"turns":8}],"seed_played":"-5303478423059468158","potions_obtained":[{"floor":1.0,"key":"DuplicationPotion"},{"floor":4.0,"key":"Energy Potion"},{"floor":8.0,"key":"Block Potion"},{"floor":14,"key":"Fruit Juice"},{"floor":14,"key":"LiquidBronze"},{"floor":14,"key":"Energy Potion"}],"is_trial":false,"path_per_floor":["M","M","?","M","M","R","E","M","T","E","R","?","E","?","R","B"],"character_chosen":"IRONCLAD","items_purchased":[],"campfire_rested":1,"item_purchase_floors":[],"current_hp_per_floor":[70,73,73,73,72,72,63,46,46,46,46,32,13,18,43,0,0],"gold":376,"neow_bonus":"ONE_RANDOM_RARE_CARD","is_daily":false,"chose_seed":false,"campfire_upgraded":2,"win_rate":0.0,"timestamp":1607806659,"path_taken":["M","M","?","M","M","R","E","M","T","E","R","?","E","?","R","BOSS"],"items_purchased_type":[],"build_version":"2020-11-30","purchased_purges":0,"victory":false,"max_hp_per_floor":[80,80,80,80,80,80,80,80,80,80,80,80,80,85,85,85,85],"card_choices":[{"not_picked":["Reckless Charge","Heavy Blade"],"picked":"Searing Blow","floor":1.0},{"not_picked":["Warcry","Combust"],"picked":"Shrug It Off","floor":2.0},{"not_picked":["Twin Strike","Pommel Strike"],"picked":"Carnage","floor":4.0},{"not_picked":["Body Slam","Cleave","Dropkick"],"picked":"SKIP","floor":5.0},{"not_picked":["Perfected Strike","Heavy Blade","Sword Boomerang"],"picked":"SKIP","floor":7.0},{"not_picked":["Clash","Flex"],"picked":"Seeing Red","floor":8.0},{"not_picked":["Perfected Strike","Wild Strike"],"picked":"Intimidate","floor":10},{"not_picked":["Clash","Body Slam"],"picked":"Burning Pact","floor":12},{"not_picked":["Rupture","Armaments","Thunderclap"],"picked":"SKIP","floor":13}],"player_experience":741331,"relics_obtained":[{"floor":7.0,"key":"Ancient Tea Set"},{"floor":9.0,"key":"Anchor"},{"floor":10,"key":"MawBank"},{"floor":12,"key":"Odd Mushroom"},{"floor":13,"key":"Oddly Smooth Stone"}],"event_choices":[{"damage_healed":0.0,"max_hp_gain":0.0,"max_hp_loss":0.0,"gold_gain":0.0,"event_name":"Liars Game","player_choice":"Ignored","floor":3.0,"gold_loss":0.0,"damage_taken":0.0},{"damage_healed":0,"gold_gain":0,"player_choice":"Fought Mushrooms","damage_taken":0,"max_hp_gain":0,"max_hp_loss":0,"event_name":"Mushrooms","floor":12,"gold_loss":0},{"damage_healed":0,"gold_gain":0,"player_choice":"Got Potions","damage_taken":0,"max_hp_gain":0,"max_hp_loss":0,"event_name":"Lab","floor":14,"gold_loss":0}],"is_beta":false,"boss_relics":[],"items_purged_floors":[],"is_endless":false,"potions_floor_spawned":[1,4,8],"killed_by":"The Guardian","ascension_level":13}}