{"host":"2461dio7vetlq1z3","time":1607788981,"event":{"mods":["AchievementEnabler","Aspiration","BaseMod","Hermit","Lobotomy","Minty Spire (QoL Compilation)","Relic Stats","Spicy Shops","StSLib","Waifu the Spire"],"gold_per_floor":[109,125,125,141,141,141,170,189,189,189,202,202,237,112,112,188,188,175,195,211,211,211],"floor_reached":21,"playtime":1107,"items_purged":["Strike_B"],"score":315,"play_id":"945fc2c1-336d-4171-a644-fb969b989e1d","local_time":"20201212170301","is_ascension_mode":true,"campfire_choices":[{"data":"Sunder","floor":6,"key":"SMITH"},{"data":"Zap","floor":10,"key":"SMITH"},{"floor":12,"key":"REST"},{"data":"Static Discharge","floor":15,"key":"SMITH"}],"circlet_count":0,"master_deck":["AscendersBane","Strike_B","Strike_B","Defend_B","Defend_B","Defend_B","Defend_B","Zap+1","Dualcast","Auto Shields","Scrape","aspiration:Polymerization","Sunder+1","Capacitor","Conserve Battery","Conserve Battery","Machine Learning","Static Discharge+1","Electrodynamics","Coolheaded+1"],"relics":["aspiration:RunicSpoon","Bag of Preparation","aspiration:StickyExplosives_weak","MealTicket","aspiration:Stellarator"],"acts_visited":["Exordium","TheCity"],"potions_floor_usage":[7,13,18,18],"damage_taken":[{"damage":1,"enemies":"Cultist","floor":1,"turns":4},{"damage":7,"enemies":"Jaw Worm","floor":2,"turns":4},{"damage":8,"enemies":"Small Slimes","floor":4,"turns":4},{"damage":38,"enemies":"Lagavulin","floor":7,"turns":7},{"damage":10,"enemies":"3 Louse","floor":8,"turns":4},{"damage":0,"enemies":"Large Slime","floor":11,"turns":5},{"damage":5,"enemies":"3 Sentries","floor":13,"turns":5},{"damage":21,"enemies":"Hexaghost","floor":16,"turns":6},{"damage":13,"enemies":"2 Thieves","floor":18,"turns":4},{"damage":8,"enemies":"3 Byrds","floor":19,"turns":2},{"damage":26,"enemies":"Centurion and Healer","floor":20,"turns":5},{"damage":20,"enemies":"Sentry and Sphere","floor":21,"turns":3}],"seed_played":"-5316995551513029704","potions_obtained":[{"floor":1,"key":"Explosive Potion"},{"floor":4,"key":"Energy Potion"},{"floor":5,"key":"DistilledChaos"},{"floor":7,"key":"LiquidMemories"},{"floor":16,"key":"ColorlessPotion"},{"floor":18,"key":"EssenceOfDarkness"}],"is_trial":false,"path_per_floor":["M","M","?","M","?","R","E","M","T","R","M","R","E","$","R","B",null,"M","M","M","M"],"character_chosen":"DEFECT","items_purchased":["Static Discharge"],"campfire_rested":1,"item_purchase_floors":[14],"current_hp_per_floor":[67,60,60,52,52,52,14,4,4,4,4,26,21,36,36,15,60,47,39,13,0,0],"gold":211,"neow_bonus":"BOSS_RELIC","is_daily":false,"chose_seed":false,"campfire_upgraded":3,"win_rate":0.0,"timestamp":1607788981,"path_taken":["M","M","?","M","?","R","E","M","T","R","M","R","E","$","R","BOSS","M","?","M","M"],"items_purchased_type":["Card"],"build_version":"2020-11-30","purchased_purges":1,"victory":false,"max_hp_per_floor":[75,75,75,75,75,75,75,75,75,75,75,75,75,75,75,75,75,75,75,75,75,75],"relic_stats":{"counters":[12,53],"aspiration:RunicSpoon":[47],"MealTicket":15,"Bag of Preparation":[16],"obtain_stats":[{"aspiration:Stellarator":17,"aspiration:RunicSpoon":0,"MealTicket":13,"Bag of Preparation":7,"Cracked Core":0,"aspiration:StickyExplosives_weak":9},{"aspiration:Stellarator":8,"aspiration:RunicSpoon":0,"MealTicket":7,"Bag of Preparation":4,"Cracked Core":0,"aspiration:StickyExplosives_weak":5},{"aspiration:Stellarator":39,"aspiration:RunicSpoon":0,"MealTicket":33,"Bag of Preparation":19,"Cracked Core":0,"aspiration:StickyExplosives_weak":23}]},"card_choices":[{"not_picked":["Beam Cell","Hologram"],"picked":"Auto Shields","floor":1},{"not_picked":["Skim","Go for the Eyes"],"picked":"Scrape","floor":2},{"not_picked":["Compile Driver","Scrape"],"picked":"Sunder","floor":4},{"not_picked":["Go for the Eyes","Hello World"],"picked":"Capacitor","floor":7},{"not_picked":["Doom and Gloom","Compile Driver"],"picked":"Conserve Battery","floor":8},{"not_picked":["Barrage","Redo"],"picked":"Conserve Battery","floor":11},{"not_picked":["Fusion","Aggregate"],"picked":"Machine Learning","floor":13},{"not_picked":["Buffer","Echo Form"],"picked":"Electrodynamics","floor":16},{"not_picked":["Reprogram","Tempest","Steam"],"picked":"SKIP","floor":18},{"not_picked":["Heatsinks+1","Ball Lightning"],"picked":"Coolheaded+1","floor":19},{"not_picked":["Cold Snap","Darkness","Turbo"],"picked":"SKIP","floor":20}],"player_experience":647915,"relics_obtained":[{"floor":7,"key":"Bag of Preparation"},{"floor":9,"key":"aspiration:StickyExplosives_weak"},{"floor":13,"key":"MealTicket"}],"event_choices":[{"damage_healed":0,"gold_gain":0,"cards_transformed":["Strike_B"],"player_choice":"Change","damage_taken":0,"max_hp_gain":0,"max_hp_loss":0,"event_name":"Living Wall","floor":3,"gold_loss":0,"cards_obtained":["aspiration:Polymerization"]},{"damage_healed":0,"gold_gain":0,"player_choice":"Got Potions","damage_taken":0,"max_hp_gain":0,"max_hp_loss":0,"event_name":"Lab","floor":5,"gold_loss":0}],"is_beta":false,"boss_relics":[{"not_picked":["SlaversCollar","Busted Crown"],"picked":"aspiration:Stellarator"}],"items_purged_floors":[14],"is_endless":false,"potions_floor_spawned":[1,4,7,11,16,18],"killed_by":"Sentry and Sphere","ascension_level":13}}