{"host":"7gewg82ormp6yt4e","time":1607779534,"event":{"mods":["BaseMod","Block Reminder","Colored Map","Colored Powertips","DeckTracker","Highlight Path","Minty Spire (QoL Compilation)","Relic Stats","StSLib"],"gold_per_floor":[111,111,111,122,141,141,174,194,194,154,111,111,146,16,16,93,93,106,122,122,97,97,97,113,127,127,127,143,68,68,118,118,190,190,202,202,1201,725,725,725,755,755,834,866,881,912,944,593,593,593,593,593,593,83,116,116],"floor_reached":57,"playtime":4396,"items_purged":["Strike_G","Normality","Strike_G+1","Strike_G+1"],"score":2748,"play_id":"a5d95ef9-c93a-4ce4-891d-1aa48d9ceabd","local_time":"20201212222534","is_ascension_mode":true,"campfire_choices":[{"data":"Noxious Fumes","floor":6.0,"key":"SMITH"},{"floor":12.0,"key":"REST"},{"floor":15.0,"key":"REST"},{"floor":23.0,"key":"REST"},{"data":"Catalyst","floor":27.0,"key":"SMITH"},{"data":"Catalyst","floor":32.0,"key":"SMITH"},{"floor":40.0,"key":"REST"},{"data":"Burst","floor":42,"key":"SMITH"},{"floor":49,"key":"RECALL"},{"data":"Catalyst","floor":53,"key":"SMITH"}],"circlet_count":0,"master_deck":["AscendersBane","Strike_G+1","Defend_G+1","Defend_G+1","Defend_G+1","Defend_G+1","Defend_G+1","Survivor","Neutralize","Deadly Poison","Riddle With Holes","Noxious Fumes+1","Catalyst+1","Poisoned Stab","Catalyst+1","Tools of the Trade","Envenom","Flying Knee+1","Leg Sweep","Acrobatics","PiercingWail+1","Outmaneuver+1","Eviscerate+1","Die Die Die","Burst+1","Dark Shackles","Catalyst+1","Bullet Time","Dash","Backflip+1","Footwork+1","Blur","Apotheosis","PiercingWail","Burst"],"relics":["Ring of the Snake","Omamori","Art of War","Sundial","Torii","Ancient Tea Set","Snecko Eye","Calling Bell","Anchor","Eternal Feather","WingedGreaves","Membership Card","Whetstone","Frozen Egg 2","HornCleat","Meat on the Bone","StoneCalendar","Dream Catcher","Toy Ornithopter","Orichalcum","Nunchaku","Lee\u0027s Waffle","Paper Crane","Blue Candle"],"acts_visited":["Exordium","TheCity","TheBeyond","TheEnding"],"potions_floor_usage":[41,45,46,51,51,55,56],"damage_taken":[{"damage":0.0,"enemies":"Small Slimes","floor":1.0,"turns":4.0},{"damage":0.0,"enemies":"Jaw Worm","floor":4.0,"turns":4.0},{"damage":0.0,"enemies":"2 Louse","floor":5.0,"turns":4.0},{"damage":52.0,"enemies":"Gremlin Nob","floor":7.0,"turns":5.0},{"damage":0.0,"enemies":"Blue Slaver","floor":8.0,"turns":5.0},{"damage":3.0,"enemies":"Exordium Thugs","floor":11.0,"turns":6.0},{"damage":16.0,"enemies":"Lagavulin","floor":13.0,"turns":5.0},{"damage":8.0,"enemies":"Hexaghost","floor":16.0,"turns":6.0},{"damage":19.0,"enemies":"Chosen","floor":18.0,"turns":4.0},{"damage":14.0,"enemies":"3 Byrds","floor":19.0,"turns":4.0},{"damage":10.0,"enemies":"Snake Plant","floor":24.0,"turns":7.0},{"damage":1.0,"enemies":"Snecko","floor":25.0,"turns":4.0},{"damage":0.0,"enemies":"3 Cultists","floor":28.0,"turns":6.0},{"damage":26.0,"enemies":"Automaton","floor":33.0,"turns":6.0},{"damage":28.0,"enemies":"Orb Walker","floor":35.0,"turns":5.0},{"damage":39,"enemies":"Giant Head","floor":41,"turns":7},{"damage":2,"enemies":"Nemesis","floor":44,"turns":5},{"damage":1,"enemies":"3 Darklings","floor":45,"turns":4},{"damage":38,"enemies":"Giant Head","floor":46,"turns":8},{"damage":46,"enemies":"Nemesis","floor":47,"turns":5},{"damage":8,"enemies":"Donu and Deca","floor":50,"turns":8},{"damage":47,"enemies":"Awakened One","floor":51,"turns":25},{"damage":2,"enemies":"Shield and Spear","floor":55,"turns":7},{"damage":54,"enemies":"The Heart","floor":56,"turns":6}],"seed_played":"-94533749956939655","potions_obtained":[{"floor":4.0,"key":"CunningPotion"},{"floor":8.0,"key":"GamblersBrew"},{"floor":13.0,"key":"EntropicBrew"},{"floor":16.0,"key":"FairyPotion"},{"floor":20.0,"key":"Fruit Juice"},{"floor":20.0,"key":"GamblersBrew"},{"floor":28.0,"key":"LiquidBronze"},{"floor":44,"key":"Regen Potion"},{"floor":45,"key":"Regen Potion"},{"floor":47,"key":"Ancient Potion"}],"is_trial":false,"path_per_floor":["M","?","T","M","M","R","E","M","T","?","M","R","E","$","R","B",null,"M","M","?","$","?","R","M","M","T","R","M","?","?","?","R","B",null,"M","?","?","$","?","R","E","R","T","E","M","E","E","$","R","B","B",null,"R","$","E","B",null],"character_chosen":"THE_SILENT","items_purchased":["BlessingOfTheForge","Acrobatics","Membership Card","Whetstone","Frozen Egg 2","DuplicationPotion","Footwork+1","Blur","Orichalcum","Nunchaku","SpeedPotion","Lee\u0027s Waffle","Paper Crane","Apotheosis","LiquidMemories","LiquidMemories","PiercingWail"],"campfire_rested":4,"item_purchase_floors":[14,21,38,38,38,38,48,48,48,48,48,54,54,54,54,54,54],"current_hp_per_floor":[59,59,59,59,59,59,7,7,7,7,4,23,7,7,26,18,54,35,21,26,26,26,47,37,36,36,36,36,36,36,36,36,10,56,28,18,18,18,18,53,14,29,29,39,50,39,32,32,50,42,17,55,67,74,72,32],"gold":116,"neow_bonus":"RANDOM_COMMON_RELIC","is_daily":false,"chose_seed":false,"campfire_upgraded":5,"win_rate":0.0,"timestamp":1607779534,"path_taken":["M","?","?","M","M","R","E","M","T","?","M","R","E","$","R","BOSS","M","M","?","?","?","R","M","?","T","R","M","?","?","?","R","BOSS","M","?","?","$","?","R","E","R","T","E","M","E","E","$","R","BOSS","BOSS","R","$","E","BOSS"],"items_purchased_type":["Potion","Card","Relic","Relic","Relic","Potion","Card","Card","Relic","Relic","Potion","Relic","Relic","Card","Potion","Potion","Card"],"build_version":"2020-11-30","purchased_purges":4,"victory":true,"max_hp_per_floor":[66,66,66,66,66,66,66,66,66,66,66,66,66,66,66,66,66,66,66,71,71,71,71,71,71,71,71,71,71,71,71,71,71,71,71,71,71,71,67,67,67,67,67,67,67,67,67,67,67,67,67,67,67,74,74,74],"relic_stats":{"Lee\u0027s Waffle":7,"Torii":45,"counters":[24,150],"Blue Candle":[0],"Eternal Feather":60,"StoneCalendar":[156],"Whetstone":["Eviscerate","Flying Knee"],"Orichalcum":[42],"Dream Catcher":0,"Nunchaku":[6],"Sundial":[22],"Snecko Eye":[229,205,214,235],"Art of War":[29],"obtain_stats":[{"Lee\u0027s Waffle":54,"Torii":9,"Blue Candle":55,"Eternal Feather":34,"StoneCalendar":44,"Omamori":0,"Whetstone":38,"Frozen Egg 2":38,"Orichalcum":48,"Paper Crane":54,"Ancient Tea Set":13,"Calling Bell":34,"Anchor":34,"Dream Catcher":46,"Nunchaku":48,"HornCleat":41,"Sundial":7,"Snecko Eye":17,"WingedGreaves":34,"Art of War":3,"Membership Card":38,"Toy Ornithopter":47,"Ring of the Snake":0,"Meat on the Bone":43},{"Lee\u0027s Waffle":22,"Torii":5,"Blue Candle":23,"Eternal Feather":14,"StoneCalendar":17,"Omamori":0,"Whetstone":15,"Frozen Egg 2":15,"Orichalcum":20,"Paper Crane":22,"Ancient Tea Set":7,"Calling Bell":14,"Anchor":14,"Dream Catcher":19,"Nunchaku":20,"HornCleat":16,"Sundial":4,"Snecko Eye":8,"WingedGreaves":14,"Art of War":1,"Membership Card":15,"Toy Ornithopter":20,"Ring of the Snake":0,"Meat on the Bone":16},{"Lee\u0027s Waffle":137,"Torii":22,"Blue Candle":144,"Eternal Feather":70,"StoneCalendar":87,"Omamori":0,"Whetstone":75,"Frozen Egg 2":75,"Orichalcum":104,"Paper Crane":137,"Ancient Tea Set":33,"Calling Bell":70,"Anchor":70,"Dream Catcher":99,"Nunchaku":104,"HornCleat":82,"Sundial":17,"Snecko Eye":39,"WingedGreaves":70,"Art of War":4,"Membership Card":75,"Toy Ornithopter":104,"Ring of the Snake":0,"Meat on the Bone":82}],"Toy Ornithopter":12,"Ring of the Snake":[48],"Meat on the Bone":60},"card_choices":[{"not_picked":["Deflect","Prepared"],"picked":"Deadly Poison","floor":1.0},{"not_picked":["Prepared","Dagger Throw"],"picked":"Riddle With Holes","floor":4.0},{"not_picked":["Deadly Poison","Slice"],"picked":"Noxious Fumes","floor":5.0},{"not_picked":["Poisoned Stab","Masterful Stab"],"picked":"Catalyst","floor":7.0},{"not_picked":["Slice","Acrobatics"],"picked":"Poisoned Stab","floor":8.0},{"not_picked":["Flying Knee","Endless Agony"],"picked":"Catalyst","floor":11.0},{"not_picked":["Terror","Dagger Throw"],"picked":"Tools of the Trade","floor":13.0},{"not_picked":["A Thousand Cuts","Unload"],"picked":"Envenom","floor":16.0},{"not_picked":["Prepared+1","Distraction+1"],"picked":"Flying Knee","floor":18.0},{"not_picked":["Catalyst","Dagger Spray"],"picked":"Leg Sweep","floor":19.0},{"not_picked":["Setup","Calculated Gamble"],"picked":"PiercingWail+1","floor":24.0},{"not_picked":["All Out Attack","Glass Knife"],"picked":"Outmaneuver+1","floor":25.0},{"not_picked":["Calculated Gamble","Slice"],"picked":"Eviscerate","floor":28.0},{"not_picked":["Unload","A Thousand Cuts"],"picked":"Die Die Die","floor":33.0},{"not_picked":["Dash","Dagger Throw"],"picked":"Burst","floor":35.0},{"not_picked":["Master of Strategy","Secret Weapon"],"picked":"Dark Shackles","floor":36.0},{"not_picked":["Dagger Throw","Dagger Spray+1"],"picked":"Catalyst","floor":41},{"not_picked":["Flying Knee+1","Cloak And Dagger"],"picked":"Bullet Time","floor":44},{"not_picked":["Finisher+1","Cloak And Dagger"],"picked":"Dash","floor":45},{"not_picked":["Prepared","PiercingWail"],"picked":"Backflip+1","floor":46},{"not_picked":["Catalyst","Calculated Gamble","Expertise"],"picked":"SKIP","floor":47},{"not_picked":["Deadly Poison","Blade Dance"],"picked":"Burst","floor":55}],"player_experience":2323615,"relics_obtained":[{"floor":3.0,"key":"Art of War"},{"floor":7.0,"key":"Sundial"},{"floor":9.0,"key":"Torii"},{"floor":13.0,"key":"Ancient Tea Set"},{"floor":34.0,"key":"Anchor"},{"floor":34.0,"key":"Eternal Feather"},{"floor":34.0,"key":"WingedGreaves"},{"floor":41,"key":"HornCleat"},{"floor":43,"key":"Meat on the Bone"},{"floor":44,"key":"StoneCalendar"},{"floor":46,"key":"Dream Catcher"},{"floor":47,"key":"Toy Ornithopter"},{"floor":55,"key":"Blue Candle"}],"event_choices":[{"damage_healed":0.0,"max_hp_gain":0.0,"max_hp_loss":0.0,"gold_gain":0.0,"cards_transformed":["Strike_G"],"event_name":"Living Wall","player_choice":"Change","floor":2.0,"gold_loss":0.0,"damage_taken":0.0,"cards_obtained":["Concentrate"]},{"damage_healed":0.0,"max_hp_gain":0.0,"max_hp_loss":0.0,"gold_gain":0.0,"event_name":"World of Goop","player_choice":"Left Gold","floor":10.0,"gold_loss":40.0,"damage_taken":0.0},{"damage_healed":0.0,"max_hp_gain":0.0,"max_hp_loss":0.0,"gold_gain":0.0,"event_name":"Lab","player_choice":"Got Potions","floor":20.0,"gold_loss":0.0,"damage_taken":0.0},{"damage_healed":0.0,"max_hp_gain":0.0,"max_hp_loss":0.0,"gold_gain":0.0,"event_name":"Back to Basics","player_choice":"Simplicity","floor":22.0,"gold_loss":0.0,"damage_taken":0.0,"cards_upgraded":["Strike_G","Strike_G","Strike_G","Defend_G","Defend_G","Defend_G","Defend_G","Defend_G"]},{"cards_removed":["Concentrate"],"damage_healed":0.0,"max_hp_gain":0.0,"max_hp_loss":0.0,"gold_gain":0.0,"event_name":"Beggar","player_choice":"Gave Gold","floor":29.0,"gold_loss":75.0,"damage_taken":0.0},{"damage_healed":0.0,"max_hp_gain":0.0,"max_hp_loss":0.0,"gold_gain":0.0,"event_name":"Vampires","player_choice":"Ignored","floor":30.0,"gold_loss":0.0,"damage_taken":0.0},{"damage_healed":0.0,"max_hp_gain":0.0,"max_hp_loss":0.0,"gold_gain":50.0,"event_name":"Nest","player_choice":"Stole From Cult","floor":31.0,"gold_loss":0.0,"damage_taken":0.0},{"damage_healed":0.0,"max_hp_gain":0.0,"max_hp_loss":0.0,"gold_gain":0.0,"event_name":"SensoryStone","player_choice":"Memory 3","floor":36.0,"gold_loss":0.0,"damage_taken":10.0},{"damage_healed":0.0,"max_hp_gain":0.0,"max_hp_loss":0.0,"gold_gain":999.0,"event_name":"MindBloom","player_choice":"Gold","floor":37.0,"gold_loss":0.0,"damage_taken":0.0,"cards_obtained":["Normality","Normality"]},{"damage_healed":0.0,"max_hp_gain":0.0,"max_hp_loss":4.0,"gold_gain":0.0,"event_name":"Winding Halls","player_choice":"Max HP","floor":39.0,"gold_loss":0.0,"damage_taken":0.0}],"is_beta":false,"boss_relics":[{"not_picked":["SlaversCollar","SacredBark"],"picked":"Snecko Eye"},{"not_picked":["Philosopher\u0027s Stone","HoveringKite"],"picked":"Calling Bell"}],"items_purged_floors":[14,38,48,54],"is_endless":false,"potions_floor_spawned":[4,8,13,16,18,19,28,44,45,47],"ascension_level":20}}