{"host":"6jcxerjfmuawfds2","time":1607766073,"event":{"mods":["BaseMod","Minty Spire (QoL Compilation)","StSLib"],"gold_per_floor":[118,118,118,43,43,82,105,141,141,141,171,189,207,225,225,349,349,368,368,119,133,154,154,154,154],"floor_reached":24,"playtime":539,"items_purged":["Strike_P","Eruption"],"score":243,"play_id":"9182254e-a0ca-4b98-ba9d-16b3154f7817","local_time":"20201212184113","is_ascension_mode":true,"campfire_choices":[{"data":"CutThroughFate","floor":10,"key":"SMITH"},{"floor":15,"key":"REST"},{"floor":23,"key":"REST"}],"circlet_count":0,"master_deck":["Strike_P","Strike_P","Strike_P+1","Defend_P+1","Defend_P","Defend_P","Defend_P","Vigilance","Conclude","Consecrate","CutThroughFate+1","DevaForm","CurseOfTheBell","DevaForm","CrushJoints"],"relics":["PureWater","NeowsBlessing","StoneCalendar","Golden Idol","Du-Vu Doll","Shuriken","GoldenEye","Calling Bell","PreservedInsect","Mercury Hourglass","WingedGreaves","Ancient Tea Set"],"acts_visited":["Exordium","TheCity"],"potions_floor_usage":[12,16,16,16,24],"damage_taken":[{"damage":0,"enemies":"Jaw Worm","floor":1,"turns":1},{"damage":0,"enemies":"3 Sentries","floor":6,"turns":2},{"damage":0,"enemies":"Small Slimes","floor":7,"turns":1},{"damage":8,"enemies":"Gremlin Nob","floor":8,"turns":3},{"damage":0,"enemies":"Cultist","floor":12,"turns":3},{"damage":0,"enemies":"2 Fungi Beasts","floor":13,"turns":1},{"damage":0,"enemies":"Exordium Thugs","floor":14,"turns":4},{"damage":37,"enemies":"Hexaghost","floor":16,"turns":6},{"damage":11,"enemies":"Spheric Guardian","floor":18,"turns":4},{"damage":7,"enemies":"2 Thieves","floor":21,"turns":3},{"damage":42,"enemies":"Snake Plant","floor":22,"turns":5},{"damage":0,"enemies":"Slavers","floor":24,"turns":2}],"seed_played":"-4655567180177576331","potions_obtained":[{"floor":1,"key":"LiquidMemories"},{"floor":8,"key":"Regen Potion"},{"floor":13,"key":"FearPotion"},{"floor":14,"key":"Regen Potion"},{"floor":22,"key":"SkillPotion"}],"is_trial":false,"path_per_floor":["M","?","?","$","?","E","M","E","T","R","?","M","M","M","R","B",null,"M","?","$","M","M","R","E"],"character_chosen":"WATCHER","items_purchased":["Ancient Tea Set"],"campfire_rested":2,"item_purchase_floors":[20],"current_hp_per_floor":[72,58,40,40,22,22,22,14,14,14,14,23,23,23,44,22,72,61,61,61,54,12,33,33,33],"gold":154,"neow_bonus":"THREE_ENEMY_KILL","is_daily":false,"chose_seed":false,"campfire_upgraded":1,"win_rate":0.0,"timestamp":1607766073,"path_taken":["M","?","?","$","?","E","M","E","T","R","?","M","M","M","R","BOSS","M","?","$","?","M","R","E"],"items_purchased_type":["Relic"],"build_version":"2020-11-30","purchased_purges":2,"victory":false,"max_hp_per_floor":[72,72,72,72,72,72,72,72,72,72,72,72,72,72,72,72,72,72,72,72,72,72,72,72,72],"card_choices":[{"not_picked":["Prostrate","CutThroughFate"],"picked":"Conclude","floor":1},{"not_picked":["SpiritShield","SashWhip","BowlingBash"],"picked":"SKIP","floor":6},{"not_picked":["EmptyBody","FlyingSleeves"],"picked":"Consecrate","floor":7},{"not_picked":["Meditate","Adaptation"],"picked":"CutThroughFate","floor":8},{"not_picked":["CarveReality","SashWhip","Indignation"],"picked":"SKIP","floor":12},{"not_picked":["Halt","Scrawl","Prostrate"],"picked":"SKIP","floor":13},{"not_picked":["EmptyFist","BowlingBash","InnerPeace"],"picked":"SKIP","floor":14},{"not_picked":["Judgement","SpiritShield"],"picked":"DevaForm","floor":16},{"not_picked":["SandsOfTime","Prostrate","EmptyBody+1"],"picked":"SKIP","floor":18},{"not_picked":["BowlingBash","DeceiveReality"],"picked":"CrushJoints","floor":21},{"not_picked":["Protect","EmptyBody+1","JustLucky+1"],"picked":"SKIP","floor":22}],"player_experience":123595,"relics_obtained":[{"floor":6,"key":"Du-Vu Doll"},{"floor":8,"key":"Shuriken"},{"floor":9,"key":"GoldenEye"},{"floor":17,"key":"PreservedInsect"},{"floor":17,"key":"Mercury Hourglass"},{"floor":17,"key":"WingedGreaves"}],"event_choices":[{"damage_healed":0,"gold_gain":0,"player_choice":"Entered Light","damage_taken":14,"max_hp_gain":0,"max_hp_loss":0,"event_name":"Shining Light","floor":2,"gold_loss":0,"cards_upgraded":["Defend_P","Strike_P"]},{"damage_healed":0,"gold_gain":0,"player_choice":"Success","damage_taken":18,"relics_obtained":["StoneCalendar"],"max_hp_gain":0,"max_hp_loss":0,"event_name":"Scrap Ooze","floor":3,"gold_loss":0},{"damage_healed":0,"gold_gain":0,"player_choice":"Take Damage","damage_taken":18,"relics_obtained":["Golden Idol"],"max_hp_gain":0,"max_hp_loss":0,"event_name":"Golden Idol","floor":5,"gold_loss":0},{"damage_healed":0,"gold_gain":30,"player_choice":"Searched \u00271\u0027 times","damage_taken":0,"max_hp_gain":0,"max_hp_loss":0,"event_name":"Dead Adventurer","floor":11,"gold_loss":0},{"damage_healed":0,"gold_gain":0,"player_choice":"Copied","damage_taken":0,"max_hp_gain":0,"max_hp_loss":0,"event_name":"Duplicator","floor":19,"gold_loss":0,"cards_obtained":["DevaForm"]}],"is_beta":false,"boss_relics":[{"not_picked":["Busted Crown","Sozu"],"picked":"Calling Bell"}],"items_purged_floors":[4,20],"is_endless":false,"potions_floor_spawned":[1,8,13,14,22],"killed_by":"Slavers","ascension_level":1}}