{"host":"q9718omregw4er46","time":1607771198,"event":{"mods":["BaseMod","Bestiary","Colored Powertips","Custom Start","Highlight Path","Minty Spire (QoL Compilation)","Practice Mode","Quick Restart","Relic Stats"],"gold_per_floor":[115,125,141,158,83,83,115,115,163,163,197,197,29,29,29,114,114,143,152,152,199,239,239,239],"floor_reached":23,"playtime":925,"items_purged":["Strike_P"],"score":413,"play_id":"f3bb53f8-a885-4e3c-98d2-56c2b73361ae","local_time":"20201212160638","is_ascension_mode":true,"campfire_choices":[{"data":"TalkToTheHand","floor":6,"key":"SMITH"},{"data":"SashWhip","floor":8,"key":"SMITH"},{"data":"BowlingBash","floor":10,"key":"SMITH"},{"floor":15,"key":"REST"}],"circlet_count":0,"master_deck":["AscendersBane","Strike_P+1","Strike_P+1","Defend_P+1","Defend_P+1","Defend_P+1","Defend_P+1","Eruption","Vigilance","SashWhip+1","TalkToTheHand+1","BowlingBash+1","FollowUp","FlurryOfBlows","Wish","CutThroughFate","ReachHeaven","Conclude"],"relics":["PureWater","Mango","Pear","Lantern","Centennial Puzzle","Nunchaku","CeramicFish","Cursed Key"],"acts_visited":["Exordium","TheCity"],"potions_floor_usage":[7,16,16],"damage_taken":[{"damage":0,"enemies":"Jaw Worm","floor":1,"turns":4},{"damage":0,"enemies":"Cultist","floor":2,"turns":2},{"damage":0,"enemies":"2 Louse","floor":3,"turns":4},{"damage":4,"enemies":"Blue Slaver","floor":4,"turns":5},{"damage":5,"enemies":"Lagavulin","floor":7,"turns":6},{"damage":42,"enemies":"Gremlin Nob","floor":11,"turns":4},{"damage":27,"enemies":"Hexaghost","floor":16,"turns":9},{"damage":39,"enemies":"Spheric Guardian","floor":18,"turns":7},{"damage":4,"enemies":"Chosen","floor":21,"turns":3},{"damage":4,"enemies":"Centurion and Healer","floor":22,"turns":5},{"damage":25,"enemies":"Gremlin Leader","floor":23,"turns":2}],"seed_played":"1466631381868493069","potions_obtained":[{"floor":1,"key":"EssenceOfSteel"},{"floor":7,"key":"Ambrosia"},{"floor":11,"key":"Explosive Potion"},{"floor":16,"key":"DuplicationPotion"},{"floor":21,"key":"BottledMiracle"}],"is_trial":false,"path_per_floor":["M","M","M","M","$","R","E","R","T","R","E","?","$","?","R","B",null,"M","?","?","M","M","E"],"character_chosen":"WATCHER","items_purchased":["Nunchaku"],"campfire_rested":1,"item_purchase_floors":[13],"current_hp_per_floor":[57,57,57,53,53,53,58,58,58,58,16,16,16,5,32,5,70,31,31,31,27,23,0,0],"gold":239,"neow_bonus":"ONE_RARE_RELIC","is_daily":false,"chose_seed":false,"campfire_upgraded":3,"win_rate":0.0,"timestamp":1607771198,"path_taken":["M","M","M","M","$","R","E","R","T","R","E","?","?","?","R","BOSS","M","?","?","?","M","E"],"items_purchased_type":["Relic"],"build_version":"2020-11-30","purchased_purges":1,"victory":false,"max_hp_per_floor":[82,82,82,82,82,82,92,92,92,92,92,92,92,92,92,92,92,92,92,92,92,92,92,92],"relic_stats":{"Centennial Puzzle":[15],"Nunchaku":[7],"counters":[11,51],"CeramicFish":36,"Cursed Key":0,"obtain_stats":[{"Lantern":9,"Centennial Puzzle":11,"Nunchaku":13,"Pear":7,"CeramicFish":14,"Mango":0,"PureWater":0,"Cursed Key":17},{"Lantern":5,"Centennial Puzzle":6,"Nunchaku":6,"Pear":5,"CeramicFish":6,"Mango":0,"PureWater":0,"Cursed Key":7},{"Lantern":21,"Centennial Puzzle":25,"Nunchaku":25,"Pear":21,"CeramicFish":25,"Mango":0,"PureWater":0,"Cursed Key":34}]},"card_choices":[{"not_picked":["Indignation","ThirdEye"],"picked":"SashWhip","floor":1},{"not_picked":["PathToVictory","Halt"],"picked":"TalkToTheHand","floor":2},{"not_picked":["FlyingSleeves","Evaluate"],"picked":"BowlingBash","floor":3},{"not_picked":["Consecrate","CrushJoints"],"picked":"FollowUp","floor":4},{"not_picked":["MasterReality","CutThroughFate","Swivel"],"picked":"SKIP","floor":7},{"not_picked":["ReachHeaven","Adaptation"],"picked":"FlurryOfBlows","floor":11},{"not_picked":["SpiritShield","ConjureBlade"],"picked":"Wish","floor":16},{"not_picked":["FearNoEvil","Prostrate"],"picked":"CutThroughFate","floor":18},{"not_picked":["Sanctity","Crescendo"],"picked":"Conclude","floor":21},{"not_picked":["Conclude","Perseverance","Prostrate"],"picked":"SKIP","floor":22}],"player_experience":995157,"relics_obtained":[{"floor":7,"key":"Pear"},{"floor":9,"key":"Lantern"},{"floor":11,"key":"Centennial Puzzle"}],"event_choices":[{"cards_removed":["Strike_P"],"damage_healed":0,"gold_gain":0,"player_choice":"Purged","damage_taken":0,"max_hp_gain":0,"max_hp_loss":0,"event_name":"Purifier","floor":12,"gold_loss":0},{"damage_healed":0,"gold_gain":0,"player_choice":"Success","damage_taken":11,"relics_obtained":["CeramicFish"],"max_hp_gain":0,"max_hp_loss":0,"event_name":"Scrap Ooze","floor":14,"gold_loss":0},{"damage_healed":0,"gold_gain":0,"player_choice":"Read","damage_taken":0,"max_hp_gain":0,"max_hp_loss":0,"event_name":"The Library","floor":19,"gold_loss":0,"cards_obtained":["ReachHeaven"]},{"damage_healed":0,"gold_gain":0,"player_choice":"Simplicity","damage_taken":0,"max_hp_gain":0,"max_hp_loss":0,"event_name":"Back to Basics","floor":20,"gold_loss":0,"cards_upgraded":["Strike_P","Strike_P","Defend_P","Defend_P","Defend_P","Defend_P"]}],"is_beta":false,"boss_relics":[{"not_picked":["Philosopher\u0027s Stone","Busted Crown"],"picked":"Cursed Key"}],"items_purged_floors":[5],"is_endless":false,"potions_floor_spawned":[1,7,11,16,21],"killed_by":"Gremlin Leader","ascension_level":19}}