{"host":"6ko66ogg91i6g7xq","time":1607810828,"event":{"mods":["AchievementEnabler","Act Like it!","BaseMod","Colored Map","Colored Powertips","Downfall","Hermit","Minty Spire (QoL Compilation)","Quick Restart","Relic Stats","StSLib","The Jungle","everything is the same but u backflip on backflip"],"gold_per_floor":[119,119,119,119,134,160,160],"floor_reached":6,"playtime":56,"items_purged":[],"score":76,"play_id":"86f23236-370d-410c-9a28-85f3cb784724","local_time":"20201212170708","is_ascension_mode":true,"campfire_choices":[],"circlet_count":0,"master_deck":["Strike_G","Strike_G","Strike_G","Strike_G","Defend_G","Defend_G","Defend_G","Defend_G","Defend_G","Survivor","Neutralize","Terror","Predator","expansioncontent:ManipulateTime","Dodge and Roll"],"relics":["Ring of the Snake","NeowsBlessing","FossilizedHelix"],"acts_visited":["Exordium"],"potions_floor_usage":[],"damage_taken":[{"damage":0,"enemies":"Cultist","floor":1,"turns":1},{"damage":0,"enemies":"2 Louse","floor":5,"turns":1},{"damage":0,"enemies":"3 Sentries","floor":6,"turns":1}],"seed_played":"-5220883028491890361","potions_obtained":[{"floor":1,"key":"FearPotion"},{"floor":5,"key":"LiquidBronze"},{"floor":6,"key":"CunningPotion"}],"is_trial":false,"path_per_floor":["M","?","$","?","M","E"],"character_chosen":"THE_SILENT","items_purchased":[],"campfire_rested":0,"item_purchase_floors":[],"current_hp_per_floor":[70,70,70,70,70,70,70],"gold":160,"neow_bonus":"THREE_ENEMY_KILL","is_daily":false,"chose_seed":false,"campfire_upgraded":0,"win_rate":0.0,"timestamp":1607810828,"path_taken":["M","?","$","?","?","E"],"items_purchased_type":[],"build_version":"2020-11-30","purchased_purges":0,"victory":false,"max_hp_per_floor":[70,70,70,70,70,70,70],"relic_stats":{"counters":[3,3],"obtain_stats":[{"NeowsBlessing":0,"FossilizedHelix":6,"Ring of the Snake":0},{"NeowsBlessing":0,"FossilizedHelix":3,"Ring of the Snake":0},{"NeowsBlessing":0,"FossilizedHelix":3,"Ring of the Snake":0}],"Ring of the Snake":[6]},"card_choices":[{"not_picked":["Reflex","Flying Knee"],"picked":"Terror","floor":1},{"not_picked":["PiercingWail","Concentrate"],"picked":"Dodge and Roll","floor":5}],"player_experience":263287,"relics_obtained":[{"floor":6,"key":"FossilizedHelix"}],"event_choices":[{"damage_healed":0,"gold_gain":0,"cards_transformed":["Strike_G"],"player_choice":"Transformed","damage_taken":0,"max_hp_gain":0,"max_hp_loss":0,"event_name":"Transmorgrifier","floor":2,"gold_loss":0,"cards_obtained":["Predator"]},{"damage_healed":0,"gold_gain":0,"player_choice":"1 cards matched","damage_taken":0,"max_hp_gain":0,"max_hp_loss":0,"event_name":"Match and Keep!","floor":4,"gold_loss":0,"cards_obtained":["expansioncontent:ManipulateTime"]}],"is_beta":false,"boss_relics":[],"items_purged_floors":[],"is_endless":false,"potions_floor_spawned":[1,5,6],"killed_by":"3 Sentries","ascension_level":2}}