{"host":"6ko66ogg91i6g7xq","time":1607738963,"event":{"mods":["AchievementEnabler","Act Like it!","BaseMod","Colored Map","Colored Powertips","Downfall","Hermit","Minty Spire (QoL Compilation)","Quick Restart","Relic Stats","StSLib","The Jungle","everything is the same but u backflip on backflip"],"gold_per_floor":[114,114,133,133,64,97,97,125,148,148,112,112,142,154,154,154,154],"floor_reached":16,"playtime":1285,"items_purged":[],"score":131,"play_id":"5a963ea8-1151-4daa-a2b1-e65703a30add","local_time":"20201211210923","is_ascension_mode":false,"campfire_choices":[{"floor":7.0,"key":"RECALL"},{"data":"Terror","floor":10.0,"key":"SMITH"},{"data":"Backstab","floor":12.0,"key":"SMITH"},{"data":"Caltrops","floor":15.0,"key":"SMITH"}],"circlet_count":0,"master_deck":["Strike_G","Strike_G","Strike_G","Strike_G","Strike_G","Defend_G","Defend_G","Defend_G","Defend_G","Defend_G","Survivor","Neutralize","Terror+1","Accuracy","Backstab+1","Backstab","Caltrops+1","Sucker Punch"],"relics":["Ring of the Snake","NeowsBlessing","Vajra","TungstenRod","Toy Ornithopter","Odd Mushroom"],"acts_visited":["Exordium"],"potions_floor_usage":[],"damage_taken":[{"damage":0.0,"enemies":"2 Louse","floor":1.0,"turns":1.0},{"damage":0.0,"enemies":"Small Slimes","floor":3.0,"turns":1.0},{"damage":0.0,"enemies":"Lagavulin","floor":6.0,"turns":1.0},{"damage":15.0,"enemies":"Gremlin Nob","floor":8.0,"turns":4.0},{"damage":7.0,"enemies":"The Mushroom Lair","floor":13.0,"turns":3.0},{"damage":0.0,"enemies":"Cultist","floor":14.0,"turns":2.0},{"damage":0,"enemies":"Slime Boss","floor":16,"turns":1}],"seed_played":"-4627346885560490562","potions_obtained":[{"floor":3.0,"key":"LiquidMemories"},{"floor":6.0,"key":"SpeedPotion"},{"floor":14.0,"key":"SneckoOil"}],"is_trial":false,"path_per_floor":["M","?","M","?","$","E","R","E","T","R","$","R","?","M","R","B"],"character_chosen":"THE_SILENT","items_purchased":["Accuracy","Caltrops"],"campfire_rested":0,"item_purchase_floors":[5,11],"current_hp_per_floor":[70,67,67,67,67,67,67,52,52,52,52,52,45,45,45,45,45],"gold":154,"neow_bonus":"THREE_ENEMY_KILL","is_daily":false,"chose_seed":false,"campfire_upgraded":3,"win_rate":0.0,"timestamp":1607738963,"path_taken":["M","?","M","?","$","E","R","E","T","R","$","R","?","M","R","BOSS"],"items_purchased_type":["Card","Card"],"build_version":"2020-11-30","purchased_purges":0,"victory":false,"max_hp_per_floor":[70,70,70,70,70,70,70,70,70,70,70,70,70,70,70,70,70],"relic_stats":{"counters":[7,13],"obtain_stats":[{"NeowsBlessing":0,"Vajra":2,"Odd Mushroom":13,"TungstenRod":6,"Toy Ornithopter":8,"Ring of the Snake":0},{"NeowsBlessing":0,"Vajra":1,"Odd Mushroom":5,"TungstenRod":3,"Toy Ornithopter":4,"Ring of the Snake":0},{"NeowsBlessing":0,"Vajra":1,"Odd Mushroom":10,"TungstenRod":3,"Toy Ornithopter":7,"Ring of the Snake":0}],"TungstenRod":2,"Toy Ornithopter":0,"Ring of the Snake":[14]},"card_choices":[{"not_picked":["Prepared","Deflect","Riddle With Holes"],"picked":"SKIP","floor":1.0},{"not_picked":["Slice","Distraction"],"picked":"Terror","floor":3.0},{"not_picked":["Expertise","Skewer"],"picked":"Backstab","floor":6.0},{"not_picked":["Dash","Distraction"],"picked":"Backstab","floor":8.0},{"not_picked":["Distraction","Endless Agony"],"picked":"Sucker Punch","floor":14.0}],"player_experience":252044,"relics_obtained":[{"floor":6.0,"key":"TungstenRod"},{"floor":8.0,"key":"Toy Ornithopter"},{"floor":13.0,"key":"Odd Mushroom"}],"event_choices":[{"damage_healed":0.0,"max_hp_gain":0.0,"max_hp_loss":0.0,"gold_gain":0.0,"event_name":"Scrap Ooze","player_choice":"Success","floor":2.0,"gold_loss":0.0,"damage_taken":3.0,"relics_obtained":["Vajra"]},{"damage_healed":0.0,"max_hp_gain":0.0,"max_hp_loss":0.0,"gold_gain":0.0,"event_name":"The Cleric","player_choice":"Leave","floor":4.0,"gold_loss":0.0,"damage_taken":0.0},{"damage_healed":0.0,"max_hp_gain":0.0,"max_hp_loss":0.0,"gold_gain":0.0,"event_name":"Mushrooms","player_choice":"Fought Mushrooms","floor":13.0,"gold_loss":0.0,"damage_taken":0.0}],"is_beta":false,"boss_relics":[],"items_purged_floors":[],"is_endless":false,"potions_floor_spawned":[3,6,14],"killed_by":"Slime Boss","ascension_level":0}}