{"host":"7cfzm0fn42wwm7gf","time":1607794018,"event":{"mods":["Alarm Clock","BaseMod","Colored Powertips","Highlight Path","Minty Spire (QoL Compilation)","Quick Restart","Relic Stats","Waifu the Spire"],"gold_per_floor":[114,133,58,77,77,77,89,89,89,89,119,132,82,82,82,82,82],"floor_reached":16,"playtime":485,"items_purged":["Strike_G"],"score":153,"play_id":"df9b532f-ac26-415a-8914-03645ba6f5a4","local_time":"20201213012658","is_ascension_mode":true,"campfire_choices":[{"data":"Neutralize","floor":6.0,"key":"SMITH"},{"data":"Well Laid Plans","floor":8.0,"key":"SMITH"},{"data":"Survivor","floor":10.0,"key":"SMITH"},{"floor":15.0,"key":"REST"}],"circlet_count":0,"master_deck":["AscendersBane","Strike_G","Strike_G","Strike_G","Defend_G","Defend_G","Defend_G","Defend_G+1","Defend_G+1","Survivor+1","Neutralize+1","Well Laid Plans+1","PiercingWail","Escape Plan","Calculated Gamble"],"relics":["Ring of the Snake","Ninja Scroll","Ice Cream"],"acts_visited":["Exordium"],"potions_floor_usage":[16],"damage_taken":[{"damage":0.0,"enemies":"2 Louse","floor":1.0,"turns":3.0},{"damage":1.0,"enemies":"Small Slimes","floor":2.0,"turns":5.0},{"damage":2.0,"enemies":"Jaw Worm","floor":4.0,"turns":8.0},{"damage":4.0,"enemies":"3 Louse","floor":7.0,"turns":4.0},{"damage":1.0,"enemies":"Blue Slaver","floor":12.0,"turns":5.0},{"damage":37,"enemies":"Hexaghost","floor":16,"turns":15}],"seed_played":"5772368144312392749","potions_obtained":[{"floor":2.0,"key":"SkillPotion"},{"floor":4.0,"key":"SteroidPotion"},{"floor":7.0,"key":"Ancient Potion"}],"is_trial":false,"path_per_floor":["M","M","$","M","?","R","M","R","T","R","?","M","?","?","R","B"],"character_chosen":"THE_SILENT","items_purchased":[],"campfire_rested":1,"item_purchase_floors":[],"current_hp_per_floor":[65,64,64,62,48,48,44,44,44,44,44,43,43,18,39,2,2],"gold":82,"neow_bonus":"TEN_PERCENT_HP_BONUS","is_daily":false,"chose_seed":false,"campfire_upgraded":3,"win_rate":0.0,"timestamp":1607794018,"path_taken":["M","M","$","M","?","R","M","R","T","R","?","M","?","?","R","BOSS"],"items_purchased_type":[],"build_version":"2020-11-30","purchased_purges":1,"victory":false,"max_hp_per_floor":[72,72,72,72,72,72,72,72,72,72,72,72,72,72,72,72,72],"relic_stats":{"counters":[6,40],"obtain_stats":[{"Ice Cream":14,"Ninja Scroll":9,"Ring of the Snake":0},{"Ice Cream":5,"Ninja Scroll":4,"Ring of the Snake":0},{"Ice Cream":25,"Ninja Scroll":20,"Ring of the Snake":0}],"Ring of the Snake":[12]},"card_choices":[{"not_picked":["Poisoned Stab","Deflect","Flechettes"],"picked":"SKIP","floor":1.0},{"not_picked":["PiercingWail","Blade Dance"],"picked":"Well Laid Plans","floor":2.0},{"not_picked":["Slice","Blade Dance"],"picked":"PiercingWail","floor":4.0},{"not_picked":["Skewer","Bane"],"picked":"Escape Plan","floor":7.0},{"not_picked":["Poisoned Stab","Deadly Poison"],"picked":"Calculated Gamble","floor":12.0}],"player_experience":100862,"relics_obtained":[{"floor":9.0,"key":"Ninja Scroll"}],"event_choices":[{"damage_healed":0.0,"max_hp_gain":0.0,"max_hp_loss":0.0,"gold_gain":0.0,"event_name":"Shining Light","player_choice":"Entered Light","floor":5.0,"gold_loss":0.0,"damage_taken":14.0,"cards_upgraded":["Defend_G","Defend_G"]},{"damage_healed":0.0,"max_hp_gain":0.0,"max_hp_loss":0.0,"gold_gain":30.0,"event_name":"Dead Adventurer","player_choice":"Searched \u00271\u0027 times","floor":11.0,"gold_loss":0.0,"damage_taken":0.0},{"cards_removed":["Strike_G"],"damage_healed":0.0,"max_hp_gain":0.0,"max_hp_loss":0.0,"gold_gain":0.0,"event_name":"The Cleric","player_choice":"Card Removal","floor":13.0,"gold_loss":50.0,"damage_taken":0.0},{"damage_healed":0.0,"max_hp_gain":0.0,"max_hp_loss":0.0,"gold_gain":0.0,"event_name":"Scrap Ooze","player_choice":"Success","floor":14.0,"gold_loss":0.0,"damage_taken":25.0,"relics_obtained":["Ice Cream"]}],"is_beta":false,"boss_relics":[],"items_purged_floors":[3],"is_endless":false,"potions_floor_spawned":[2,4,7],"killed_by":"Hexaghost","ascension_level":14}}