{"host":"1hv1kueuvc4r3rdp","time":1607739446,"event":{"mods":["AchievementEnabler","BaseMod","DeckTracker","Highlight Path","Minty Spire (QoL Compilation)","Permanent Neow","StSLib"],"gold_per_floor":[110,110,129,81,31,56,56,67,67,101,101,101,101,133,133,233,233,251,269,184,195,48,48,48,48,48],"floor_reached":25,"playtime":1110,"items_purged":[],"score":303,"play_id":"f416a8f2-41b0-42f8-9535-c77dd7c5774e","local_time":"20201211201726","is_ascension_mode":true,"campfire_choices":[{"floor":11,"key":"REST"},{"data":"Envenom","floor":13,"key":"SMITH"},{"data":"Cloak And Dagger","floor":15,"key":"SMITH"},{"floor":23,"key":"REST"}],"circlet_count":0,"master_deck":["Strike_G","Strike_G","Strike_G","Defend_G","Defend_G","Defend_G","Defend_G","Survivor","Neutralize","Corpse Explosion","After Image","Backstab","Dagger Spray","Infinite Blades","Envenom+1","Cloak And Dagger+1","Glass Knife","Bane"],"relics":["Ring of the Serpent","Bottled Tornado","Singing Bowl","Bag of Preparation","HornCleat","Art of War","Oddly Smooth Stone"],"acts_visited":["Exordium","TheCity"],"potions_floor_usage":[6,16,25],"damage_taken":[{"damage":1,"enemies":"2 Louse","floor":1,"turns":3},{"damage":0,"enemies":"Cultist","floor":3,"turns":4},{"damage":0,"enemies":"3 Sentries","floor":6,"turns":4},{"damage":0,"enemies":"Jaw Worm","floor":8,"turns":4},{"damage":21,"enemies":"Lagavulin","floor":10,"turns":9},{"damage":11,"enemies":"3 Sentries","floor":14,"turns":3},{"damage":13,"enemies":"Hexaghost","floor":16,"turns":10},{"damage":12,"enemies":"2 Thieves","floor":18,"turns":3},{"damage":9,"enemies":"Spheric Guardian","floor":19,"turns":6},{"damage":14,"enemies":"Centurion and Healer","floor":21,"turns":5},{"damage":47,"enemies":"Book of Stabbing","floor":25,"turns":7}],"seed_played":"1686396033008830802","potions_obtained":[{"floor":3,"key":"BlessingOfTheForge"},{"floor":8,"key":"Weak Potion"},{"floor":16,"key":"Strength Potion"}],"is_trial":false,"path_per_floor":["M","?","M","$","?","E","?","M","T","E","R","?","R","E","R","B",null,"M","M","?","M","$","R","?","E"],"character_chosen":"THE_SILENT","items_purchased":["Fire Potion","Oddly Smooth Stone"],"campfire_rested":2,"item_purchase_floors":[4,22],"current_hp_per_floor":[48,48,48,48,48,48,48,48,48,27,48,53,53,42,42,29,64,54,45,45,33,33,56,41,0,0],"gold":48,"neow_bonus":"TRANSFORM_TWO_CARDS","is_daily":false,"chose_seed":false,"campfire_upgraded":2,"win_rate":0.0,"timestamp":1607739446,"path_taken":["M","?","M","?","?","E","?","?","T","E","R","?","R","E","R","BOSS","M","M","?","M","$","R","?","E"],"items_purchased_type":["Potion","Relic"],"build_version":"2020-11-30","purchased_purges":0,"victory":false,"max_hp_per_floor":[70,70,70,70,70,70,70,70,70,70,70,75,75,75,75,75,75,77,77,77,79,79,79,84,84,84],"card_choices":[{"not_picked":["Backflip","Outmaneuver"],"picked":"Backstab","floor":1},{"not_picked":["Calculated Gamble","Setup"],"picked":"Dagger Spray","floor":3},{"not_picked":["Dagger Spray","Outmaneuver"],"picked":"Infinite Blades","floor":6},{"not_picked":["Tactician","Masterful Stab","Calculated Gamble"],"picked":"SKIP","floor":8},{"not_picked":["Burst","Flying Knee"],"picked":"Envenom","floor":10},{"not_picked":["Underhanded Strike","A Thousand Cuts"],"picked":"Cloak And Dagger","floor":14},{"not_picked":["Phantasmal Killer","Envenom"],"picked":"Glass Knife","floor":16},{"not_picked":["Flying Knee","Sucker Punch+1","Outmaneuver+1"],"picked":"Singing Bowl","floor":18},{"not_picked":["Cloak And Dagger","Footwork"],"picked":"Bane","floor":19},{"not_picked":["Unload","Heel Hook","Calculated Gamble"],"picked":"Singing Bowl","floor":21}],"player_experience":965296,"relics_obtained":[{"floor":6,"key":"Bottled Tornado"},{"floor":9,"key":"Singing Bowl"},{"floor":10,"key":"Bag of Preparation"},{"floor":14,"key":"HornCleat"}],"event_choices":[{"cards_removed":["Strike_G"],"damage_healed":0,"gold_gain":0,"player_choice":"Purged","damage_taken":0,"max_hp_gain":0,"max_hp_loss":0,"event_name":"Purifier","floor":2,"gold_loss":0},{"damage_healed":0,"gold_gain":0,"player_choice":"Left Gold","damage_taken":0,"max_hp_gain":0,"max_hp_loss":0,"event_name":"World of Goop","floor":5,"gold_loss":50},{"damage_healed":0,"gold_gain":0,"player_choice":"Ignored","damage_taken":0,"max_hp_gain":0,"max_hp_loss":0,"event_name":"Liars Game","floor":7,"gold_loss":0},{"damage_healed":0,"gold_gain":0,"player_choice":"Donut","damage_taken":0,"max_hp_gain":5,"max_hp_loss":0,"event_name":"Big Fish","floor":12,"gold_loss":0},{"damage_healed":0,"gold_gain":0,"player_choice":"Obtained Relic","damage_taken":0,"relics_obtained":["Art of War"],"max_hp_gain":0,"max_hp_loss":0,"event_name":"Addict","floor":20,"gold_loss":85},{"damage_healed":0,"gold_gain":0,"player_choice":"Shed Blood","damage_taken":20,"max_hp_gain":5,"max_hp_loss":0,"event_name":"Forgotten Altar","floor":24,"gold_loss":0}],"is_beta":false,"boss_relics":[{"not_picked":["SacredBark","Snecko Eye"],"picked":"Ring of the Serpent"}],"items_purged_floors":[],"is_endless":false,"potions_floor_spawned":[3,8,16],"killed_by":"Book of Stabbing","ascension_level":5}}