{"host":"mykjnfgvckiyjptv","time":1607775795,"event":{"mods":["2.2 Compatiblity","Act Like it!","Aspiration","BaseMod","Better Altar","Better Third Choice","BetterRewards","Card Forge","Custom Start","Dio Mod","Energized Spire","GifTheSpireLib","Gold Saver","Halation","Hermit","Hubris","Hyrulean Relics","Jedi Mod","Minty Spire (QoL Compilation)","Pale of the Ancients","Practice Mode","Replay The Spire","Shade Mod","Small Relic Pack","Spicy Shops","Spikes Relics","StSLib","Stuff the Spire","vexMod"],"gold_per_floor":[535,535,554,566,596,631,650,650,732,40,60,8,19,30,81,177,177,187,213,213,238,238,238,166,184,184,184,211,211,227,227,227,331,331,345,368,28,47,57,57,74,74,74,74,104,104,119,129,129,129],"floor_reached":51,"playtime":2298,"items_purged":["Strike_R"],"score":1049,"play_id":"fdabd84f-cec1-4b5c-b754-9398c15a6f3e","local_time":"20201212062315","is_ascension_mode":false,"campfire_choices":[{"floor":23.0,"key":"RECALL"},{"floor":27,"key":"REST"},{"floor":29,"key":"REST"},{"floor":32,"key":"REST"},{"floor":40,"key":"REST"},{"floor":42,"key":"REST"},{"floor":46,"key":"REST"},{"floor":49,"key":"REST"}],"circlet_count":0,"master_deck":["Strike_R","Strike_R","Strike_R","Strike_R","Defend_R","Defend_R","Defend_R","Defend_R","Clothesline+1","Forethought+1","Wild Strike+1","ReplayTheSpireMod:Trickstab+1","Cleave+1","jedi:MakeshiftSword+1","ReplayTheSpireMod:Strike From Hell+1","Berserk+1","Spot Weakness","StuffTheSpire:TitanForm","ReplayTheSpireMod:LeadingStrike","Life Link","hubris:DuctTapeCard","Perfected Strike","Double Tap","ReplayTheSpireMod:Faulty Equipment"],"relics":["Burning Blood","Hammer of Thor","Seething Fire","Anvil of the Gods","BargainBundle","Ring of Hypnosis","Ring of Searing","Strawberry","hubris:Towel","Garlic","vexMod:Cooldron","aspiration:HummingbirdHeart","jedi:bottledfury","Nunchaku","Fusion Hammer","Red Mask","Tiny Chest","relicPack:AllForOne","vexMod:InvisibilityCloak","hubris:DuctTape","Cursed Key","hubris:ChampionShield","ReplayTheSpireMod:CursedCoin","Potion Belt","hubris:EmptyBottle","jedi:shrinkray","hubris:Reverence"],"acts_visited":["Exordium","TheCity","TheBeyond"],"potions_floor_usage":[33,33,33,33,33,33,33,35,38,38,38,38,38,39,39,39,41,41,41,41,41,45,45,47,47,47,47,50,50,50,50,50,50,50,50,50,50,50,50,50,50,50,50,50,50,50,50,50,50,50,50,50,50,50,50,50,50,50],"damage_taken":[{"damage":3.0,"enemies":"Small Slimes","floor":1.0,"turns":3.0},{"damage":13.0,"enemies":"Jaw Worm","floor":3.0,"turns":3.0},{"damage":5.0,"enemies":"2 Louse","floor":4.0,"turns":2.0},{"damage":15.0,"enemies":"Lots of Slimes","floor":5.0,"turns":3.0},{"damage":19.0,"enemies":"3 Sentries","floor":6.0,"turns":6.0},{"damage":13.0,"enemies":"Large Slime","floor":7.0,"turns":4.0},{"damage":12.0,"enemies":"Looter","floor":11.0,"turns":1.0},{"damage":2.0,"enemies":"2 Fungi Beasts","floor":13.0,"turns":3.0},{"damage":9.0,"enemies":"Exordium Wildlife","floor":14.0,"turns":3.0},{"damage":11.0,"enemies":"Slime Boss","floor":16.0,"turns":4.0},{"damage":10.0,"enemies":"Chosen","floor":18.0,"turns":3.0},{"damage":32.0,"enemies":"Masked Bandits","floor":19.0,"turns":5.0},{"damage":21.0,"enemies":"2 Thieves","floor":25.0,"turns":3.0},{"damage":22,"enemies":"Slavers","floor":28,"turns":4},{"damage":23,"enemies":"Snecko","floor":30,"turns":4},{"damage":27,"enemies":"StardustCrusaders","floor":33,"turns":8},{"damage":12,"enemies":"3 Darklings","floor":35,"turns":3},{"damage":5,"enemies":"Orb Walker","floor":38,"turns":2},{"damage":27,"enemies":"Sphere and 2 Shapes","floor":39,"turns":4},{"damage":33,"enemies":"Writhing Mass","floor":41,"turns":4},{"damage":47,"enemies":"Giant Head","floor":45,"turns":6},{"damage":38,"enemies":"Maw","floor":47,"turns":5},{"damage":21,"enemies":"3 Darklings","floor":48,"turns":6},{"damage":19,"enemies":"Awakened One","floor":50,"turns":4}],"seed_played":"909020250328929687","potions_obtained":[{"floor":13.0,"key":"EntropicBrew"},{"floor":16.0,"key":"EntropicBrew"},{"floor":25.0,"key":"EntropicBrew"},{"floor":33,"key":"EntropicBrew"},{"floor":35,"key":"EntropicBrew"},{"floor":39,"key":"EntropicBrew"},{"floor":48,"key":"EntropicBrew"}],"is_trial":false,"path_per_floor":["M","?","M","M","M","E","M","?","T","$","M","?","M","M","R","B",null,"M","?","?","T","?","R","$","M","T","R","E","R","M","?","R","B",null,"M","T","$","M","M","R","M","R","T","?","E","R","M","M","R","B",null],"character_chosen":"IRONCLAD","items_purchased":["BargainBundle","ColorlessPotion","PowerPotion","LifebloodPotion","Clothesline","Forethought","Wild Strike","vexMod:Cooldron","ReplayTheSpireMod:Strike From Hell","Death Potion","Fire Potion","aspiration:HummingbirdHeart","jedi:bottledfury","Life Link","ReplayTheSpireMod:CursedCoin","Potion Belt","hubris:EmptyBottle","EntropicBrew","EntropicBrew"],"campfire_rested":7,"item_purchase_floors":[0,0,0,0,0,0,0,10,10,10,10,10,10,24,37,37,37,37,37],"current_hp_per_floor":[80,80,73,74,65,59,52,52,52,52,46,46,50,47,47,42,87,83,57,86,86,86,86,86,71,71,87,71,87,70,70,87,66,87,81,81,81,82,61,87,60,86,86,83,42,66,68,53,77,64],"gold":129,"neow_bonus":"","is_daily":false,"chose_seed":false,"campfire_upgraded":0,"win_rate":0.0,"timestamp":1607775795,"path_taken":["M","?","M","M","M","E","M","?","T","$","M","?","?","M","R","BOSS","M","?","?","?","?","R","$","M","T","R","E","R","?","?","R","BOSS","M","?","$","M","?","R","M","R","T","?","E","R","M","M","R","BOSS"],"items_purchased_type":["Relic","Potion","Potion","Potion","Card","Card","Card","Relic","Card","Potion","Potion","Relic","Relic","Card","Relic","Relic","Relic","Potion","Potion"],"build_version":"2020-11-30","purchased_purges":1,"victory":true,"max_hp_per_floor":[80,80,80,80,80,87,87,87,87,87,87,87,87,87,87,87,87,87,87,87,87,87,87,87,87,87,87,87,87,87,87,87,87,87,87,87,87,87,87,87,87,87,87,83,83,83,83,83,83,83],"card_choices":[{"not_picked":["Thunderclap","Sentinel","hubris:ReadiedAction"],"picked":"SKIP","floor":1.0},{"not_picked":["Anger","StuffTheSpire:Pyroclast","Heavy Blade"],"picked":"SKIP","floor":3.0},{"not_picked":["jedi:fear","Pommel Strike"],"picked":"Dropkick","floor":4.0},{"not_picked":["Replay:Undeath\u0027s Touch","jedi:hate","Headbutt"],"picked":"SKIP","floor":5.0},{"not_picked":["Twin Strike","Clothesline"],"picked":"Cleave","floor":6.0},{"not_picked":["Iron Wave","Perfected Strike"],"picked":"jedi:MakeshiftSword","floor":7.0},{"not_picked":["hubris:ReadiedAction","Infernal Blade"],"picked":"Berserk","floor":11.0},{"not_picked":["Perfected Strike","jedi:hate","Inflame"],"picked":"SKIP","floor":13.0},{"not_picked":["Sword Boomerang","Power Through"],"picked":"Spot Weakness","floor":14.0},{"not_picked":["Reaper","jedi:bloodyhammer"],"picked":"StuffTheSpire:TitanForm","floor":16.0},{"not_picked":["jedi:fear","Sentinel"],"picked":"ReplayTheSpireMod:LeadingStrike","floor":18.0},{"not_picked":["Spot Weakness","Flex","Pommel Strike+1"],"picked":"SKIP","floor":25.0},{"not_picked":["jedi:bloodyhammer","Shrug It Off","jedi:collectorstrike"],"picked":"SKIP","floor":28},{"not_picked":["Combust+1","jedi:MakeshiftSword"],"picked":"Perfected Strike","floor":30},{"not_picked":["Brutality","Exhume"],"picked":"Double Tap","floor":33},{"not_picked":["Combust+1","Iron Wave+1","Shrug It Off"],"picked":"SKIP","floor":35},{"not_picked":["Clothesline+1","Thunderclap","StuffTheSpire:Slingshot+1"],"picked":"SKIP","floor":38},{"not_picked":["StuffTheSpire:Incineration+1","ReplayTheSpireMod:Strike From Hell+1","Iron Wave+1"],"picked":"SKIP","floor":39},{"not_picked":["StuffTheSpire:Slingshot","jedi:unlimitedpower","jedi:fear"],"picked":"SKIP","floor":41},{"not_picked":["jedi:MakeshiftSword","Twin Strike","Flex+1"],"picked":"SKIP","floor":45},{"not_picked":["Havoc","Berserk","Sword Boomerang+1"],"picked":"SKIP","floor":47},{"not_picked":["hubris:ReadiedAction","Dual Wield","Headbutt"],"picked":"SKIP","floor":48}],"player_experience":430166,"relics_obtained":[{"floor":2.0,"key":"Ring of Hypnosis"},{"floor":2.0,"key":"Ring of Searing"},{"floor":6.0,"key":"Strawberry"},{"floor":9.0,"key":"Garlic"},{"floor":19.0,"key":"Red Mask"},{"floor":21.0,"key":"Tiny Chest"},{"floor":26.0,"key":"vexMod:InvisibilityCloak"},{"floor":28,"key":"hubris:DuctTape"},{"floor":36,"key":"hubris:ChampionShield"},{"floor":43,"key":"jedi:shrinkray"},{"floor":45,"key":"hubris:Reverence"}],"event_choices":[{"damage_healed":0.0,"max_hp_gain":0.0,"max_hp_loss":0.0,"gold_gain":0.0,"event_name":"WeMeetAgain","player_choice":"Paid Gold","floor":12.0,"gold_loss":52.0,"damage_taken":0.0,"relics_obtained":["Nunchaku"]},{"damage_healed":0.0,"max_hp_gain":0.0,"max_hp_loss":0.0,"gold_gain":0.0,"event_name":"Masked Bandits","player_choice":"Fought Bandits","floor":19.0,"gold_loss":0.0,"damage_taken":0.0},{"damage_healed":29.0,"max_hp_gain":0.0,"max_hp_loss":0.0,"gold_gain":0.0,"event_name":"The Library","player_choice":"Heal","floor":20.0,"gold_loss":0.0,"damage_taken":0.0},{"damage_healed":0,"gold_gain":0,"player_choice":"Ignored","damage_taken":0,"max_hp_gain":0,"max_hp_loss":0,"event_name":"NoteForYourself","floor":31,"gold_loss":0},{"damage_healed":0,"gold_gain":0,"player_choice":"Max HP","damage_taken":0,"max_hp_gain":0,"max_hp_loss":4,"event_name":"Winding Halls","floor":44,"gold_loss":0}],"is_beta":false,"boss_relics":[{"not_picked":["Ectoplasm","Replay:Wanted Poster"],"picked":"Fusion Hammer"},{"not_picked":["aspiration:FutureDiary","Honey Jar"],"picked":"Cursed Key"}],"items_purged_floors":[0],"is_endless":false,"potions_floor_spawned":[1,13,16,25,33,35,39,48],"ascension_level":0}}