{"host":"hk8h5m78tw5lh695","time":1607749021,"event":{"mods":["AchievementEnabler","Act Like it!","BaseMod","Beaked The Cultist","Colored Map","Colored Powertips","Downfall","Hermit","Highlight Path","JesterMod","Jorbs\u0027s Wanderer Trilogy","Koishi","Marisa????????","Minty Spire (QoL Compilation)","Prisma Mod","READ ME - Guardian Mod","StSLib","The Blackbeard","The Bug Knight","The Construct","The Disciple","The Forsaken","The Gatherer","The Hayseed","The Mystic","The Necromancer","The Poker Player","The Runesmith","The Senshi","The Servant 0.9.4","TheVacant"],"gold_per_floor":[115,115,115,134,146,172,172,191,265,284,295,9,9,28,28,127,127,147,160,35,67,67,67,98,98,122,134,146,191,249,271,283,395,407,433,445,468,497,261,326,326,384,384,105,105,116,116,135,135,185,185],"floor_reached":50,"playtime":4056,"items_purged":["PrismaMod:IllyaCommonAttack","PrismaMod:IllyaCommonAttack","PrismaMod:IllyaCommonAttack"],"score":569,"play_id":"5003ad47-e7c2-4efa-aaf3-2dc9e1a50565","local_time":"20201211235701","is_ascension_mode":false,"campfire_choices":[{"data":"PrismaMod:IllyaStunPoison","floor":7,"key":"SMITH"},{"data":"PrismaMod:IllyaUncommonDefend","floor":13,"key":"SMITH"},{"floor":15,"key":"REST"},{"floor":23,"key":"REST"},{"data":"PrismaMod:IllyaCarnivalPrismaAstolfo","floor":28,"key":"SMITH"},{"floor":32,"key":"REST"},{"floor":41,"key":"REST"},{"floor":47,"key":"REST"},{"floor":49,"key":"REST"}],"circlet_count":0,"master_deck":["PrismaMod:IllyaCommonAttack","PrismaMod:IllyaCommonDefend","PrismaMod:IllyaCommonDefend","PrismaMod:IllyaCommonDefend","PrismaMod:IllyaUncommonAttack","PrismaMod:IllyaUncommonDefend+1","PrismaMod:IllyaCheapChannelDefend","PrismaMod:IllyaHassanGift","PrismaMod:IllyaUncommonAOEAttack","PrismaMod:IllyaStunPoison+1","PrismaMod:IllyaPoisonBomb","PrismaMod:IllyaInstallLancer","PrismaMod:IllyaPoisonTippedWeapons","PrismaMod:IllyaAOECommonAttack","PrismaMod:IllyaCarnivalPrismaAstolfo+1","PrismaMod:IllyaGun+1","PrismaMod:IllyaFeed","PrismaMod:IllyaRubysPotion","PrismaMod:IllyaCheapChannelPoison+1","PrismaMod:IllyaUberDefendChannel","PrismaMod:IllyaInstallArcher","PrismaMod:IllyaBride+1","PrismaMod:IllyaBerserCAR+1","PrismaMod:IllyaUncommonEvoke","PrismaMod:IllyaCarnivalAttack","PrismaMod:IllyaStunPoison+1"],"relics":["PrismaMod:PrismaZwei","NeowsBlessing","Lizard Tail","Shuriken","Bottled Tornado","Omamori","MawBank","Ancient Tea Set","Juzu Bracelet","Letter Opener","Oddly Smooth Stone","theForsaken:Lifeblossom"],"acts_visited":["Exordium","TheCity","TheBeyond"],"potions_floor_usage":[33,46,50,50],"damage_taken":[{"damage":0,"enemies":"Small Slimes","floor":1,"turns":1},{"damage":0,"enemies":"2 Louse","floor":4,"turns":1},{"damage":0,"enemies":"Cultist","floor":5,"turns":1},{"damage":4,"enemies":"3 Sentries","floor":6,"turns":10},{"damage":7,"enemies":"Gremlin Gang","floor":8,"turns":6},{"damage":0,"enemies":"Exordium Thugs","floor":10,"turns":3},{"damage":6,"enemies":"3 Louse","floor":11,"turns":3},{"damage":5,"enemies":"Red Slaver","floor":14,"turns":6},{"damage":18,"enemies":"Slime Boss","floor":16,"turns":8},{"damage":7,"enemies":"3 Byrds","floor":18,"turns":6},{"damage":11,"enemies":"Shell Parasite","floor":19,"turns":5},{"damage":39,"enemies":"Shelled Parasite and Fungi","floor":21,"turns":7},{"damage":7,"enemies":"HollowMod:Nosk","floor":24,"turns":7},{"damage":46,"enemies":"Slavers","floor":29,"turns":9},{"damage":21,"enemies":"Sentry and Sphere","floor":30,"turns":6},{"damage":2,"enemies":"Snecko","floor":31,"turns":7},{"damage":60,"enemies":"Automaton","floor":33,"turns":11},{"damage":42,"enemies":"3 Darklings","floor":35,"turns":6},{"damage":18,"enemies":"3 Shapes","floor":37,"turns":3},{"damage":24,"enemies":"3 Darklings","floor":38,"turns":7},{"damage":46,"enemies":"Nemesis","floor":40,"turns":9},{"damage":83,"enemies":"Giant Head","floor":42,"turns":12},{"damage":46,"enemies":"Jaw Worm Horde","floor":46,"turns":5},{"damage":3,"enemies":"Maw","floor":48,"turns":6},{"damage":98,"enemies":"Awakened One","floor":50,"turns":13}],"seed_played":"-6029545367362988161","potions_obtained":[{"floor":1,"key":"Weak Potion"},{"floor":6,"key":"Strength Potion"},{"floor":10,"key":"sneckomod:MuddlingPotion"},{"floor":11,"key":"SteroidPotion"},{"floor":21,"key":"Block Potion"},{"floor":27,"key":"FairyPotion"},{"floor":35,"key":"ColorlessPotion"},{"floor":37,"key":"BlessingOfTheForge"},{"floor":48,"key":"DistilledChaos"}],"is_trial":false,"path_per_floor":["M","?","?","M","M","E","R","M","T","M","M","$","R","M","R","B",null,"M","M","$","M","?","R","E","$","T","?","R","E","M","M","R","B",null,"M","?","M","M","$","E","R","E","T","$","?","M","R","M","R","B"],"character_chosen":"ILLYA","items_purchased":["PrismaMod:IllyaPoisonTippedWeapons","Bottled Tornado","PrismaMod:IllyaRubysPotion","PrismaMod:IllyaCarnivalAttack","theForsaken:Lifeblossom"],"campfire_rested":6,"item_purchase_floors":[12,12,20,39,44],"current_hp_per_floor":[75,75,75,75,75,71,71,64,64,64,58,58,58,53,75,57,75,70,59,59,25,50,72,75,75,75,75,75,48,36,42,65,13,78,59,78,60,48,48,12,35,39,39,39,39,4,27,48,71,0,0],"gold":185,"neow_bonus":"THREE_ENEMY_KILL","is_daily":false,"chose_seed":false,"campfire_upgraded":3,"win_rate":0.0,"timestamp":1607749021,"path_taken":["M","?","?","?","M","E","R","M","T","M","M","$","R","?","R","BOSS","M","M","$","M","?","R","E","$","T","?","R","E","M","M","R","BOSS","M","?","M","M","$","E","R","E","T","$","?","M","R","M","R","BOSS"],"items_purchased_type":["Card","Relic","Card","Card","Relic"],"build_version":"2020-11-30","purchased_purges":3,"victory":false,"max_hp_per_floor":[75,75,75,75,75,75,75,75,75,75,75,75,75,75,75,75,75,75,75,75,75,75,75,75,75,75,75,75,78,78,78,78,78,78,78,78,78,78,78,78,78,78,78,78,78,78,78,78,78,78,78],"card_choices":[{"not_picked":["PrismaMod:IllyaUncommonDefend","PrismaMod:IllyaStunPoison"],"picked":"PrismaMod:IllyaCheapChannelDefend","floor":1},{"not_picked":["PrismaMod:IllyaSaphire","PrismaMod:IllyaBride"],"picked":"PrismaMod:IllyaHassanGift","floor":4},{"not_picked":["PrismaMod:IllyaUberPoisonBlock","PrismaMod:IllyaEvokeAll"],"picked":"PrismaMod:IllyaUncommonAOEAttack","floor":5},{"not_picked":["PrismaMod:IllyaUberChannel","PrismaMod:IllyaCheapAttack"],"picked":"PrismaMod:IllyaStunPoison","floor":6},{"not_picked":["PrismaMod:IllyaUpgradeOrbs","PrismaMod:IllyaPoisonBlock"],"picked":"PrismaMod:IllyaPoisonBomb","floor":8},{"not_picked":["PrismaMod:IllyaSaphire","PrismaMod:IllyaBride"],"picked":"PrismaMod:IllyaInstallLancer","floor":10},{"not_picked":["PrismaMod:IllyaPartialInstallAssassin","PrismaMod:IllyaCommonEvoke","PrismaMod:IllyaBoysLove"],"picked":"SKIP","floor":11},{"not_picked":["PrismaMod:IllyaAlice","PrismaMod:IllyaCheapChannelPoison"],"picked":"PrismaMod:IllyaAOECommonAttack","floor":14},{"not_picked":["PrismaMod:IllyaZwei","PrismaMod:IllyaInstallAlterEgo"],"picked":"PrismaMod:IllyaCarnivalPrismaAstolfo","floor":16},{"not_picked":["PrismaMod:IllyaCheapChannelDefend+1","PrismaMod:IllyaBride"],"picked":"PrismaMod:IllyaGun+1","floor":18},{"not_picked":["PrismaMod:IllyaMinorZwei","PrismaMod:IllyaUncommonAOEAttack"],"picked":"PrismaMod:IllyaFeed","floor":19},{"not_picked":["PrismaMod:IllyaGun","PrismaMod:IllyaGrail"],"picked":"PrismaMod:IllyaCheapChannelPoison+1","floor":21},{"not_picked":["PrismaMod:IllyaBoysLove+1","PrismaMod:IllyaUpgradeOrbs+1"],"picked":"PrismaMod:IllyaUberDefendChannel","floor":24},{"not_picked":["PrismaMod:IllyaDevil","PrismaMod:IllyaCheapDefend","PrismaMod:IllyaPoisonBomb+1"],"picked":"SKIP","floor":29},{"not_picked":["PrismaMod:IllyaPoisonTippedWeapons","PrismaMod:IllyaPartialInstallAssassin","PrismaMod:IllyaBerserCAR+1"],"picked":"SKIP","floor":30},{"not_picked":["PrismaMod:IllyaFeed","PrismaMod:IllyaRussianRoulette+1","PrismaMod:IllyaBride"],"picked":"SKIP","floor":31},{"not_picked":["PrismaMod:IllyaUberDefendChannel","PrismaMod:IllyaInstallAssassin"],"picked":"PrismaMod:IllyaInstallArcher","floor":33},{"not_picked":["PrismaMod:IllyaRussianRoulette","PrismaMod:IllyaFriendMaker+1"],"picked":"PrismaMod:IllyaBride+1","floor":35},{"not_picked":["PrismaMod:IllyaFriendMaker","PrismaMod:IllyaCheapAttack"],"picked":"PrismaMod:IllyaBerserCAR+1","floor":37},{"not_picked":["PrismaMod:IllyaEvokeAll","PrismaMod:IllyaBride+1"],"picked":"PrismaMod:IllyaUncommonEvoke","floor":38},{"not_picked":["PrismaMod:IllyaGun+1","PrismaMod:IllyaUberPoisonBlock+1","PrismaMod:IllyaRapidFire+1"],"picked":"SKIP","floor":40},{"not_picked":["PrismaMod:IllyaFeed+1","PrismaMod:IllyaDevil+1"],"picked":"PrismaMod:IllyaStunPoison+1","floor":42},{"not_picked":["PrismaMod:IllyaUncommonAttack+1","PrismaMod:IllyaMaid+1","PrismaMod:IllyaSaphire+1"],"picked":"SKIP","floor":46},{"not_picked":["PrismaMod:IllyaUncommonAOEAttack","PrismaMod:IllyaCommandSeal+1","PrismaMod:IllyaRussianRoulette+1"],"picked":"SKIP","floor":48}],"player_experience":167641,"relics_obtained":[{"floor":6,"key":"Lizard Tail"},{"floor":9,"key":"Shuriken"},{"floor":24,"key":"Omamori"},{"floor":26,"key":"MawBank"},{"floor":29,"key":"Ancient Tea Set"},{"floor":40,"key":"Juzu Bracelet"},{"floor":42,"key":"Letter Opener"},{"floor":43,"key":"Oddly Smooth Stone"}],"event_choices":[{"cards_removed":["PrismaMod:IllyaCommonDefend"],"damage_healed":0,"gold_gain":0,"player_choice":"Forget","damage_taken":0,"max_hp_gain":0,"max_hp_loss":0,"event_name":"Living Wall","floor":2,"gold_loss":0},{"cards_removed":["PrismaMod:IllyaCommonAttack"],"damage_healed":0,"gold_gain":0,"player_choice":"Card Removal","damage_taken":0,"max_hp_gain":0,"max_hp_loss":0,"event_name":"Wheel of Change","floor":3,"gold_loss":0},{"damage_healed":25,"gold_gain":0,"player_choice":"Heal","damage_taken":0,"max_hp_gain":0,"max_hp_loss":0,"event_name":"The Library","floor":22,"gold_loss":0},{"damage_healed":0,"gold_gain":0,"player_choice":"Got Potions","damage_taken":0,"max_hp_gain":0,"max_hp_loss":0,"event_name":"Lab","floor":27,"gold_loss":0},{"damage_healed":20,"gold_gain":0,"player_choice":"Writhe","damage_taken":0,"max_hp_gain":0,"max_hp_loss":0,"event_name":"Winding Halls","floor":36,"gold_loss":0,"cards_obtained":["Writhe"]},{"cards_removed":["PrismaMod:IllyaCommonDefend"],"damage_healed":0,"gold_gain":0,"player_choice":"Purged","damage_taken":0,"max_hp_gain":0,"max_hp_loss":0,"event_name":"Purifier","floor":45,"gold_loss":0}],"is_beta":false,"boss_relics":[{"not_picked":["Coffee Dripper","Runesmith:UraniumAnvil","Fusion Hammer"]},{"not_picked":["SlaversCollar","Empty Cage"],"picked":"PrismaMod:PrismaZwei"}],"items_purged_floors":[20,39,44],"is_endless":false,"potions_floor_spawned":[1,6,10,11,14,21,31,33,35,37,48],"killed_by":"Awakened One","ascension_level":0}}