{"host":"gzwwvnucm264f2jm","time":1607764393,"event":{"mods":["AchievementEnabler","BaseMod","Better Note","BetterRewards","Colored Map","Minty Spire (QoL Compilation)","Permanent Neow","Quick Restart","Rare Cards Sparkle","Slay-I","Spicy Shops","StSLib","SuperFastMode"],"gold_per_floor":[114,131,147,331,348,389,389,445,445,455,455,455,455,331,331,460,460,485,510,358,376,385,419,432,432,457,480,494,543,186,210,210,340,403,416,416,292,306,306,315,362,375,446,446,310,350,625,643,643,643],"floor_reached":51,"playtime":1570,"items_purged":["Doubt","Outmaneuver","Armaments+1"],"score":972,"play_id":"2547d6cc-7f49-4668-8810-0e72a181f0c1","local_time":"20201212041313","daily_mods":["SealedDeck","Vintage"],"is_ascension_mode":false,"campfire_choices":[{"data":"Catalyst","floor":7,"key":"SMITH"},{"data":"Catalyst","floor":12,"key":"SMITH"},{"data":"Noxious Fumes","floor":15,"key":"SMITH"},{"data":"Adrenaline","floor":25,"key":"SMITH"},{"floor":32,"key":"REST"},{"floor":40,"key":"REST"},{"floor":49,"key":"REST"}],"circlet_count":0,"master_deck":["Bane+1","Deadly Poison+1","Catalyst+1","Quick Slash+1","Dash+1","Masterful Stab+1","Blur+1","Leg Sweep+1","Outmaneuver+1","Catalyst+1","Noxious Fumes+1","Adrenaline+1","Bullet Time+1","Backflip+1","Noxious Fumes+1","Blur+1"],"relics":["Ring of the Snake","Orichalcum","The Specimen","CeramicFish","MealTicket","Whetstone","Pear","Pantograph","Boot","Golden Idol","Sundial","Sozu","Strawberry","Dream Catcher","OrangePellets","TungstenRod","Lantern","Anchor","PreservedInsect","Bottled Tornado","Mummified Hand","Regal Pillow","Membership Card","Bag of Preparation","Toxic Egg 2","Shovel","Tiny House","Question Card","Omamori","Bag of Marbles","Mark of the Bloom","Pocketwatch","Pen Nib","Paper Crane","Bottled Flame","Toolbox","Snake Skull","Shuriken"],"acts_visited":["Exordium","TheCity","TheBeyond"],"potions_floor_usage":[16,50,50],"damage_taken":[{"damage":0,"enemies":"2 Louse","floor":1,"turns":3},{"damage":0,"enemies":"Jaw Worm","floor":2,"turns":2},{"damage":0,"enemies":"Small Slimes","floor":3,"turns":3},{"damage":0,"enemies":"3 Louse","floor":5,"turns":3},{"damage":7,"enemies":"Gremlin Nob","floor":6,"turns":4},{"damage":0,"enemies":"Gremlin Nob","floor":8,"turns":2},{"damage":0,"enemies":"Lots of Slimes","floor":10,"turns":4},{"damage":17,"enemies":"Slime Boss","floor":16,"turns":5},{"damage":5,"enemies":"Shell Parasite","floor":18,"turns":3},{"damage":5,"enemies":"3 Byrds","floor":19,"turns":4},{"damage":0,"enemies":"Snake Plant","floor":21,"turns":2},{"damage":8,"enemies":"Gremlin Leader","floor":23,"turns":4},{"damage":4,"enemies":"Cultist and Chosen","floor":24,"turns":3},{"damage":0,"enemies":"Centurion and Healer","floor":27,"turns":3},{"damage":0,"enemies":"Snake Plant","floor":28,"turns":3},{"damage":7,"enemies":"Slavers","floor":29,"turns":4},{"damage":0,"enemies":"3 Cultists","floor":31,"turns":3},{"damage":24,"enemies":"Collector","floor":33,"turns":6},{"damage":0,"enemies":"Orb Walker","floor":35,"turns":2},{"damage":0,"enemies":"3 Darklings","floor":38,"turns":3},{"damage":0,"enemies":"Giant Head","floor":41,"turns":4},{"damage":5,"enemies":"Jaw Worm Horde","floor":42,"turns":3},{"damage":0,"enemies":"Reptomancer","floor":46,"turns":2},{"damage":0,"enemies":"Sphere and 2 Shapes","floor":48,"turns":3},{"damage":0,"enemies":"Donu and Deca","floor":50,"turns":4}],"seed_played":"-3258162406196917581","potions_obtained":[{"floor":3,"key":"PowerPotion"},{"floor":6,"key":"Weak Potion"},{"floor":10,"key":"CunningPotion"},{"floor":16,"key":"LiquidMemories"}],"is_trial":true,"path_per_floor":["M","M","M","?","M","E","R","?","T","M","?","R","?","$","R","B",null,"M","M","$","M","?","E","M","R","T","M","M","E","$","M","R","B",null,"M","?","$","M","?","R","E","M","T","T","$","E","?","M","R","B",null],"character_chosen":"THE_SILENT","items_purchased":["Noxious Fumes","OrangePellets","Membership Card","Bag of Preparation","Toxic Egg 2","Omamori","Toolbox"],"campfire_rested":3,"item_purchase_floors":[14,20,30,30,30,37,45],"current_hp_per_floor":[70,70,70,70,70,63,63,73,73,73,73,73,66,74,74,57,74,76,71,81,81,81,73,69,69,69,69,69,62,77,77,81,57,86,86,86,86,86,86,86,86,81,81,81,81,81,81,81,81,81],"gold":643,"neow_bonus":"","is_daily":false,"chose_seed":false,"campfire_upgraded":4,"win_rate":0.0,"timestamp":1607764393,"path_taken":["M","M","M","?","M","E","R","?","T","?","?","R","?","$","R","BOSS","M","M","$","M","?","E","M","R","T","M","M","E","$","M","R","BOSS","M","?","$","?","?","R","E","M","T","?","$","E","?","?","R","BOSS"],"items_purchased_type":["Card","Relic","Relic","Relic","Relic","Relic","Relic"],"build_version":"2020-11-30","purchased_purges":3,"victory":true,"max_hp_per_floor":[70,70,70,70,70,70,70,80,80,80,74,74,74,74,74,74,74,81,81,81,81,81,81,81,81,81,81,81,81,81,81,81,81,86,86,86,86,86,86,86,86,86,86,86,86,86,86,86,86,86],"card_choices":[{"not_picked":["Prepared","PiercingWail"],"picked":"Catalyst","floor":6},{"not_picked":["Phantasmal Killer","Unload"],"picked":"Adrenaline","floor":16},{"not_picked":["Flechettes","Escape Plan","Acrobatics"],"picked":"SKIP","floor":23},{"not_picked":["Flying Knee","Deflect"],"picked":"Bullet Time","floor":29},{"not_picked":["Bane+1","Sucker Punch+1","Deflect+1"],"picked":"Backflip+1","floor":40},{"not_picked":["Dodge and Roll+1","Bane","Sucker Punch"],"picked":"Noxious Fumes+1","floor":41},{"not_picked":["Infinite Blades+1","Bane+1","Choke+1"],"picked":"Blur+1","floor":46}],"player_experience":421238,"relics_obtained":[{"floor":1,"key":"Orichalcum"},{"floor":2,"key":"The Specimen"},{"floor":3,"key":"CeramicFish"},{"floor":5,"key":"MealTicket"},{"floor":6,"key":"Whetstone"},{"floor":9,"key":"Pantograph"},{"floor":10,"key":"Boot"},{"floor":18,"key":"Strawberry"},{"floor":19,"key":"Dream Catcher"},{"floor":21,"key":"TungstenRod"},{"floor":23,"key":"Lantern"},{"floor":24,"key":"Anchor"},{"floor":26,"key":"PreservedInsect"},{"floor":27,"key":"Bottled Tornado"},{"floor":28,"key":"Mummified Hand"},{"floor":29,"key":"Regal Pillow"},{"floor":31,"key":"Shovel"},{"floor":35,"key":"Question Card"},{"floor":38,"key":"Bag of Marbles"},{"floor":41,"key":"Pocketwatch"},{"floor":42,"key":"Pen Nib"},{"floor":43,"key":"Paper Crane"},{"floor":44,"key":"Bottled Flame"},{"floor":46,"key":"Snake Skull"},{"floor":48,"key":"Shuriken"}],"event_choices":[{"damage_healed":0,"gold_gain":175,"player_choice":"AGREE","damage_taken":0,"max_hp_gain":0,"max_hp_loss":0,"event_name":"Liars Game","floor":4,"gold_loss":0,"cards_obtained":["Doubt"]},{"damage_healed":0,"gold_gain":0,"player_choice":"Searched \u00272\u0027 times","damage_taken":0,"relics_obtained":["Pear"],"max_hp_gain":0,"max_hp_loss":0,"event_name":"Dead Adventurer","floor":8,"gold_loss":0},{"damage_healed":0,"gold_gain":0,"player_choice":"Lose Max HP","damage_taken":0,"relics_obtained":["Golden Idol"],"max_hp_gain":0,"max_hp_loss":6,"event_name":"Golden Idol","floor":11,"gold_loss":0},{"damage_healed":0,"gold_gain":0,"player_choice":"Success","damage_taken":7,"relics_obtained":["Sundial"],"max_hp_gain":0,"max_hp_loss":0,"event_name":"Scrap Ooze","floor":13,"gold_loss":0},{"cards_removed":["Adrenaline"],"damage_healed":0,"gold_gain":0,"player_choice":"Take \u0026 Give","damage_taken":0,"max_hp_gain":0,"max_hp_loss":0,"event_name":"betterNote:BetterNote","floor":22,"gold_loss":0,"cards_obtained":["Armaments"]},{"damage_healed":0,"gold_gain":0,"player_choice":"Ignored","damage_taken":0,"max_hp_gain":0,"max_hp_loss":0,"event_name":"SecretPortal","floor":36,"gold_loss":0},{"damage_healed":0,"gold_gain":0,"player_choice":"Upgrade","damage_taken":0,"relics_obtained":["Mark of the Bloom"],"max_hp_gain":0,"max_hp_loss":0,"event_name":"MindBloom","floor":39,"gold_loss":0,"cards_upgraded":["Bane","Deadly Poison","Masterful Stab","Blur","Leg Sweep","Bullet Time"]},{"damage_healed":0,"gold_gain":275,"player_choice":"Desecrate","damage_taken":0,"max_hp_gain":0,"max_hp_loss":0,"event_name":"Golden Shrine","floor":47,"gold_loss":0,"cards_obtained":["Regret"]}],"is_beta":false,"boss_relics":[{"not_picked":["HoveringKite","Astrolabe"],"picked":"Sozu"},{"not_picked":["Velvet Choker","WristBlade"],"picked":"Tiny House"}],"items_purged_floors":[14,37,45],"is_endless":false,"potions_floor_spawned":[3,6,10,16,19,21,27,31,41,48],"ascension_level":0}}