{"host":"1","time":1607778698,"event":{"mods":["Act Like it!","BaseMod","Better Third Choice","Jorbs\u0027s Wanderer Trilogy","Minty Spire (QoL Compilation)","Shade Mod","StSLib","The Cursed","Wandering Minibosses"],"gold_per_floor":[113,113,126,126,47,47,47],"floor_reached":6,"playtime":357,"items_purged":[],"score":34,"play_id":"b5660c65-ec36-46e3-973f-850e838f3de7","local_time":"20201212161138","is_ascension_mode":false,"campfire_choices":[],"circlet_count":0,"master_deck":["Shade:Strike_Shade","Shade:Strike_Shade","Shade:Strike_Shade","Shade:Strike_Shade","Shade:Defend_Shade","Shade:Defend_Shade","Shade:Defend_Shade","Shade:Defend_Shade","Shade:AnimateDead","Shade:CarefulCut","Shade:FleshToFlesh+1","Shade:Excise","Injury","Shade:StitchTogether"],"relics":["Shade:YorickSkull","Golden Idol"],"acts_visited":["Exordium"],"potions_floor_usage":[],"damage_taken":[{"damage":2,"enemies":"Small Slimes","floor":1,"turns":4},{"damage":0,"enemies":"Jaw Worm","floor":3,"turns":5},{"damage":46,"enemies":"Lagavulin","floor":6,"turns":15}],"seed_played":"-8820802440377681329","potions_obtained":[{"floor":3,"key":"Energy Potion"}],"is_trial":false,"path_per_floor":["M","?","M","?","$","E"],"character_chosen":"SHADE","items_purchased":["Shade:StitchTogether"],"campfire_rested":0,"item_purchase_floors":[5],"current_hp_per_floor":[69,69,69,69,69,25,25],"gold":47,"neow_bonus":"TEN_PERCENT_HP_BONUS","is_daily":false,"chose_seed":false,"campfire_upgraded":0,"win_rate":0.0,"timestamp":1607778698,"path_taken":["M","?","M","?","$","E"],"items_purchased_type":["Card"],"build_version":"2020-11-17","purchased_purges":0,"victory":false,"max_hp_per_floor":[71,71,71,71,71,71,71],"card_choices":[{"not_picked":["Shade:GreyBargain","Shade:CommandSoldier"],"picked":"Shade:FleshToFlesh","floor":1},{"not_picked":["Shade:ScuttlingHand","Shade:CommandSoldier"],"picked":"Shade:Excise","floor":3}],"player_experience":43794,"relics_obtained":[],"event_choices":[{"damage_healed":0,"gold_gain":0,"player_choice":"Grow","damage_taken":0,"max_hp_gain":0,"max_hp_loss":0,"event_name":"Living Wall","floor":2,"gold_loss":0,"cards_upgraded":["Shade:FleshToFlesh"]},{"damage_healed":0,"gold_gain":0,"player_choice":"Take Wound","damage_taken":0,"relics_obtained":["Golden Idol"],"max_hp_gain":0,"max_hp_loss":0,"event_name":"Golden Idol","floor":4,"gold_loss":0,"cards_obtained":["Injury"]}],"is_beta":true,"boss_relics":[],"items_purged_floors":[],"is_endless":false,"potions_floor_spawned":[3],"killed_by":"Lagavulin","ascension_level":0}}