{"host":"mvlqq966zh3ccmv5","time":1607749949,"event":{"mods":["AchievementEnabler","BaseMod","DeckTracker","Minty Spire (QoL Compilation)","SuperFastMode"],"gold_per_floor":[109,124,299,299,317,317,335,361,361,371,399,64,64,82,82,179,179,195,211,68,68,100,100,123,123,149,149,182,195,215,181,181,279,279,292,292,292],"floor_reached":36,"playtime":1075,"items_purged":["Doubt"],"score":442,"play_id":"56c2b269-d31e-4734-b6ed-64e420f4a728","local_time":"20201212141229","is_ascension_mode":false,"campfire_choices":[{"data":"Zap","floor":6.0,"key":"SMITH"},{"data":"Turbo","floor":13.0,"key":"SMITH"},{"data":"Redo","floor":15.0,"key":"SMITH"},{"data":"Creative AI","floor":23,"key":"SMITH"},{"data":"Loop","floor":25,"key":"SMITH"},{"data":"Static Discharge","floor":32,"key":"SMITH"}],"circlet_count":0,"master_deck":["Defend_B+1","Defend_B+1","Defend_B","Zap+1","Dualcast","Cold Snap","Redo+1","Loop+1","Coolheaded","Turbo+1","Creative AI+1","Rip and Tear+1","Heatsinks+1","Echo Form+1","Self Repair","Capacitor","Static Discharge+1","Glacier","FTL","Coolheaded+1"],"relics":["Cracked Core","NeowsBlessing","WingedGreaves","Orichalcum","Pen Nib","Eternal Feather","Mummified Hand","Astrolabe","Red Mask","War Paint","Boot","Anchor","Empty Cage"],"acts_visited":["Exordium","TheCity","TheBeyond"],"potions_floor_usage":[30,33,33,35,36],"damage_taken":[{"damage":0.0,"enemies":"Cultist","floor":1.0,"turns":1.0},{"damage":0.0,"enemies":"Jaw Worm","floor":2.0,"turns":1.0},{"damage":0.0,"enemies":"Small Slimes","floor":5.0,"turns":1.0},{"damage":1.0,"enemies":"3 Louse","floor":7.0,"turns":3.0},{"damage":24.0,"enemies":"3 Sentries","floor":8.0,"turns":11.0},{"damage":5.0,"enemies":"Blue Slaver","floor":10.0,"turns":3.0},{"damage":13.0,"enemies":"Lagavulin","floor":11.0,"turns":7.0},{"damage":1.0,"enemies":"Red Slaver","floor":14.0,"turns":3.0},{"damage":34.0,"enemies":"Slime Boss","floor":16.0,"turns":17.0},{"damage":2.0,"enemies":"Shell Parasite","floor":18.0,"turns":4.0},{"damage":3.0,"enemies":"Chosen","floor":19.0,"turns":3.0},{"damage":19,"enemies":"Masked Bandits","floor":22,"turns":3},{"damage":1,"enemies":"Book of Stabbing","floor":28,"turns":4},{"damage":22,"enemies":"3 Cultists","floor":29,"turns":5},{"damage":0,"enemies":"Shelled Parasite and Fungi","floor":30,"turns":8},{"damage":0,"enemies":"Champ","floor":33,"turns":7},{"damage":16,"enemies":"3 Darklings","floor":35,"turns":7},{"damage":88,"enemies":"2 Orb Walkers","floor":36,"turns":5}],"seed_played":"-4562944206536436752","potions_obtained":[{"floor":8.0,"key":"AttackPotion"},{"floor":10.0,"key":"DistilledChaos"},{"floor":11.0,"key":"PowerPotion"},{"floor":14.0,"key":"SkillPotion"},{"floor":16.0,"key":"FocusPotion"},{"floor":18.0,"key":"Regen Potion"},{"floor":27,"key":"FocusPotion"},{"floor":33,"key":"Weak Potion"},{"floor":35,"key":"Fruit Juice"}],"is_trial":false,"path_per_floor":["M","M","?","T","M","R","M","E","T","M","E","$","R","M","R","B",null,"M","M","$","?","?","R","T","R","T","?","E","M","M","$","R","B",null,"M","?"],"character_chosen":"DEFECT","items_purchased":["Mummified Hand","Capacitor","Fruit Juice","FTL"],"campfire_rested":0,"item_purchase_floors":[12,20,20,31],"current_hp_per_floor":[75,75,75,75,75,75,74,50,50,45,32,32,41,40,49,15,75,73,70,75,75,56,65,65,74,74,74,80,65,72,72,80,80,80,76,0,0],"gold":292,"neow_bonus":"THREE_ENEMY_KILL","is_daily":false,"chose_seed":false,"campfire_upgraded":6,"win_rate":0.0,"timestamp":1607749949,"path_taken":["M","M","?","?","M","R","M","E","T","M","E","$","R","?","R","BOSS","M","M","$","?","?","R","?","R","T","?","E","M","?","$","R","BOSS","M","?"],"items_purchased_type":["Relic","Card","Potion","Card"],"build_version":"2020-11-30","purchased_purges":1,"victory":false,"max_hp_per_floor":[75,75,75,75,75,75,75,75,75,75,75,75,75,75,75,75,75,75,75,80,80,80,80,80,80,80,80,80,80,80,80,80,80,80,85,85,85],"card_choices":[{"not_picked":["Steam","Stack"],"picked":"Cold Snap","floor":1.0},{"not_picked":["Stack","Reinforced Body"],"picked":"Redo","floor":2.0},{"not_picked":["Rebound","Doom and Gloom"],"picked":"Loop","floor":5.0},{"not_picked":["Hologram","Rebound","Scrape"],"picked":"SKIP","floor":7.0},{"not_picked":["Beam Cell","Cold Snap"],"picked":"Coolheaded","floor":8.0},{"not_picked":["Stack","Lockon"],"picked":"Turbo","floor":10.0},{"not_picked":["Leap","Conserve Battery","Sunder"],"picked":"SKIP","floor":11.0},{"not_picked":["Doom and Gloom","Go for the Eyes","Blizzard"],"picked":"SKIP","floor":14.0},{"not_picked":["Rainbow","Machine Learning"],"picked":"Creative AI","floor":16.0},{"not_picked":["Beam Cell+1","Consume","Lockon"],"picked":"SKIP","floor":18.0},{"not_picked":["Cold Snap","Streamline"],"picked":"Self Repair","floor":19.0},{"not_picked":["Leap","Barrage"],"picked":"Glacier","floor":28},{"not_picked":["Steam","Coolheaded","Beam Cell+1"],"picked":"SKIP","floor":29},{"not_picked":["All For One","Ball Lightning","Skim"],"picked":"SKIP","floor":30},{"not_picked":["Stack+1","Leap+1"],"picked":"Coolheaded+1","floor":35}],"player_experience":197757,"relics_obtained":[{"floor":4.0,"key":"WingedGreaves"},{"floor":8.0,"key":"Orichalcum"},{"floor":9.0,"key":"Pen Nib"},{"floor":11.0,"key":"Eternal Feather"},{"floor":22,"key":"Red Mask"},{"floor":24,"key":"War Paint"},{"floor":26,"key":"Boot"},{"floor":28,"key":"Anchor"}],"event_choices":[{"damage_healed":0.0,"max_hp_gain":0.0,"max_hp_loss":0.0,"gold_gain":175.0,"event_name":"Liars Game","player_choice":"AGREE","floor":3.0,"gold_loss":0.0,"damage_taken":0.0,"cards_obtained":["Doubt"]},{"damage_healed":0.0,"max_hp_gain":0.0,"max_hp_loss":0.0,"gold_gain":0.0,"event_name":"The Library","player_choice":"Read","floor":21.0,"gold_loss":0.0,"damage_taken":0.0,"cards_obtained":["Static Discharge"]},{"damage_healed":0,"gold_gain":0,"player_choice":"Fought Bandits","damage_taken":0,"max_hp_gain":0,"max_hp_loss":0,"event_name":"Masked Bandits","floor":22,"gold_loss":0},{"damage_healed":0,"gold_gain":0,"player_choice":"Got Potions","damage_taken":0,"max_hp_gain":0,"max_hp_loss":0,"event_name":"Lab","floor":27,"gold_loss":0},{"damage_healed":0,"gold_gain":0,"player_choice":"Fight","damage_taken":0,"max_hp_gain":0,"max_hp_loss":0,"event_name":"Mysterious Sphere","floor":36,"gold_loss":0}],"is_beta":false,"boss_relics":[{"not_picked":["SlaversCollar","FrozenCore"],"picked":"Astrolabe"},{"not_picked":["Tiny House","Black Star"],"picked":"Empty Cage"}],"items_purged_floors":[12],"is_endless":false,"potions_floor_spawned":[8,10,11,14,16,18,28,33,35],"killed_by":"2 Orb Walkers","ascension_level":0}}