{"host":"ow9msrs9p2ctkx99","time":1607803062,"event":{"mods":["AchievementEnabler","BaseMod","Colored Map","Colored Powertips","Minty Spire (QoL Compilation)","Permanent Neow","Quick Restart","SuperFastMode"],"gold_per_floor":[216,2,16,36,50,50,50,73,73,73,73,116,139,23,23,135,135,160,169,197,207,132,132,132,132],"floor_reached":24,"playtime":1655,"items_purged":["Strike_B"],"score":357,"play_id":"47ed3faa-30e2-4a85-8076-9ad1da6a9e83","local_time":"20201212205742","is_ascension_mode":true,"campfire_choices":[{"data":"Defragment","floor":6.0,"key":"SMITH"},{"data":"Dualcast","floor":10.0,"key":"SMITH"},{"floor":15.0,"key":"REST"},{"floor":23.0,"key":"REST"}],"circlet_count":0,"master_deck":["Defend_B","Defend_B","Defend_B","Defend_B","Zap","Dualcast+1","Tempest","Defragment+1","Ball Lightning","FTL","Buffer","Echo Form","Auto Shields","Cold Snap","Biased Cognition","Chill","Multi-Cast","Conserve Battery"],"relics":["Cracked Core","OrangePellets","CeramicFish","InkBottle","DataDisk","SlaversCollar"],"acts_visited":["Exordium","TheCity"],"potions_floor_usage":[24],"damage_taken":[{"damage":1.0,"enemies":"Cultist","floor":1.0,"turns":3.0},{"damage":7.0,"enemies":"Jaw Worm","floor":3.0,"turns":3.0},{"damage":0.0,"enemies":"Small Slimes","floor":4.0,"turns":3.0},{"damage":19.0,"enemies":"Exordium Thugs","floor":5.0,"turns":4.0},{"damage":25.0,"enemies":"3 Sentries","floor":12.0,"turns":6.0},{"damage":2.0,"enemies":"Large Slime","floor":13.0,"turns":3.0},{"damage":0.0,"enemies":"The Guardian","floor":16.0,"turns":8.0},{"damage":7.0,"enemies":"Spheric Guardian","floor":18.0,"turns":4.0},{"damage":18.0,"enemies":"3 Byrds","floor":20.0,"turns":4.0},{"damage":22.0,"enemies":"Snake Plant","floor":21.0,"turns":4.0},{"damage":46,"enemies":"Book of Stabbing","floor":24,"turns":4}],"seed_played":"-4889806029227115646","potions_obtained":[{"floor":1.0,"key":"LiquidMemories"},{"floor":4.0,"key":"SkillPotion"},{"floor":11.0,"key":"LiquidBronze"},{"floor":11.0,"key":"DuplicationPotion"},{"floor":12.0,"key":"BlessingOfTheForge"},{"floor":16.0,"key":"DuplicationPotion"},{"floor":18.0,"key":"CultistPotion"}],"is_trial":false,"path_per_floor":["M","$","M","M","M","R","?","T","T","R","?","E","M","$","R","B",null,"M","?","M","M","?","R","E"],"character_chosen":"DEFECT","items_purchased":["OrangePellets","Defragment","Cold Snap"],"campfire_rested":2,"item_purchase_floors":[2,2,14],"current_hp_per_floor":[67,67,60,60,41,41,34,34,34,34,34,9,7,7,29,29,64,57,57,39,17,17,39,0,0],"gold":132,"neow_bonus":"HUNDRED_GOLD","is_daily":false,"chose_seed":false,"campfire_upgraded":2,"win_rate":0.0,"timestamp":1607803062,"path_taken":["M","$","?","M","M","R","?","?","T","R","?","E","?","$","R","BOSS","M","?","M","?","?","R","E"],"items_purchased_type":["Relic","Card","Card"],"build_version":"2020-11-30","purchased_purges":1,"victory":false,"max_hp_per_floor":[75,75,75,75,75,75,75,75,75,75,75,75,75,75,75,75,75,75,75,75,75,75,75,75,75],"card_choices":[{"not_picked":["Darkness","Redo"],"picked":"Tempest","floor":1.0},{"not_picked":["White Noise","Gash"],"picked":"Ball Lightning","floor":3.0},{"not_picked":["Rebound","Aggregate"],"picked":"FTL","floor":4.0},{"not_picked":["Compile Driver","Gash"],"picked":"Buffer","floor":5.0},{"not_picked":["Beam Cell","Cold Snap"],"picked":"Echo Form","floor":12.0},{"not_picked":["Redo","Ball Lightning"],"picked":"Auto Shields","floor":13.0},{"not_picked":["Rainbow","Seek"],"picked":"Biased Cognition","floor":16.0},{"not_picked":["Static Discharge","Cold Snap"],"picked":"Chill","floor":18.0},{"not_picked":["Coolheaded","Barrage"],"picked":"Conserve Battery","floor":20.0},{"not_picked":["Conserve Battery+1","Storm","Hello World"],"picked":"SKIP","floor":21.0}],"player_experience":952202,"relics_obtained":[{"floor":8.0,"key":"CeramicFish"},{"floor":9.0,"key":"InkBottle"},{"floor":12.0,"key":"DataDisk"}],"event_choices":[{"cards_removed":["Strike_B"],"damage_healed":0.0,"max_hp_gain":0.0,"max_hp_loss":0.0,"gold_gain":0.0,"event_name":"Golden Wing","player_choice":"Card Removal","floor":7.0,"gold_loss":0.0,"damage_taken":7.0},{"damage_healed":0.0,"max_hp_gain":0.0,"max_hp_loss":0.0,"gold_gain":0.0,"event_name":"Lab","player_choice":"Got Potions","floor":11.0,"gold_loss":0.0,"damage_taken":0.0},{"damage_healed":0.0,"max_hp_gain":0.0,"max_hp_loss":0.0,"gold_gain":0.0,"cards_transformed":["Strike_B"],"event_name":"Transmorgrifier","player_choice":"Transformed","floor":19.0,"gold_loss":0.0,"damage_taken":0.0,"cards_obtained":["Multi-Cast"]},{"cards_removed":["Strike_B"],"damage_healed":0.0,"max_hp_gain":0.0,"max_hp_loss":0.0,"gold_gain":0.0,"event_name":"Beggar","player_choice":"Gave Gold","floor":22.0,"gold_loss":75.0,"damage_taken":0.0}],"is_beta":false,"boss_relics":[{"not_picked":["Tiny House","Busted Crown"],"picked":"SlaversCollar"}],"items_purged_floors":[14],"is_endless":false,"potions_floor_spawned":[1,4,12,16,18],"killed_by":"Book of Stabbing","ascension_level":9}}