{"host":"wghdsg8ym2wc7ov9","time":1607751696,"event":{"mods":["AchievementEnabler","BaseMod","Better Altar","Better Note","Colored Map","Highlight Path","Minty Spire (QoL Compilation)","Random Character Button","Relic Stats","Shop Mod","StSLib"],"gold_per_floor":[111,111,131,131,142,169,185,219,242,242,254,268,12,41,41,153,153,175,184,207,229,249,249,27,126,126,126,126,166,166,192,192,303,303,328,328,347,347,347],"floor_reached":38,"playtime":3476,"items_purged":[],"score":433,"play_id":"dd804f0c-3441-48ee-b136-56a55a376668","local_time":"20201211214136","is_ascension_mode":false,"campfire_choices":[{"data":"Noxious Fumes","floor":10,"key":"SMITH"},{"floor":15,"key":"REST"},{"floor":23,"key":"REST"},{"floor":30,"key":"REST"},{"floor":32,"key":"REST"}],"circlet_count":0,"master_deck":["Strike_G+1","Strike_G+1","Strike_G+1","Strike_G+1","Strike_G+1","Defend_G+1","Defend_G+1","Defend_G+1","Defend_G+1","Defend_G+1","Survivor","Neutralize","Cloak And Dagger","Sucker Punch","Noxious Fumes+1","Dash","Riddle With Holes","Backstab","Calculated Gamble","PiercingWail","Infinite Blades","Poisoned Stab","Night Terror","Poisoned Stab","Strike_B+1","Sucker Punch","Noxious Fumes","Expertise+1","Chrysalis","Caltrops","Catalyst","Quick Slash","Leg Sweep+1","PiercingWail+1","Storm of Steel+1","Quick Slash+1","Sucker Punch"],"relics":["Busted Crown","PreservedInsect","Pen Nib","Bronze Scales","Membership Card","CeramicFish","Strange Spoon","MerchantsRug","Happy Flower","Toxic Egg 2","Oddly Smooth Stone","SlaversCollar"],"acts_visited":["Exordium","TheCity","TheBeyond"],"potions_floor_usage":[16,16,18,29,33,33,33,38],"damage_taken":[{"damage":0,"enemies":"Cultist","floor":1,"turns":4},{"damage":0,"enemies":"2 Louse","floor":3,"turns":3},{"damage":0,"enemies":"Jaw Worm","floor":5,"turns":3},{"damage":30,"enemies":"Gremlin Nob","floor":6,"turns":5},{"damage":1,"enemies":"Exordium Thugs","floor":7,"turns":6},{"damage":2,"enemies":"Lagavulin","floor":8,"turns":5},{"damage":6,"enemies":"Exordium Wildlife","floor":11,"turns":3},{"damage":0,"enemies":"Large Slime","floor":12,"turns":3},{"damage":0,"enemies":"2 Fungi Beasts","floor":14,"turns":2},{"damage":3,"enemies":"Hexaghost","floor":16,"turns":7},{"damage":2,"enemies":"Shell Parasite","floor":18,"turns":4},{"damage":20,"enemies":"2 Thieves","floor":20,"turns":3},{"damage":20,"enemies":"Sentry and Sphere","floor":21,"turns":4},{"damage":6,"enemies":"Snecko","floor":22,"turns":4},{"damage":22,"enemies":"Slavers","floor":29,"turns":5},{"damage":15,"enemies":"3 Cultists","floor":31,"turns":4},{"damage":38,"enemies":"Automaton","floor":33,"turns":7},{"damage":19,"enemies":"3 Darklings","floor":35,"turns":7},{"damage":12,"enemies":"Orb Walker","floor":37,"turns":4},{"damage":42,"enemies":"4 Shapes","floor":38,"turns":3}],"seed_played":"-772722704323107435","potions_obtained":[{"floor":3,"key":"BlessingOfTheForge"},{"floor":6,"key":"Strength Potion"},{"floor":8,"key":"Energy Potion"},{"floor":11,"key":"Block Potion"},{"floor":16,"key":"PowerPotion"},{"floor":28,"key":"Block Potion"},{"floor":28,"key":"DuplicationPotion"},{"floor":31,"key":"ColorlessPotion"},{"floor":33,"key":"EssenceOfSteel"}],"is_trial":false,"path_per_floor":["M","T","M","?","M","E","M","E","T","R","M","M","$","M","R","B",null,"M","?","M","M","M","R","$","?","T","?","?","E","R","M","R","B",null,"M","?","M","M"],"character_chosen":"THE_SILENT","items_purchased":["Membership Card","CeramicFish","Infinite Blades","Chrysalis","Strange Spoon","Caltrops","MerchantsRug","Happy Flower","Catalyst","Quick Slash"],"campfire_rested":4,"item_purchase_floors":[13,13,13,24,24,24,24,24,24,24],"current_hp_per_floor":[70,70,70,70,70,40,39,37,37,37,31,31,31,31,52,49,70,68,68,48,28,22,43,43,43,43,43,43,21,42,27,48,10,70,51,51,39,0,0],"gold":347,"neow_bonus":"BOSS_RELIC","is_daily":false,"chose_seed":false,"campfire_upgraded":1,"win_rate":0.0,"timestamp":1607751696,"path_taken":["M","?","M","?","M","E","M","E","T","R","M","M","$","M","R","BOSS","M","?","M","M","M","R","$","?","T","?","?","E","R","?","R","BOSS","M","?","M","M"],"items_purchased_type":["Relic","Relic","Card","Card","Relic","Card","Relic","Relic","Card","Card"],"build_version":"2020-11-30","purchased_purges":0,"victory":false,"max_hp_per_floor":[70,70,70,70,70,70,70,70,70,70,70,70,70,70,70,70,70,70,70,70,70,70,70,70,70,70,70,70,70,70,70,70,70,70,70,70,70,70,70],"relic_stats":{"Strange Spoon":[22],"Busted Crown":38,"Happy Flower":[10],"counters":[20,86],"Bronze Scales":[198],"CeramicFish":153,"PreservedInsect":89,"Pen Nib":[15],"obtain_stats":[{"MerchantsRug":24,"Happy Flower":24,"CeramicFish":13,"Oddly Smooth Stone":29,"PreservedInsect":2,"Pen Nib":8,"Whetstone":6,"Sozu":17,"Strange Spoon":24,"SlaversCollar":34,"Busted Crown":0,"Bronze Scales":9,"Membership Card":13,"Toxic Egg 2":26,"Ring of the Snake":0},{"MerchantsRug":14,"Happy Flower":14,"CeramicFish":8,"Oddly Smooth Stone":15,"PreservedInsect":1,"Pen Nib":6,"Whetstone":4,"Sozu":10,"Strange Spoon":14,"SlaversCollar":17,"Busted Crown":0,"Bronze Scales":6,"Membership Card":8,"Toxic Egg 2":14,"Ring of the Snake":0},{"MerchantsRug":56,"Happy Flower":56,"CeramicFish":32,"Oddly Smooth Stone":61,"PreservedInsect":4,"Pen Nib":26,"Whetstone":15,"Sozu":41,"Strange Spoon":56,"SlaversCollar":72,"Busted Crown":0,"Bronze Scales":26,"Membership Card":32,"Toxic Egg 2":56,"Ring of the Snake":0}]},"card_choices":[{"not_picked":[],"picked":"Cloak And Dagger","floor":1},{"not_picked":[],"picked":"Sucker Punch","floor":3},{"not_picked":[],"picked":"Noxious Fumes","floor":5},{"not_picked":[],"picked":"Dash","floor":6},{"not_picked":[],"picked":"Riddle With Holes","floor":7},{"not_picked":[],"picked":"Backstab","floor":8},{"not_picked":[],"picked":"Calculated Gamble","floor":11},{"not_picked":[],"picked":"PiercingWail","floor":12},{"not_picked":[],"picked":"Poisoned Stab","floor":14},{"not_picked":[],"picked":"Night Terror","floor":16},{"not_picked":[],"picked":"Poisoned Stab","floor":18},{"not_picked":[],"picked":"Sucker Punch","floor":20},{"not_picked":[],"picked":"Noxious Fumes","floor":21},{"not_picked":[],"picked":"Expertise+1","floor":22},{"not_picked":[],"picked":"Leg Sweep+1","floor":29},{"not_picked":[],"picked":"PiercingWail+1","floor":31},{"not_picked":[],"picked":"Storm of Steel+1","floor":33},{"not_picked":[],"picked":"Quick Slash+1","floor":35},{"not_picked":[],"picked":"Sucker Punch","floor":37}],"player_experience":328501,"relics_obtained":[{"floor":2,"key":"PreservedInsect"},{"floor":6,"key":"Whetstone"},{"floor":8,"key":"Pen Nib"},{"floor":9,"key":"Bronze Scales"},{"floor":26,"key":"Toxic Egg 2"},{"floor":29,"key":"Oddly Smooth Stone"}],"event_choices":[{"damage_healed":0,"gold_gain":0,"player_choice":"Ignored","damage_taken":0,"max_hp_gain":0,"max_hp_loss":0,"event_name":"Golden Wing","floor":4,"gold_loss":0},{"cards_removed":["Noxious Fumes"],"damage_healed":0,"gold_gain":0,"player_choice":"Take \u0026 Give","damage_taken":0,"max_hp_gain":0,"max_hp_loss":0,"event_name":"betterNote:BetterNote","floor":19,"gold_loss":0,"cards_obtained":["Strike_B"]},{"damage_healed":0,"gold_gain":99,"player_choice":"Stole From Cult","damage_taken":0,"max_hp_gain":0,"max_hp_loss":0,"event_name":"Nest","floor":25,"gold_loss":0},{"damage_healed":0,"gold_gain":0,"player_choice":"Simplicity","damage_taken":0,"max_hp_gain":0,"max_hp_loss":0,"event_name":"Back to Basics","floor":27,"gold_loss":0,"cards_upgraded":["Strike_G","Strike_G","Strike_G","Defend_G","Defend_G","Defend_G","Defend_G","Defend_G","Strike_B"]},{"damage_healed":0,"gold_gain":0,"player_choice":"Got Potions","damage_taken":0,"max_hp_gain":0,"max_hp_loss":0,"event_name":"Lab","floor":28,"gold_loss":0},{"damage_healed":0,"gold_gain":0,"player_choice":"Ignored","damage_taken":0,"max_hp_gain":0,"max_hp_loss":0,"event_name":"SecretPortal","floor":36,"gold_loss":0}],"is_beta":false,"boss_relics":[{"not_picked":["Runic Pyramid","Empty Cage"],"picked":"Sozu"},{"not_picked":["Velvet Choker","Snecko Eye"],"picked":"SlaversCollar"}],"items_purged_floors":[],"is_endless":false,"potions_floor_spawned":[3,6,8,11,14,16,22,31,33],"killed_by":"4 Shapes","ascension_level":0}}