{"host":"0cnf9zf1gia27zti","time":1607797045,"event":{"mods":["BaseMod","BetterRewards","Card Forge","Colored Map","Colored Powertips","Conspire","Downfall","Minty Spire (QoL Compilation)","Quick Restart","Replay The Spire","Shade Mod","Spicy Shops","StSLib"],"gold_per_floor":[117,137,154,154,172,172,9,9,9,9,9,19,82,82,82,186,186,206,220,72,85,98,98,98],"floor_reached":23,"playtime":1416,"items_purged":[],"score":439,"play_id":"bce8972d-7cb1-4752-b029-0c8ace116000","local_time":"20201212181725","is_ascension_mode":true,"campfire_choices":[{"data":"Mayhem","floor":6.0,"key":"SMITH"},{"floor":8.0,"key":"REST"},{"data":"Demon Form","floor":11.0,"key":"SMITH"},{"floor":15.0,"key":"REST"}],"circlet_count":0,"master_deck":["AscendersBane","Strike_R","Strike_R","Strike_R","Strike_R","Defend_R","Defend_R","Defend_R","Defend_R","Bash","Mayhem+1","Shrug It Off","Thunderclap+1","Shrug It Off","Warcry","Thunderclap","Demon Form+1","conspire:HitWhereItHurts+1","Cleave+1","Mayhem+1","Warcry+1"],"relics":["Black Blood","Hammer of Thor","Seething Fire","Anvil of the Gods","Anchor","Omamori","conspire:Dentures","Molten Egg 2","DollysMirror"],"acts_visited":["Exordium","TheCity"],"potions_floor_usage":[21],"damage_taken":[{"damage":1.0,"enemies":"Cultist","floor":1.0,"turns":4.0},{"damage":0.0,"enemies":"2 Louse","floor":2.0,"turns":2.0},{"damage":0.0,"enemies":"Small Slimes","floor":3.0,"turns":4.0},{"damage":3.0,"enemies":"3 Louse","floor":5.0,"turns":3.0},{"damage":1.0,"enemies":"Looter","floor":12.0,"turns":3.0},{"damage":28.0,"enemies":"Lagavulin Event","floor":13.0,"turns":8.0},{"damage":19,"enemies":"Hexaghost","floor":16,"turns":7},{"damage":28,"enemies":"Spheric Guardian","floor":18,"turns":7},{"damage":10,"enemies":"Shell Parasite","floor":19,"turns":7},{"damage":37,"enemies":"Chosen and Byrds","floor":21,"turns":6},{"damage":21,"enemies":"Snake Plant","floor":22,"turns":5},{"damage":31,"enemies":"Book of Stabbing","floor":23,"turns":4}],"seed_played":"-1754445184446926341","potions_obtained":[{"floor":2.0,"key":"Cursed Concoction"},{"floor":3.0,"key":"Dexterity Potion"},{"floor":5.0,"key":"Toxic Potion"},{"floor":18,"key":"Elixir"}],"is_trial":false,"path_per_floor":["M","M","M","?","M","R","$","R","T","$","R","M","?","?","R_BF","B",null,"M","M","$","M","M","E"],"character_chosen":"IRONCLAD","items_purchased":["Anchor","Mayhem","Omamori","Shrug It Off","Thunderclap+1","Demon Form","DollysMirror"],"campfire_rested":2,"item_purchase_floors":[0,0,0,0,0,7,20],"current_hp_per_floor":[36,42,48,48,51,51,51,75,75,75,75,80,58,58,80,67,77,61,63,63,38,29,0,0],"gold":98,"neow_bonus":"","is_daily":false,"chose_seed":false,"campfire_upgraded":2,"win_rate":0.0,"timestamp":1607797045,"path_taken":["M","M","M","?","M","R","$","R","T","$","R","M","?","?","R_BF","BOSS","M","M","$","M","M","E"],"items_purchased_type":["Relic","Card","Relic","Card","Card","Card","Relic"],"build_version":"2020-11-30","purchased_purges":0,"victory":false,"max_hp_per_floor":[80,80,80,80,80,80,80,80,80,80,80,80,80,80,80,80,80,80,80,80,80,80,80,80],"card_choices":[{"not_picked":["Replay:Undeath\u0027s Touch","Flex"],"picked":"Shrug It Off","floor":1.0},{"not_picked":["Clothesline","Perfected Strike"],"picked":"Warcry","floor":2.0},{"not_picked":["Twin Strike","Pommel Strike","Body Slam"],"picked":"SKIP","floor":3.0},{"not_picked":["Body Slam","Replay:Undeath\u0027s Touch"],"picked":"Thunderclap","floor":5.0},{"not_picked":["Headbutt","Anger","Replay:Undeath\u0027s Touch"],"picked":"SKIP","floor":12.0},{"not_picked":["Berserk","Immolate+1"],"picked":"conspire:HitWhereItHurts+1","floor":16},{"not_picked":["Flex","Run Through+1","Twin Strike+1"],"picked":"SKIP","floor":18},{"not_picked":["Clash+1","Second Wind"],"picked":"Cleave+1","floor":19},{"not_picked":["Headbutt+1","Replay:Undeath\u0027s Touch+1","Dark Embrace+1"],"picked":"SKIP","floor":21},{"not_picked":["Shrug It Off","Armaments"],"picked":"Warcry+1","floor":22}],"player_experience":1976703,"relics_obtained":[{"floor":9.0,"key":"conspire:Dentures"},{"floor":13.0,"key":"Molten Egg 2"}],"event_choices":[{"damage_healed":0.0,"max_hp_gain":0.0,"max_hp_loss":0.0,"gold_gain":0.0,"event_name":"conspire:LoneGhost","player_choice":"Disagree","floor":4.0,"gold_loss":0.0,"damage_taken":0.0},{"damage_healed":0.0,"max_hp_gain":0.0,"max_hp_loss":0.0,"gold_gain":30.0,"event_name":"Dead Adventurer","player_choice":"Searched \u00273\u0027 times","floor":13.0,"gold_loss":0.0,"damage_taken":0.0}],"is_beta":false,"boss_relics":[{"not_picked":["Black Star","Pandora\u0027s Box"],"picked":"Black Blood"}],"items_purged_floors":[],"is_endless":false,"potions_floor_spawned":[2,3,5,18],"killed_by":"Book of Stabbing","ascension_level":11}}