{"host":"w67240tx264gh7zw","time":1607810972,"event":{"mods":["2.2 Compatiblity","AchievementEnabler","Aspiration","BaseMod","Better Third Choice","Block Reminder","Colored Powertips","Conspire","Hermit","Highlight Path","Hubris","Infinite Spire","Marked Mod","Minty Spire (QoL Compilation)","Quick Restart","RNG Fix","Rare Cards Sparkle","Relic Stats","Replay The Spire","Shop Mod","Spicy Shops","Spikes Relics","StSLib","The Blue Laboratory","??????REMEMod"],"gold_per_floor":[116,116,130,148,160,160,185,185,185,203,217,217,182,201,201,304,304,316,316,329,345,211,224,224,88,111,130,130,142,142,142,142,240,240,250,250,250,250,329,329,256,256,256,281,281,281,300,300,300,300,300],"floor_reached":50,"playtime":3787,"items_purged":[],"score":620,"play_id":"1d399a3e-0d67-47ee-96cd-92c0c0af56f3","local_time":"20201212140932","is_ascension_mode":false,"campfire_choices":[{"floor":6.0,"key":"RECALL"},{"floor":8.0,"key":"REST"},{"floor":15.0,"key":"REST"},{"floor":24.0,"key":"REST"},{"floor":30.0,"key":"REST"},{"floor":32.0,"key":"REST"},{"data":"infinitespire:Starlight","floor":40.0,"key":"SMITH"},{"data":"infinitespire:Starlight","floor":42.0,"key":"SMITH"},{"floor":45,"key":"REST"},{"data":"infinitespire:Starlight","floor":49,"key":"SMITH"}],"circlet_count":0,"master_deck":["hermit:Strike_Hermit","hermit:Strike_Hermit","hermit:Strike_Hermit","hermit:Strike_Hermit","hermit:Defend_Hermit","hermit:Defend_Hermit","hermit:Defend_Hermit","hermit:Defend_Hermit","hermit:Snapshot","hermit:Covet","Immolate","hermit:Glare","Regret","hermit:NoHoldsBarred","hermit:Coalescence","hermit:TrackingShot","hermit:Ricochet","hermit:Malice","hermit:Gestalt","hermit:RoundhouseKick","hermit:Maintenance+1","infinitespire:Starlight+1","hermit:Dive","hermit:Quickdraw","infinitespire:Starlight+1","Pain","hermit:Maintenance+1","hermit:Gestalt","Pain","hermit:Gestalt+1","Pot Of Greed","Pot Of Greed","Pot Of Greed","hermit:Virtue+1","hermit:LowProfile+1","hermit:HighCaliber","hermit:FatalDesire","hermit:WideOpen+1","Pot Of Greed","hermit:Gambit","hermit:Quickdraw+1","Writhe","hermit:Grudge","hermit:PistolWhip","hermit:CalledShot","infinitespire:Starlight+1","hermit:FlashPowder","Doubt"],"relics":["hermit:Momento","REME_ComplimentaryCards","NeowsBlessing","Vajra","conspire:SpecialSausage","DollysMirror","Dream Catcher","conspire:TreasureMap","Grinning Jar","REME_LimitBreaker","Blue Candle","SuspiciousGoo"],"acts_visited":["Exordium","TheCity","TheBeyond"],"potions_floor_usage":[44],"damage_taken":[{"damage":0.0,"enemies":"2 Louse","floor":1.0,"turns":1.0},{"damage":0.0,"enemies":"Jaw Worm","floor":3.0,"turns":1.0},{"damage":0.0,"enemies":"Cultist","floor":4.0,"turns":1.0},{"damage":0.0,"enemies":"Large Slime","floor":5.0,"turns":3.0},{"damage":47.0,"enemies":"Gremlin Nob","floor":7.0,"turns":6.0},{"damage":5.0,"enemies":"Blue Slaver","floor":10.0,"turns":2.0},{"damage":3.0,"enemies":"Lots of Slimes","floor":11.0,"turns":3.0},{"damage":10.0,"enemies":"Looter","floor":14.0,"turns":2.0},{"damage":42.0,"enemies":"Fading Forest","floor":16.0,"turns":11.0},{"damage":5.0,"enemies":"conspire:FuzzyDice","floor":18.0,"turns":6.0},{"damage":24.0,"enemies":"Shell Parasite","floor":20.0,"turns":6.0},{"damage":42.0,"enemies":"Snake Plant","floor":21.0,"turns":3.0},{"damage":41.0,"enemies":"Centurion and Healer","floor":23.0,"turns":10.0},{"damage":4.0,"enemies":"conspire:HollyBat","floor":27.0,"turns":9.0},{"damage":25.0,"enemies":"Shelled Parasite and Fungi","floor":29.0,"turns":7.0},{"damage":38.0,"enemies":"hubris:MusketHawk","floor":33.0,"turns":13.0},{"damage":18.0,"enemies":"Orb Walker","floor":35.0,"turns":4.0},{"damage":40,"enemies":"Giant Head","floor":44,"turns":12},{"damage":69,"enemies":"3 Darklings","floor":47,"turns":6},{"damage":108,"enemies":"infinitespire:MassOfShapes","floor":50,"turns":10}],"seed_played":"-7513133008789958992","potions_obtained":[{"floor":4.0,"key":"blueLaboratory:BottleOfVodka"},{"floor":5.0,"key":"blueLaboratory:BubblePotion"},{"floor":11.0,"key":"blueLaboratory:BottledHope"},{"floor":23.0,"key":"hermit:Tonic"},{"floor":27.0,"key":"blueLaboratory:PolymorphPotion"}],"is_trial":false,"path_per_floor":["M","?","M","M","M","R","E","R","T","M","M","?","?","M","R","B",null,"M","AVR","M","M","$","M","R","$","T","M","$","M","R","?","R","B",null,"M","?","?","?","T","R","$","R","T","E","R","AVR","M","?","R","B"],"character_chosen":"HERMIT","items_purchased":["DollysMirror","Dream Catcher","conspire:TreasureMap","hermit:Gestalt+1","hermit:Grudge"],"campfire_rested":6,"item_purchase_floors":[22,22,25,25,41],"current_hp_per_floor":[75,75,75,75,75,75,28,50,50,45,42,42,60,50,72,30,75,70,70,56,24,24,3,25,25,25,41,41,36,58,58,75,52,75,57,75,75,75,75,75,75,75,75,50,72,72,25,75,75,0,0],"gold":300,"neow_bonus":"THREE_ENEMY_KILL","is_daily":false,"chose_seed":false,"campfire_upgraded":3,"win_rate":0.0,"timestamp":1607810972,"path_taken":["M","?","M","M","M","R","E","R","T","M","M","?","?","M","R","BOSS","M","AVR","M","M","?","M","R","?","T","?","$","M","R","?","R","BOSS","M","?","?","?","?","R","$","R","T","E","R","AVR","M","?","R","BOSS"],"items_purchased_type":["Relic","Relic","Relic","Card","Card"],"build_version":"2020-11-30","purchased_purges":0,"victory":false,"max_hp_per_floor":[75,75,75,75,75,75,75,75,75,75,75,75,75,75,75,75,75,75,75,75,75,75,75,75,75,75,75,75,75,75,75,75,75,75,75,75,75,75,75,75,75,75,75,75,75,75,75,75,75,75,75],"relic_stats":{"Dream Catcher":4,"counters":[20,116],"Blue Candle":[0],"obtain_stats":[{"Dream Catcher":22,"conspire:TreasureMap":25,"NeowsBlessing":0,"DollysMirror":22,"Blue Candle":43,"Vajra":2,"SuspiciousGoo":44,"conspire:SpecialSausage":17,"Grinning Jar":26,"REME_LimitBreaker":39,"hermit:Momento":0,"REME_ComplimentaryCards":0},{"Dream Catcher":12,"conspire:TreasureMap":13,"NeowsBlessing":0,"DollysMirror":12,"Blue Candle":17,"Vajra":1,"SuspiciousGoo":18,"conspire:SpecialSausage":9,"Grinning Jar":13,"REME_LimitBreaker":17,"hermit:Momento":0,"REME_ComplimentaryCards":0},{"Dream Catcher":45,"conspire:TreasureMap":55,"NeowsBlessing":0,"DollysMirror":45,"Blue Candle":88,"Vajra":1,"SuspiciousGoo":100,"conspire:SpecialSausage":30,"Grinning Jar":55,"REME_LimitBreaker":88,"hermit:Momento":0,"REME_ComplimentaryCards":0}]},"card_choices":[{"not_picked":["hermit:ItchyTrigger","hermit:Combo"],"picked":"hermit:Glare","floor":1.0},{"not_picked":["hermit:Ricochet","hermit:Midnight"],"picked":"hermit:TakeAim","floor":3.0},{"not_picked":["hermit:EyeOfTheStorm","hermit:Coalescence"],"picked":"hermit:NoHoldsBarred","floor":4.0},{"not_picked":["hermit:BodyArmor","hermit:Desperado"],"picked":"hermit:Coalescence","floor":5.0},{"not_picked":["hermit:Quickdraw","hermit:CalledShot"],"picked":"hermit:TrackingShot","floor":7.0},{"not_picked":["hermit:Glare","hermit:NoHoldsBarred"],"picked":"hermit:Ricochet","floor":10.0},{"not_picked":["hermit:Coalescence","hermit:CalledShot"],"picked":"hermit:Malice","floor":11.0},{"not_picked":["hermit:Enervate","hermit:Glare"],"picked":"hermit:Gestalt","floor":14.0},{"not_picked":["hermit:FromBeyond","hermit:Gambit"],"picked":"hermit:RoundhouseKick","floor":16.0},{"not_picked":["hermit:Vantage+1","hermit:HighCaliber"],"picked":"hermit:Maintenance+1","floor":18.0},{"not_picked":["hermit:Enervate","hermit:Roulette"],"picked":"hermit:Dive","floor":20.0},{"not_picked":["hermit:Combo","hermit:Feint"],"picked":"hermit:Quickdraw","floor":21.0},{"not_picked":["hermit:ItchyTrigger+1","hermit:Glare+1"],"picked":"hermit:Maintenance+1","floor":23.0},{"not_picked":["hermit:Coalescence+1","hermit:BodyArmor"],"picked":"hermit:Gestalt","floor":24.0},{"not_picked":["hermit:HoleUp","hermit:HighNoon"],"picked":"hermit:Virtue+1","floor":27.0},{"not_picked":["hermit:LuckOfTheDraw","hermit:ItchyTrigger"],"picked":"hermit:LowProfile+1","floor":29.0},{"not_picked":["hermit:LoneWolf","hermit:BodyArmor"],"picked":"hermit:HighCaliber","floor":30.0},{"not_picked":["hermit:Glare","hermit:LowProfile+1"],"picked":"hermit:WideOpen+1","floor":32.0},{"not_picked":["hermit:FatalDesire","hermit:RoundhouseKick"],"picked":"hermit:Gambit","floor":33.0},{"not_picked":["hermit:CalledShot","hermit:WideOpen+1"],"picked":"hermit:Quickdraw+1","floor":35.0},{"not_picked":["hermit:Snipe","hermit:LoneWolf+1"],"picked":"hermit:PistolWhip","floor":44},{"not_picked":["hermit:BodyArmor","hermit:Feint"],"picked":"hermit:CalledShot","floor":45},{"not_picked":["hermit:Ricochet","hermit:Showdown+1"],"picked":"hermit:FlashPowder","floor":47}],"player_experience":475915,"relics_obtained":[{"floor":26.0,"key":"Grinning Jar"},{"floor":39.0,"key":"REME_LimitBreaker"},{"floor":43.0,"key":"Blue Candle"},{"floor":44,"key":"SuspiciousGoo"}],"event_choices":[{"damage_healed":0.0,"max_hp_gain":0.0,"max_hp_loss":0.0,"gold_gain":0.0,"event_name":"Big Fish","player_choice":"Box","floor":2.0,"gold_loss":0.0,"damage_taken":0.0,"relics_obtained":["Vajra"],"cards_obtained":["Regret"]},{"damage_healed":0.0,"max_hp_gain":0.0,"max_hp_loss":0.0,"gold_gain":0.0,"event_name":"Dead Adventurer","player_choice":"Searched \u00270\u0027 times","floor":12.0,"gold_loss":0.0,"damage_taken":0.0},{"damage_healed":18.0,"max_hp_gain":0.0,"max_hp_loss":0.0,"gold_gain":0.0,"event_name":"The Cleric","player_choice":"Healed","floor":13.0,"gold_loss":35.0,"damage_taken":0.0},{"damage_healed":0.0,"max_hp_gain":0.0,"max_hp_loss":0.0,"gold_gain":0.0,"event_name":"Match and Keep!","player_choice":"1 cards matched","floor":31.0,"gold_loss":0.0,"damage_taken":0.0,"cards_obtained":["hermit:FatalDesire"]},{"damage_healed":19.0,"max_hp_gain":0.0,"max_hp_loss":0.0,"gold_gain":0.0,"event_name":"Winding Halls","player_choice":"Writhe","floor":36.0,"gold_loss":0.0,"damage_taken":0.0,"cards_obtained":["Writhe"]},{"cards_removed":["hermit:TakeAim"],"damage_healed":0.0,"max_hp_gain":0.0,"max_hp_loss":0.0,"gold_gain":0.0,"event_name":"Purifier","player_choice":"Purged","floor":38.0,"gold_loss":0.0,"damage_taken":0.0},{"damage_healed":50,"gold_gain":0,"player_choice":"Heal","damage_taken":0,"max_hp_gain":0,"max_hp_loss":0,"event_name":"MindBloom","floor":48,"gold_loss":0,"cards_obtained":["Doubt"]}],"is_beta":false,"boss_relics":[{"not_picked":["Replay:Drink Me","Runic Pyramid"],"picked":"conspire:SpecialSausage"},{"not_picked":["Ring of Chaos","Philosopher\u0027s Stone","REME_DuelDisc"]}],"items_purged_floors":[],"is_endless":false,"potions_floor_spawned":[4,5,11,23,27],"killed_by":"infinitespire:MassOfShapes","ascension_level":0}}