{"host":"re9xirrjoezsqg3h","time":1607783305,"event":{"mods":["AchievementEnabler","BaseMod","Dota2Spire","Downfall","GifTheSpireLib","Hermit","Luminous","Minty Spire (QoL Compilation)","Replay The Spire","Robot Space Explorer","StSLib","The Administrix","The Bug Knight","The Cursed","[IsaacMod]ÒÔÈö¼âËþ"],"gold_per_floor":[112,112,124,140,140,170,180,25,25,35,35,210,227,152,152,247,297,308,308,366,366,382,382,91,91,91,104,104,129,144,157,157,255,255,267,267,136,136,86,86,86,86,86,100,171,221,240,240,240],"floor_reached":48,"playtime":2152,"items_purged":["Doubt","Writhe","CommonCold"],"score":428,"play_id":"26933633-f4fc-4bd8-995f-94facf21c52e","local_time":"20201212222825","is_ascension_mode":false,"campfire_choices":[{"data":"hermit:CursedWeapon","floor":11,"key":"SMITH"},{"data":"hermit:HeroicBravado","floor":15,"key":"SMITH"},{"data":"hermit:HighCaliber","floor":23,"key":"SMITH"},{"data":"Pot Of Greed","floor":25,"key":"SMITH"},{"data":"hermit:EyeOfTheStorm","floor":28,"key":"SMITH"},{"data":"hermit:Gambit","floor":32,"key":"SMITH"},{"data":"Metamorphosis","floor":41,"key":"SMITH"}],"circlet_count":0,"master_deck":["hermit:Strike_Hermit","hermit:Strike_Hermit","hermit:Strike_Hermit","hermit:Strike_Hermit","hermit:Defend_Hermit","hermit:Defend_Hermit","hermit:Defend_Hermit","hermit:Snapshot","hermit:Covet","hermit:CursedWeapon+1","hermit:GhostlyPresence","hermit:HeroicBravado+1","Pot Of Greed+1","Pot Of Greed+1","hermit:Gambit+1","hermit:TrackingShot+1","hermit:EyeOfTheStorm+1","hermit:HighCaliber+1","hermit:TakeAim+1","hermit:Deadeye","hermit:HeroicBravado","CommonCold","Pot Of Greed","hermit:Combo","expansioncontent:DonusPower","Madness","Madness","Metamorphosis+1","hermit:CalledShot+1"],"relics":["hermit:Momento","HushsDoor","DeathBook","NeowsBlessing","HornCleat","Iron Hammer","Grinning Jar","Replay:Bottled Flurry","Tiny House","HollowMod:PaleOreRelic","Snack Pack","Quantum Egg","Gremlin Food","Replay:Baseball","Replay:Ancient Bell","Smiling Mask","Divine Protection","Dota2Spire:ShivaGuard","Dota2Spire:MonkeyKingBar","Replay:Mystery Machine"],"acts_visited":["Exordium","TheCity","TheBeyond"],"potions_floor_usage":[16,22,31],"damage_taken":[{"damage":0,"enemies":"Jaw Worm","floor":1,"turns":1},{"damage":2,"enemies":"2 Louse","floor":3,"turns":2},{"damage":2,"enemies":"Cultist","floor":4,"turns":1},{"damage":19,"enemies":"3 Sentries","floor":6,"turns":8},{"damage":2,"enemies":"2 Fungi Beasts","floor":7,"turns":3},{"damage":0,"enemies":"3 Louse","floor":10,"turns":1},{"damage":10,"enemies":"Large Slime","floor":13,"turns":2},{"damage":19,"enemies":"Fading Forest","floor":16,"turns":11},{"damage":2,"enemies":"Spheric Guardian","floor":18,"turns":3},{"damage":5,"enemies":"3 Byrds","floor":22,"turns":6},{"damage":6,"enemies":"Snecko","floor":27,"turns":6},{"damage":2,"enemies":"3 Cultists","floor":30,"turns":2},{"damage":0,"enemies":"Snake Plant","floor":31,"turns":1},{"damage":6,"enemies":"Collector","floor":33,"turns":11},{"damage":18,"enemies":"3 Darklings","floor":35,"turns":4},{"damage":10,"enemies":"3 Shapes","floor":44,"turns":3},{"damage":0,"enemies":"Hiden Room Battle","floor":46,"turns":4},{"damage":0,"enemies":"3 Darklings","floor":47,"turns":2},{"damage":46,"enemies":"4 Shapes","floor":48,"turns":3}],"seed_played":"7704127065670809439","potions_obtained":[{"floor":1,"key":"Slimebound:ThreeZeroPotion"},{"floor":7,"key":"hexamod:EctoCoolerPotion"},{"floor":13,"key":"Elixir"},{"floor":17,"key":"Flashbang"},{"floor":22,"key":"Fire Potion"},{"floor":27,"key":"Dota2Spire:HealingSalve"},{"floor":33,"key":"FearPotion"}],"is_trial":false,"path_per_floor":["M","?","M","M","?","E","M","$","T","M","R","?","M","$","R","B",null,"M","?","?","?","M","R","$","R","T","M","R","T","M","M","R","B",null,"M","?","$","?","$","?","R","PTL","PTL","M","T","?","M","M"],"character_chosen":"HERMIT","items_purchased":["Grinning Jar","Quantum Egg","hermit:Deadeye","expansioncontent:DonusPower"],"campfire_rested":0,"item_purchase_floors":[8,24,24,37],"current_hp_per_floor":[75,68,66,64,61,42,40,40,40,40,40,40,30,30,30,11,80,78,78,46,46,49,49,49,49,49,45,45,45,43,43,43,53,80,64,64,64,54,54,49,49,49,49,39,39,41,41,0,0],"gold":240,"neow_bonus":"THREE_ENEMY_KILL","is_daily":false,"chose_seed":false,"campfire_upgraded":7,"win_rate":0.0,"timestamp":1607783305,"path_taken":["M","?","?","M","?","E","M","$","T","M","R","?","M","$","R","BOSS","M","?","?","?","M","R","$","R","T","M","R","?","M","M","R","BOSS","M","?","$","?","$","?","R","PTL","PTL","?","T","?","M","M"],"items_purchased_type":["Relic","Relic","Card","Card"],"build_version":"2020-11-30","purchased_purges":3,"victory":false,"max_hp_per_floor":[75,75,75,75,75,75,75,75,75,75,75,75,75,75,75,75,80,80,80,80,80,80,80,80,80,80,80,80,80,80,80,80,80,80,80,80,80,80,80,80,80,80,80,80,80,80,80,80,80],"card_choices":[{"not_picked":[],"picked":"ChaosCard","floor":0},{"not_picked":["hermit:TakeAim","hermit:Coalescence"],"picked":"hermit:CursedWeapon","floor":1},{"not_picked":["hermit:Feint","hermit:TrackingShot"],"picked":"hermit:GhostlyPresence","floor":3},{"not_picked":["hermit:TrackingShot","hermit:Brawl","hermit:BigShot"],"picked":"SKIP","floor":4},{"not_picked":["hermit:Roughhouse","hermit:Deadeye"],"picked":"hermit:HeroicBravado","floor":6},{"not_picked":["hermit:ItchyTrigger","hermit:Manifest"],"picked":"Bomb","floor":7},{"not_picked":["hermit:Glare","hermit:Misfire","hermit:Headshot"],"picked":"SKIP","floor":10},{"not_picked":["hermit:Misfire","hermit:SprayPray","hermit:Gestalt"],"picked":"SKIP","floor":13},{"not_picked":["hermit:OverwhelmingPower","hermit:DeadOrAlive"],"picked":"hermit:Gambit","floor":16},{"not_picked":["hermit:Cheat","hermit:Spite"],"picked":"hermit:TrackingShot+1","floor":18},{"not_picked":["hermit:Manifest","hermit:Dive+1"],"picked":"hermit:HighCaliber","floor":20},{"not_picked":["hermit:Magnum","hermit:Spite"],"picked":"hermit:TakeAim+1","floor":20},{"not_picked":["hermit:Brawl","hermit:ShadowCloak","hermit:Snipe"],"picked":"SKIP","floor":22},{"not_picked":["hermit:Dive","hermit:SprayPray","hermit:FullyLoaded+1"],"picked":"SKIP","floor":27},{"not_picked":["hermit:TrackingShot","hermit:FromBeyond","hermit:Grudge+1"],"picked":"SKIP","floor":30},{"not_picked":["hermit:LuckOfTheDraw","hermit:Spite","hermit:Headshot"],"picked":"SKIP","floor":31},{"not_picked":["hermit:FromBeyond","hermit:EternalForm"],"picked":"hermit:HeroicBravado","floor":33},{"not_picked":["Languid","Hallucinations"],"picked":"CommonCold","floor":34},{"not_picked":["Writhe","CurseOfTheBell"],"picked":"CommonCold","floor":34},{"not_picked":["CurseOfTheBell","Hallucinations"],"picked":"Writhe","floor":34},{"not_picked":["hermit:Glare","hermit:TrackingShot+1"],"picked":"hermit:Combo","floor":35},{"not_picked":["expansioncontent:Flail","expansioncontent:LastStand"],"picked":"The Bomb","floor":40},{"not_picked":["expansioncontent:TimeRipple","expansioncontent:SuperHexaguard"],"picked":"Metamorphosis","floor":40},{"not_picked":["hermit:Vantage","hermit:FlashPowder+1"],"picked":"hermit:CalledShot+1","floor":44},{"not_picked":["hermit:LoneWolf","hermit:Headshot","hermit:Glare"],"picked":"SKIP","floor":47}],"player_experience":258017,"relics_obtained":[{"floor":6,"key":"Iron Hammer"},{"floor":9,"key":"Replay:Bottled Flurry"},{"floor":20,"key":"HollowMod:PaleOreRelic"},{"floor":26,"key":"Gremlin Food"},{"floor":29,"key":"Replay:Baseball"},{"floor":45,"key":"Dota2Spire:MonkeyKingBar"},{"floor":46,"key":"Replay:Mystery Machine"}],"event_choices":[{"cards_removed":["hermit:Defend_Hermit"],"damage_healed":0,"gold_gain":0,"player_choice":"Card Removal","damage_taken":7,"max_hp_gain":0,"max_hp_loss":0,"event_name":"Golden Wing","floor":2,"gold_loss":0},{"damage_healed":0,"gold_gain":0,"player_choice":"Success","damage_taken":3,"relics_obtained":["HornCleat"],"max_hp_gain":0,"max_hp_loss":0,"event_name":"Scrap Ooze","floor":5,"gold_loss":0},{"damage_healed":0,"gold_gain":175,"player_choice":"AGREE","damage_taken":0,"max_hp_gain":0,"max_hp_loss":0,"event_name":"Liars Game","floor":12,"gold_loss":0,"cards_obtained":["Doubt"]},{"damage_healed":0,"gold_gain":0,"player_choice":"Read","damage_taken":0,"max_hp_gain":0,"max_hp_loss":0,"event_name":"The Library","floor":19,"gold_loss":0,"cards_obtained":["hermit:EyeOfTheStorm"]},{"damage_healed":0,"gold_gain":0,"player_choice":"Embrace Madness","damage_taken":10,"max_hp_gain":0,"max_hp_loss":0,"event_name":"Winding Halls","floor":38,"gold_loss":0,"cards_obtained":["Madness","Madness"]},{"damage_healed":0,"gold_gain":0,"player_choice":"Memory 2","damage_taken":5,"max_hp_gain":0,"max_hp_loss":0,"event_name":"SensoryStone","floor":40,"gold_loss":0},{"damage_healed":0,"gold_gain":0,"player_choice":"Fight","damage_taken":0,"max_hp_gain":0,"max_hp_loss":0,"event_name":"HidenRoomEvent","floor":46,"gold_loss":0}],"is_beta":false,"boss_relics":[{"not_picked":["Busted Crown","Ring of Chaos"],"picked":"Tiny House"},{"not_picked":[]},{"not_picked":["ChampionBelt","Replay:Wanted Poster"],"picked":"Replay:Ancient Bell"},{"not_picked":["Boot","Replay:Rubber Ducky"],"picked":"Smiling Mask"},{"not_picked":["Dota2Spire:OrchidMalevolence","Sundial"],"picked":"Divine Protection"},{"not_picked":["PunchingBag","FossilizedHelix"],"picked":"Dota2Spire:ShivaGuard"},{"not_picked":[]}],"items_purged_floors":[14,37,39],"is_endless":false,"potions_floor_spawned":[1,7,13,18,22,27,33],"killed_by":"4 Shapes","ascension_level":0}}