{"host":"v4nyfngrgywi7zc6","time":1607755896,"event":{"mods":["2.2 Compatiblity","BaseMod","Custom Start","Downfall","Minty Spire (QoL Compilation)","Shop Mod","StSLib"],"gold_per_floor":[0,12,12,32,49,62,62,88,101,26,11,24,24,34,53,153,203,203,236,251,281,281,298,298,298,298,324,424,424,424,435,454,554,554,554,554,106,123,48,48,48,81,99,134,39,54,71,16,34,34],"floor_reached":51,"playtime":4357,"items_purged":["sneckomod:Bewildered","Slimebound:Defend_Slimebound"],"score":769,"play_id":"cc238044-7ac3-41ca-9790-0680b00741cc","local_time":"20201212005136","is_ascension_mode":false,"campfire_choices":[{"data":"Slimebound:MassFeed","floor":1.0,"key":"SMITH"},{"floor":10.0,"key":"REST"},{"data":"Slimebound:Replication","floor":18.0,"key":"SMITH"},{"data":"Slimebound:CheckThePlaybook","floor":22.0,"key":"SMITH"},{"floor":26.0,"key":"REST"},{"floor":35.0,"key":"RECALL"},{"floor":39,"key":"DIG"}],"circlet_count":0,"master_deck":["Slimebound:Strike_Slimebound","Slimebound:Strike_Slimebound","Slimebound:Strike_Slimebound","Slimebound:Defend_Slimebound","Slimebound:Defend_Slimebound","Slimebound:Split","Slimebound:CorrosiveSpit","Slimebound:MassFeed+1","Slimebound:SplitSpecialist","Slimebound:Gluttony+1","Slimebound:SpikyOuterGoop","Slimebound:SplitLeeching","Slimebound:Nibble","Slimebound:Replication+1","Slimebound:SamplingLick","Slimebound:LeechEnergy+1","Slimebound:CheckThePlaybook+1","Slimebound:HauntingLick+1","Slimebound:MegaLick","Slimebound:GrowthPunch+1","CurseOfTheBell","Slimebound:GrowthPunch","Slimebound:GrowthPunch+1","Slimebound:LeadByExample+1"],"relics":["Slimebound:AbsorbEndCombat","Ornamental Fan","downfall:HeartBlessingBlue","Tiny House","Pantograph","Darkstone Periapt","Mercury Hourglass","Dream Catcher","Ice Cream","Gremlin Horn","sneckomod:BabySnecko","Calling Bell","Boot","Meat on the Bone","Ginger","Shovel","downfall:HeartBlessingRed","Bag of Marbles","Slimebound:AggressiveSlimeRelic","The Courier","Turnip"],"acts_visited":["Exordium","TheCity","TheBeyond"],"potions_floor_usage":[42,50,50,50,50],"damage_taken":[{"damage":2.0,"enemies":"2 Louse","floor":2.0,"turns":2.0},{"damage":8.0,"enemies":"Cultist","floor":4.0,"turns":3.0},{"damage":11.0,"enemies":"Small Slimes","floor":5.0,"turns":4.0},{"damage":12.0,"enemies":"3 Louse","floor":6.0,"turns":4.0},{"damage":49.0,"enemies":"3 Sentries","floor":8.0,"turns":7.0},{"damage":18.0,"enemies":"2 Fungi Beasts","floor":9.0,"turns":5.0},{"damage":4.0,"enemies":"downfall:FleeingMerchant","floor":11.0,"turns":4.0},{"damage":19.0,"enemies":"Blue Slaver","floor":12.0,"turns":3.0},{"damage":35.0,"enemies":"Exordium Thugs","floor":14.0,"turns":4.0},{"damage":16.0,"enemies":"Lots of Slimes","floor":15.0,"turns":2.0},{"damage":76.0,"enemies":"downfall:CharBossDefect","floor":16.0,"turns":9.0},{"damage":80.0,"enemies":"Slavers","floor":19.0,"turns":6.0},{"damage":28.0,"enemies":"Shell Parasite","floor":20.0,"turns":6.0},{"damage":60.0,"enemies":"Gremlin Leader","floor":21.0,"turns":9.0},{"damage":58.0,"enemies":"Cultist and Chosen","floor":23.0,"turns":7.0},{"damage":39.0,"enemies":"Cultist and Chosen","floor":25.0,"turns":5.0},{"damage":60.0,"enemies":"Slavers","floor":27.0,"turns":5.0},{"damage":35.0,"enemies":"Colosseum Nobs","floor":28.0,"turns":4.0},{"damage":27.0,"enemies":"Centurion and Healer","floor":31.0,"turns":4.0},{"damage":21.0,"enemies":"Sentry and Sphere","floor":32.0,"turns":4.0},{"damage":65.0,"enemies":"downfall:CharBossIronclad","floor":33.0,"turns":6.0},{"damage":11,"enemies":"downfall:FleeingMerchant","floor":37,"turns":4},{"damage":22,"enemies":"Orb Walker","floor":38,"turns":4},{"damage":8,"enemies":"Orb Walker","floor":40,"turns":4},{"damage":47,"enemies":"Nemesis","floor":42,"turns":6},{"damage":33,"enemies":"3 Shapes","floor":43,"turns":3},{"damage":19,"enemies":"Reptomancer","floor":44,"turns":4},{"damage":8,"enemies":"downfall:FleeingMerchant","floor":45,"turns":4},{"damage":48,"enemies":"3 Darklings","floor":46,"turns":4},{"damage":63,"enemies":"Spire Growth","floor":47,"turns":5},{"damage":22,"enemies":"downfall:FleeingMerchant","floor":48,"turns":4},{"damage":79,"enemies":"Writhing Mass","floor":49,"turns":5},{"damage":50,"enemies":"downfall:CharBossSilent","floor":50,"turns":8}],"seed_played":"7488144009288201418","potions_obtained":[{"floor":2.0,"key":"Slimebound:SlimedPotion"},{"floor":8.0,"key":"Explosive Potion"},{"floor":14.0,"key":"hexamod:EctoCoolerPotion"},{"floor":17.0,"key":"Ancient Potion"},{"floor":19.0,"key":"BlessingOfTheForge"},{"floor":27.0,"key":"ColorlessPotion"},{"floor":31.0,"key":"ColorlessPotion"},{"floor":33.0,"key":"Swift Potion"},{"floor":42,"key":"EntropicBrew"},{"floor":44,"key":"AttackPotion"},{"floor":46,"key":"Slimebound:ThreeZeroPotion"},{"floor":49,"key":"PowerPotion"}],"is_trial":false,"path_per_floor":["R","M","?","M","M","M","T","E","M","R","$","M","?","M","M","B",null,"R","E","M","E","R","M","T","?","R","E","?","?","?","M","M","B",null,"R","?","$","M","R","?","T","E","M","E","$","M","M","$","M","B",null],"character_chosen":"SLIMEBOUND","items_purchased":["Slimebound:GrowthPunch","Shovel","Strength Potion"],"campfire_rested":2,"item_purchase_floors":[37,37,48],"current_hp_per_floor":[60,66,66,72,80,80,80,47,43,87,89,90,90,79,85,39,151,151,93,95,81,81,59,59,56,104,68,65,65,71,76,77,79,179,179,179,179,173,173,183,183,174,163,178,183,157,126,130,99,138],"gold":34,"neow_bonus":"THREE_RARE_CARDS","is_daily":false,"chose_seed":false,"campfire_upgraded":3,"win_rate":0.0,"timestamp":1607755896,"path_taken":["R","M","?","M","M","M","T","E","?","R","?","?","?","M","M","BOSS","R","E","M","E","R","M","T","?","R","E","?","?","?","?","M","BOSS","R","?","$","M","R","?","T","E","M","E","$","M","?","?","M","BOSS"],"items_purchased_type":["Card","Relic","Potion"],"build_version":"2020-11-30","purchased_purges":2,"victory":true,"max_hp_per_floor":[60,68,68,72,80,88,88,96,104,114,114,118,118,126,146,146,151,151,151,155,155,155,159,159,163,163,163,167,167,173,173,173,173,179,179,179,179,179,179,183,183,183,183,183,183,183,183,183,183,183],"card_choices":[{"not_picked":["Slimebound:Teamwork","Slimebound:MassRepurpose"],"picked":"Slimebound:MassFeed","floor":0.0},{"not_picked":["Slimebound:GoopTackle","Slimebound:ViciousTackle"],"picked":"Slimebound:SplitSpecialist","floor":2.0},{"not_picked":["Slimebound:SplitMire","Slimebound:RollThrough"],"picked":"Slimebound:Gluttony","floor":4.0},{"not_picked":["Slimebound:ViciousTackle","Slimebound:SplitBruiser","Slimebound:PressTheAttack"],"picked":"SKIP","floor":5.0},{"not_picked":["Slimebound:LivingWall","Slimebound:ItLooksTasty"],"picked":"Slimebound:SpikyOuterGoop","floor":6.0},{"not_picked":["Slimebound:BestDefense","Slimebound:FinishingTackle"],"picked":"Slimebound:Schlurp","floor":8.0},{"not_picked":["Slimebound:RainOfGoop","Slimebound:GoopSpray"],"picked":"Slimebound:SplitLeeching","floor":9.0},{"not_picked":["Slimebound:SplitAcid","Slimebound:Gluttony"],"picked":"Slimebound:Nibble","floor":12.0},{"not_picked":["Slimebound:ViciousTackle","Slimebound:FinishingTackle","Slimebound:SamplingLick"],"picked":"SKIP","floor":14.0},{"not_picked":["Slimebound:SplitLeeching","Slimebound:GrowthPunch","Slimebound:SlimeSpikes"],"picked":"SKIP","floor":15.0},{"not_picked":["Slimebound:MassRepurpose","Slimebound:MinionMaster"],"picked":"Slimebound:DouseInSlime","floor":16.0},{"not_picked":["Slimebound:GoopTackle","Slimebound:PressTheAttack"],"picked":"Slimebound:Replication","floor":17.0},{"not_picked":["Slimebound:GoopSpray","Slimebound:BestDefense"],"picked":"Slimebound:SamplingLick","floor":19.0},{"not_picked":["Slimebound:FormOfPuddle+1","Slimebound:Prepare"],"picked":"Slimebound:LeechEnergy+1","floor":20.0},{"not_picked":["Slimebound:ComboTackle","Slimebound:SplitLeeching+1"],"picked":"Slimebound:CheckThePlaybook","floor":21.0},{"not_picked":["Slimebound:RollThrough","Slimebound:ViciousTackle"],"picked":"Slimebound:HauntingLick+1","floor":23.0},{"not_picked":["Slimebound:LeechEnergy+1","Slimebound:PressTheAttack","Slimebound:SlimeTap"],"picked":"SKIP","floor":27.0},{"not_picked":["Slimebound:Grow","Slimebound:SplitBruiser+1"],"picked":"Slimebound:MegaLick","floor":28.0},{"not_picked":["Slimebound:SplitAcid+1","Slimebound:HauntingLick","Slimebound:DisruptingSlam"],"picked":"SKIP","floor":31.0},{"not_picked":["Slimebound:GoopTackle","Slimebound:SlimeTap+1"],"picked":"Slimebound:GrowthPunch+1","floor":32.0},{"not_picked":["Slimebound:SplitAcid+1","Slimebound:RainOfGoop"],"picked":"Slimebound:GrowthPunch+1","floor":38},{"not_picked":["Slimebound:RollThrough","Slimebound:SplitMire+1","Slimebound:Schlurp"],"picked":"SKIP","floor":42},{"not_picked":["Slimebound:SlimeSpikes","Slimebound:RollThrough","Slimebound:SplitLeeching+1"],"picked":"SKIP","floor":43},{"not_picked":["Slimebound:TagTeam","Slimebound:GrowthPunch+1","Slimebound:FinishingTackle+1"],"picked":"SKIP","floor":44},{"not_picked":["Slimebound:SlimeBrawl","Slimebound:SplitBruiser+1","Slimebound:SpikyOuterGoop"],"picked":"SKIP","floor":46},{"not_picked":["Slimebound:Repurpose+1","Slimebound:PressTheAttack","Slimebound:SplitAcid"],"picked":"SKIP","floor":47},{"not_picked":["Slimebound:SlimeBarrage","Slimebound:FirmFortitude+1"],"picked":"Slimebound:LeadByExample+1","floor":49}],"player_experience":230411,"relics_obtained":[{"floor":8.0,"key":"Ornamental Fan"},{"floor":19.0,"key":"Pantograph"},{"floor":21.0,"key":"Darkstone Periapt"},{"floor":24.0,"key":"Mercury Hourglass"},{"floor":27.0,"key":"Dream Catcher"},{"floor":28.0,"key":"Ice Cream"},{"floor":28.0,"key":"Gremlin Horn"},{"floor":34.0,"key":"Boot"},{"floor":34.0,"key":"Meat on the Bone"},{"floor":34.0,"key":"Ginger"},{"floor":39,"key":"Bag of Marbles"},{"floor":41,"key":"Slimebound:AggressiveSlimeRelic"},{"floor":42,"key":"The Courier"},{"floor":44,"key":"Turnip"}],"event_choices":[{"cards_removed":["Slimebound:Tackle"],"damage_healed":0.0,"max_hp_gain":0.0,"max_hp_loss":0.0,"gold_gain":0.0,"event_name":"Bonfire Elementals","player_choice":"Offered Basic","floor":3.0,"gold_loss":0.0,"damage_taken":0.0},{"cards_removed":["Slimebound:Defend_Slimebound"],"damage_healed":0.0,"max_hp_gain":0.0,"max_hp_loss":0.0,"gold_gain":0.0,"event_name":"The Cleric","player_choice":"Card Removal","floor":13.0,"gold_loss":0.0,"damage_taken":0.0},{"damage_healed":0.0,"max_hp_gain":0.0,"max_hp_loss":0.0,"gold_gain":0.0,"event_name":"Ghosts","player_choice":"Ignored","floor":29.0,"gold_loss":0.0,"damage_taken":0.0},{"damage_healed":0.0,"max_hp_gain":0.0,"max_hp_loss":0.0,"gold_gain":0.0,"event_name":"Mysterious Sphere","player_choice":"Ignored","floor":36.0,"gold_loss":0.0,"damage_taken":0.0}],"is_beta":false,"boss_relics":[{"not_picked":["Runic Dome","Sozu"],"picked":"Tiny House"},{"not_picked":["Slimebound:TarBlob","Pandora\u0027s Box"],"picked":"Calling Bell"}],"items_purged_floors":[37,45],"is_endless":false,"potions_floor_spawned":[2,8,14,19,27,31,32,33,42,44,46,49],"ascension_level":0}}