{"host":"jm9833yuloeli2yd","time":1607809228,"event":{"mods":["AchievementEnabler","BaseMod","Better Altar","Better Match","Better Note","Better Sensory Stone","Better Skull","Better Vampires","Colored Map","Colored Powertips","DeckTracker","Minty Spire (QoL Compilation)","Permanent Neow","Quick Restart","Replay The Spire","StSLib","SuperFastMode"],"gold_per_floor":[112,112,30,42,56,56,84,84,84,84,96,96,125,73,73,146,146,165,27,38,48,48,77,77,106,188,188,188],"floor_reached":27,"playtime":748,"items_purged":[],"score":497,"play_id":"c7f6cddc-dbe9-41b4-8742-0fde37ba001c","local_time":"20201212164028","is_ascension_mode":true,"campfire_choices":[{"data":"Poisoned Stab","floor":6.0,"key":"SMITH"},{"data":"Footwork","floor":8.0,"key":"SMITH"},{"data":"Replay:Poison Smokescreen","floor":10.0,"key":"SMITH"}],"circlet_count":0,"master_deck":["AscendersBane","Strike_G+1","Strike_G+1","Strike_G+1","Strike_G+1","Strike_G+1","Defend_G+1","Defend_G+1","Defend_G+1","Defend_G+1","Survivor","Neutralize+1","Poisoned Stab+1","Footwork+1","Sucker Punch","PiercingWail","Replay:Poison Smokescreen+1","Bouncing Flask+1","Corpse Explosion+1","Fluid Movement+1","Catalyst","Envenom","AbeCurse","Deflect","Flash of Steel","PiercingWail","PiercingWail+1","Acrobatics","Deflect","Prepared+1"],"relics":["Ring of the Snake","Dream Catcher","Pear","PreservedInsect","Shovel","Abe\u0027s Treasure","Nunchaku","Blue Candle","Sundial"],"acts_visited":["Exordium","TheCity"],"potions_floor_usage":[],"damage_taken":[{"damage":0.0,"enemies":"Small Slimes","floor":1.0,"turns":3.0},{"damage":0.0,"enemies":"2 Louse","floor":4.0,"turns":4.0},{"damage":0.0,"enemies":"Cultist","floor":5.0,"turns":3.0},{"damage":6.0,"enemies":"Lagavulin","floor":7.0,"turns":7.0},{"damage":6.0,"enemies":"Gremlin Gang","floor":11.0,"turns":7.0},{"damage":0.0,"enemies":"Gremlin Nob","floor":13.0,"turns":3.0},{"damage":10.0,"enemies":"Hexaghost","floor":16.0,"turns":9.0},{"damage":35.0,"enemies":"3 Byrds","floor":18.0,"turns":4.0},{"damage":0.0,"enemies":"Shell Parasite","floor":20.0,"turns":4.0},{"damage":13.0,"enemies":"Centurion and Healer","floor":21.0,"turns":5.0},{"damage":23.0,"enemies":"Book of Stabbing","floor":23.0,"turns":7.0},{"damage":15.0,"enemies":"Slavers","floor":25.0,"turns":4.0},{"damage":8,"enemies":"Shelled Parasite and Fungi","floor":27,"turns":2}],"seed_played":"1187574878421371075","potions_obtained":[{"floor":5.0,"key":"Cursed Concoction"},{"floor":7.0,"key":"BlessingOfTheForge"},{"floor":13.0,"key":"FairyPotion"}],"is_trial":false,"path_per_floor":["M","?","$","M","M","R","E","R","T","R","M","?","E","$","R_BF","B",null,"M","$","M","M","?","E","?","E","T","M"],"character_chosen":"THE_SILENT","items_purchased":["Footwork","Fluid Movement+1","Flash of Steel","PiercingWail"],"campfire_rested":0,"item_purchase_floors":[3,14,19,19],"current_hp_per_floor":[59,39,39,39,39,39,43,43,43,43,37,37,37,37,59,49,69,34,34,34,21,21,22,22,7,7,0,0],"gold":188,"neow_bonus":"RANDOM_COMMON_RELIC","is_daily":false,"chose_seed":false,"campfire_upgraded":3,"win_rate":0.0,"timestamp":1607809228,"path_taken":["M","?","$","M","M","R","E","R","T","R","M","?","E","$","R_BF","BOSS","M","$","M","M","?","E","?","E","T","M"],"items_purchased_type":["Card","Card","Card","Card"],"build_version":"2020-11-30","purchased_purges":0,"victory":false,"max_hp_per_floor":[66,66,66,66,66,66,76,76,76,76,76,76,76,76,76,76,76,76,76,76,76,76,76,76,76,76,76,76],"card_choices":[{"not_picked":["Deflect","Blur"],"picked":"Poisoned Stab","floor":1.0},{"not_picked":["Outmaneuver","Dodge and Roll"],"picked":"Sucker Punch","floor":4.0},{"not_picked":["ReplayTheSpireMod:Shiv Toss","Backflip"],"picked":"PiercingWail","floor":5.0},{"not_picked":["Escape Plan","Hidden Blade"],"picked":"Replay:Poison Smokescreen","floor":7.0},{"not_picked":["Distraction","Reflex"],"picked":"Bouncing Flask","floor":11.0},{"not_picked":["Prepared","Slice","Distraction"],"picked":"SKIP","floor":13.0},{"not_picked":["Sucker Punch","PiercingWail"],"picked":"Catalyst","floor":15.0},{"not_picked":["Atom Bomb","Poison Darts"],"picked":"Envenom","floor":16.0},{"not_picked":["Fluid Movement","Underhanded Strike+1"],"picked":"Deflect","floor":18.0},{"not_picked":["Accuracy","Underhanded Strike"],"picked":"PiercingWail+1","floor":20.0},{"not_picked":["Underhanded Strike","Acrobatics","Choke"],"picked":"SKIP","floor":21.0},{"not_picked":["Underhanded Strike","Choke"],"picked":"Acrobatics","floor":21.0},{"not_picked":["Poisoned Stab","Hidden Blade"],"picked":"Deflect","floor":23.0},{"not_picked":["Deadly Poison","Poisoned Stab"],"picked":"Prepared+1","floor":25.0}],"player_experience":1040849,"relics_obtained":[{"floor":7.0,"key":"Pear"},{"floor":9.0,"key":"PreservedInsect"},{"floor":13.0,"key":"Shovel"},{"floor":23.0,"key":"Nunchaku"},{"floor":25.0,"key":"Blue Candle"},{"floor":26.0,"key":"Sundial"}],"event_choices":[{"damage_healed":0.0,"max_hp_gain":0.0,"max_hp_loss":0.0,"gold_gain":0.0,"event_name":"Shining Light","player_choice":"Entered Light","floor":2.0,"gold_loss":0.0,"damage_taken":20.0,"cards_upgraded":["Defend_G","Neutralize"]},{"damage_healed":0.0,"max_hp_gain":0.0,"max_hp_loss":0.0,"gold_gain":0.0,"event_name":"Back to Basics","player_choice":"Simplicity","floor":24.0,"gold_loss":0.0,"damage_taken":0.0,"cards_upgraded":["Strike_G","Strike_G","Strike_G","Strike_G","Strike_G","Defend_G","Defend_G","Defend_G"]}],"is_beta":false,"boss_relics":[{"not_picked":["ReplayTheSpireMod:DimensionalGlitch","Astrolabe"],"picked":"Abe\u0027s Treasure"}],"items_purged_floors":[],"is_endless":false,"potions_floor_spawned":[5,7,13,18,21],"killed_by":"Shelled Parasite and Fungi","ascension_level":15}}