{"host":"4qkvkh7pd9qr2mca","time":1607790548,"event":{"mods":["AchievementEnabler","BaseMod","Colored Map","Colored Powertips","Highlight Path","Minty Spire (QoL Compilation)","Permanent Neow","Quick Restart","StSLib","SuperFastMode"],"gold_per_floor":[52,52,109,145,198,226,6,6,6,55,55,92,92,92,92,188,188,223,261,261,296,21,21,73,73,73,73,141,179,246,274,274,375,375,390,430,74,117,0,30,30,65,65,77,77,77,115,165,165,165,165],"floor_reached":52,"playtime":3240,"items_purged":["Regret"],"score":2003,"play_id":"4e723795-2a46-4286-b1ca-52fa45951c01","local_time":"20201212172908","is_ascension_mode":true,"campfire_choices":[{"floor":8.0,"key":"REST"},{"data":"HandOfGreed","floor":11.0,"key":"SMITH"},{"data":"Adrenaline","floor":15.0,"key":"SMITH"},{"floor":23.0,"key":"REST"},{"floor":25.0,"key":"REST"},{"data":"Neutralize","floor":27.0,"key":"SMITH"},{"floor":32.0,"key":"REST"},{"floor":46.0,"key":"REST"},{"floor":49,"key":"REST"}],"circlet_count":0,"master_deck":["AscendersBane","Strike_G+1","Strike_G","Defend_G","Defend_G","Defend_G","Defend_G","Defend_G","Survivor","Neutralize+1","HandOfGreed+1","Slice+1","Flying Knee","Adrenaline+1","Backstab","Footwork+1","Blade Dance","Prepared+1","Corpse Explosion+1","Venomology+1","Predator","Deflect+1","Cloak And Dagger+1","Phantasmal Killer+1","Storm of Steel+1","Malaise+1","Leg Sweep+1","Blade Dance+1","Well Laid Plans","Calculated Gamble+1"],"relics":["Ring of the Snake","Ancient Tea Set","Ice Cream","Toxic Egg 2","TungstenRod","Mango","Busted Crown","Nilry\u0027s Codex","Bottled Tornado","Whetstone","Kunai","Mercury Hourglass","Astrolabe","Bottled Lightning","Red Mask","Singing Bowl","Ginger","Unceasing Top"],"acts_visited":["Exordium","TheCity","TheBeyond"],"potions_floor_usage":[47,50,51,51,51],"damage_taken":[{"damage":4.0,"enemies":"Small Slimes","floor":1.0,"turns":5.0},{"damage":3.0,"enemies":"2 Louse","floor":3.0,"turns":5.0},{"damage":3.0,"enemies":"Cultist","floor":4.0,"turns":3.0},{"damage":8.0,"enemies":"2 Fungi Beasts","floor":5.0,"turns":6.0},{"damage":59.0,"enemies":"Gremlin Nob","floor":6.0,"turns":5.0},{"damage":8.0,"enemies":"Lagavulin","floor":10.0,"turns":5.0},{"damage":0.0,"enemies":"Exordium Thugs","floor":12.0,"turns":3.0},{"damage":33.0,"enemies":"Slime Boss","floor":16.0,"turns":15.0},{"damage":19.0,"enemies":"Shell Parasite","floor":18.0,"turns":6.0},{"damage":10.0,"enemies":"2 Thieves","floor":19.0,"turns":4.0},{"damage":0.0,"enemies":"3 Cultists","floor":21.0,"turns":4.0},{"damage":14.0,"enemies":"Book of Stabbing","floor":24.0,"turns":7.0},{"damage":6.0,"enemies":"Chosen and Byrds","floor":28.0,"turns":8.0},{"damage":6.0,"enemies":"Shelled Parasite and Fungi","floor":29.0,"turns":4.0},{"damage":13.0,"enemies":"Centurion and Healer","floor":30.0,"turns":6.0},{"damage":0.0,"enemies":"Gremlin Leader","floor":31.0,"turns":6.0},{"damage":50.0,"enemies":"Collector","floor":33.0,"turns":11.0},{"damage":3.0,"enemies":"3 Darklings","floor":35.0,"turns":4.0},{"damage":0.0,"enemies":"3 Shapes","floor":36.0,"turns":3.0},{"damage":6.0,"enemies":"Sphere and 2 Shapes","floor":38.0,"turns":7.0},{"damage":24.0,"enemies":"Reptomancer","floor":40.0,"turns":12.0},{"damage":0.0,"enemies":"Spire Growth","floor":41.0,"turns":1.0},{"damage":0.0,"enemies":"Nemesis","floor":42.0,"turns":9.0},{"damage":7.0,"enemies":"3 Darklings","floor":44.0,"turns":4.0},{"damage":2,"enemies":"Writhing Mass","floor":47,"turns":6},{"damage":14,"enemies":"Awakened One","floor":50,"turns":15},{"damage":63,"enemies":"Time Eater","floor":51,"turns":15}],"seed_played":"-5289652164604389142","potions_obtained":[{"floor":3.0,"key":"Block Potion"},{"floor":5.0,"key":"FairyPotion"},{"floor":6.0,"key":"PowerPotion"},{"floor":16.0,"key":"Regen Potion"},{"floor":24.0,"key":"SteroidPotion"},{"floor":30.0,"key":"BlessingOfTheForge"},{"floor":31.0,"key":"CunningPotion"},{"floor":33.0,"key":"AttackPotion"},{"floor":36.0,"key":"SmokeBomb"},{"floor":40.0,"key":"Fire Potion"},{"floor":44.0,"key":"Energy Potion"}],"is_trial":false,"path_per_floor":["M","?","M","M","M","E","$","R","T","E","R","M","?","?","R","B",null,"M","M","?","M","$","R","E","R","T","R","M","M","M","E","R","B",null,"M","M","$","M","?","E","M","E","T","M","?","R","M","?","R","B","B",null],"character_chosen":"THE_SILENT","items_purchased":["Footwork","Blade Dance","Bottled Tornado","Bottled Lightning","Well Laid Plans"],"campfire_rested":6,"item_purchase_floors":[7,7,22,37,37],"current_hp_per_floor":[55,55,52,49,41,19,19,38,38,30,30,30,40,40,40,7,62,57,47,30,30,30,54,40,64,64,64,58,52,39,39,63,13,63,60,60,60,54,54,32,32,34,34,29,31,57,55,55,81,67,4],"gold":165,"neow_bonus":"RANDOM_COLORLESS_2","is_daily":false,"chose_seed":false,"campfire_upgraded":3,"win_rate":0.0,"timestamp":1607790548,"path_taken":["M","?","M","M","M","E","$","R","T","E","R","M","?","?","R","BOSS","M","M","?","M","$","R","E","R","T","R","M","M","M","E","R","BOSS","M","M","$","M","?","E","M","E","T","M","?","R","M","?","R","BOSS","BOSS"],"items_purchased_type":["Card","Card","Relic","Relic","Card"],"build_version":"2020-11-30","purchased_purges":1,"victory":true,"max_hp_per_floor":[66,66,66,66,66,66,66,66,66,66,66,66,80,80,80,80,80,80,80,80,80,80,80,80,80,80,80,80,80,80,80,80,80,80,80,80,80,80,80,82,82,84,84,86,88,88,88,88,88,88,88],"card_choices":[{"not_picked":["Apotheosis","Magnetism"],"picked":"HandOfGreed","floor":0.0},{"not_picked":["Backflip","Outmaneuver"],"picked":"Slice","floor":1.0},{"not_picked":["Quick Slash","Finisher"],"picked":"Flying Knee","floor":3.0},{"not_picked":["Underhanded Strike","Quick Slash","Dodge and Roll"],"picked":"SKIP","floor":4.0},{"not_picked":["Calculated Gamble","Flechettes"],"picked":"Adrenaline","floor":5.0},{"not_picked":["Escape Plan","Prepared"],"picked":"Backstab","floor":6.0},{"not_picked":["Flying Knee","Dagger Spray"],"picked":"Prepared+1","floor":10.0},{"not_picked":["Prepared+1","Acrobatics+1"],"picked":"Corpse Explosion+1","floor":12.0},{"not_picked":["Glass Knife","A Thousand Cuts"],"picked":"Venomology+1","floor":16.0},{"not_picked":["Choke"],"picked":"SKIP","floor":18.0},{"not_picked":[],"picked":"Predator","floor":19.0},{"not_picked":["Dagger Spray"],"picked":"SKIP","floor":21.0},{"not_picked":["Eviscerate"],"picked":"SKIP","floor":24.0},{"not_picked":[],"picked":"Deflect+1","floor":28.0},{"not_picked":["Slice"],"picked":"SKIP","floor":29.0},{"not_picked":[],"picked":"Cloak And Dagger+1","floor":30.0},{"not_picked":["Footwork"],"picked":"SKIP","floor":31.0},{"not_picked":[],"picked":"Phantasmal Killer+1","floor":33.0},{"not_picked":[],"picked":"Blade Dance+1","floor":35.0},{"not_picked":["Bane"],"picked":"SKIP","floor":36.0},{"not_picked":["Flechettes"],"picked":"SKIP","floor":38.0},{"not_picked":["Outmaneuver+1"],"picked":"Singing Bowl","floor":40.0},{"not_picked":["Eviscerate"],"picked":"Singing Bowl","floor":42.0},{"not_picked":["Prepared+1"],"picked":"Singing Bowl","floor":44.0},{"not_picked":["Mind Blast"],"picked":"Singing Bowl","floor":45.0},{"not_picked":[],"picked":"Calculated Gamble+1","floor":47}],"player_experience":302057,"relics_obtained":[{"floor":6.0,"key":"Ice Cream"},{"floor":9.0,"key":"Toxic Egg 2"},{"floor":10.0,"key":"TungstenRod"},{"floor":20.0,"key":"Nilry\u0027s Codex"},{"floor":24.0,"key":"Whetstone"},{"floor":26.0,"key":"Kunai"},{"floor":31.0,"key":"Mercury Hourglass"},{"floor":40.0,"key":"Singing Bowl"},{"floor":42.0,"key":"Ginger"},{"floor":43.0,"key":"Unceasing Top"}],"event_choices":[{"damage_healed":0.0,"max_hp_gain":0.0,"max_hp_loss":0.0,"gold_gain":0.0,"event_name":"Big Fish","player_choice":"Box","floor":2.0,"gold_loss":0.0,"damage_taken":0.0,"relics_obtained":["Ancient Tea Set"],"cards_obtained":["Regret"]},{"damage_healed":0.0,"max_hp_gain":0.0,"max_hp_loss":0.0,"gold_gain":0.0,"event_name":"Scrap Ooze","player_choice":"Success","floor":13.0,"gold_loss":0.0,"damage_taken":5.0,"relics_obtained":["Mango"]},{"damage_healed":0.0,"max_hp_gain":0.0,"max_hp_loss":0.0,"gold_gain":0.0,"event_name":"Living Wall","player_choice":"Grow","floor":14.0,"gold_loss":0.0,"damage_taken":0.0,"cards_upgraded":["Footwork"]},{"damage_healed":0.0,"max_hp_gain":0.0,"max_hp_loss":0.0,"gold_gain":0.0,"event_name":"Cursed Tome","player_choice":"Obtained Book","floor":20.0,"gold_loss":0.0,"damage_taken":21.0},{"damage_healed":0.0,"max_hp_gain":0.0,"max_hp_loss":0.0,"gold_gain":0.0,"event_name":"Tomb of Lord Red Mask","player_choice":"Paid","floor":39.0,"gold_loss":117.0,"damage_taken":0.0,"relics_obtained":["Red Mask"]},{"damage_healed":0.0,"max_hp_gain":0.0,"max_hp_loss":0.0,"gold_gain":0.0,"event_name":"SensoryStone","player_choice":"Memory 1","floor":45.0,"gold_loss":0.0,"damage_taken":0.0},{"damage_healed":0,"gold_gain":50,"player_choice":"Pray","damage_taken":0,"max_hp_gain":0,"max_hp_loss":0,"event_name":"Golden Shrine","floor":48,"gold_loss":0}],"is_beta":false,"boss_relics":[{"not_picked":["SacredBark","Philosopher\u0027s Stone"],"picked":"Busted Crown"},{"not_picked":["Cursed Key","Fusion Hammer"],"picked":"Astrolabe"}],"items_purged_floors":[7],"is_endless":false,"potions_floor_spawned":[3,5,6,16,24,30,31,33,36,40,44],"ascension_level":20}}