{"host":"8fup84v061vi31le","time":1607745139,"event":{"mods":["BaseMod","Better Match","Better Third Choice","Minty Spire (QoL Compilation)","Replay The Spire","StSLib"],"gold_per_floor":[114,114,114,129,146,146,180,180,180,180,196,249,268,282,282,382,382,394,394,409,409,420,450,450,450,499,499,527,527,540,558,558,654,654,671,671,671,681,699,725,740,767,842,842,859,871,427,427,427,427],"floor_reached":51,"playtime":4771,"items_purged":["Pot Of Greed"],"score":1001,"play_id":"10342454-6140-4812-9670-450887335f82","local_time":"20201212115219","is_ascension_mode":true,"campfire_choices":[{"data":"Deadly Poison","floor":6,"key":"SMITH"},{"data":"Toxin Wave","floor":8,"key":"SMITH"},{"floor":10,"key":"REST"},{"data":"Bane","floor":15,"key":"SMITH"},{"data":"Replay:Bag of Tricks","floor":24,"key":"SMITH"},{"floor":27,"key":"REST"},{"data":"J.A.X.","floor":32,"key":"SMITH"},{"data":"Toxin Wave","floor":44,"key":"SMITH"},{"data":"Pot Of Greed","floor":49,"key":"SMITH"}],"circlet_count":0,"master_deck":["Strike_G+1","Strike_G+1","Strike_G+1","Strike_G+1","Defend_G+1","Defend_G+1","Defend_G+1","Defend_G+1","Defend_G+1","Survivor","Poisoned Stab+1","Deadly Poison+1","Poisoned Stab+1","Toxin Wave+1","ReplayTheSpireMod:Splinters","Outmaneuver","Bane+1","Replay:Bag of Tricks+1","Voices","Doubt","ReplayTheSpireMod:Doomed","Deadly Poison","Toxin Wave+1","J.A.X.+1","Die Die Die","CurseOfTheBell","Writhe","Toxin Wave+1","Pot Of Greed+1","Pot Of Greed"],"relics":["Ring of the Serpent","NeowsBlessing","Ring of Peace","Ring of Misfortune","FossilizedHelix","Quantum Egg","Replay:Ancient Bell","ReplayFunnel","Paper Crane","TungstenRod","Blood Vial","Nunchaku","Onion Ring","Replay:Grab Bag","ChewingGum","Busted Crown","Calling Bell","PreservedInsect","Replay:Bottled Eggs","Pocketwatch","ReplayTheSpireMod:Ninjato","Grinning Jar","InkBottle","Bronze Scales","ClockworkSouvenir"],"acts_visited":["Exordium","TheCity","TheBeyond"],"potions_floor_usage":[33,50,50],"damage_taken":[{"damage":0,"enemies":"Small Slimes","floor":1,"turns":1},{"damage":0,"enemies":"Cultist","floor":4,"turns":1},{"damage":0,"enemies":"2 Louse","floor":5,"turns":1},{"damage":14,"enemies":"3 Sentries","floor":7,"turns":9},{"damage":0,"enemies":"Exordium Wildlife","floor":11,"turns":4},{"damage":0,"enemies":"Red Slaver","floor":13,"turns":3},{"damage":0,"enemies":"Large Slime","floor":14,"turns":6},{"damage":14,"enemies":"The Guardian","floor":16,"turns":9},{"damage":0,"enemies":"Chosen","floor":18,"turns":4},{"damage":5,"enemies":"2 Thieves","floor":20,"turns":4},{"damage":0,"enemies":"Snecko","floor":22,"turns":5},{"damage":1,"enemies":"Book of Stabbing","floor":23,"turns":5},{"damage":0,"enemies":"Slavers","floor":28,"turns":4},{"damage":0,"enemies":"Snake Plant","floor":30,"turns":3},{"damage":0,"enemies":"Cultist and Chosen","floor":31,"turns":4},{"damage":11,"enemies":"Champ","floor":33,"turns":11},{"damage":10,"enemies":"3 Shapes","floor":35,"turns":3},{"damage":0,"enemies":"Orb Walker","floor":38,"turns":2},{"damage":0,"enemies":"Transient","floor":39,"turns":5},{"damage":0,"enemies":"Nemesis","floor":40,"turns":7},{"damage":0,"enemies":"Jaw Worm Horde","floor":41,"turns":4},{"damage":0,"enemies":"R_Hoarder","floor":42,"turns":5},{"damage":0,"enemies":"3 Darklings","floor":45,"turns":5},{"damage":0,"enemies":"Maw","floor":46,"turns":6},{"damage":9,"enemies":"Time Eater","floor":50,"turns":11}],"seed_played":"696265946235116501","potions_obtained":[{"floor":5,"key":"FairyPotion"},{"floor":11,"key":"LiquidMemories"},{"floor":12,"key":"GhostInAJar"},{"floor":12,"key":"Cursed Concoction"},{"floor":40,"key":"EssenceOfSteel"},{"floor":46,"key":"Reflective Coating"}],"is_trial":false,"path_per_floor":["M","?","?","M","M","R","E","R","T","R","M","?","M","M","R","B",null,"M","?","M","?","M","E","R","?","T","R","E","?","M","M","R","B",null,"M","?","?","M","M","E","M","E","T","R","M","M","$","?","R","B",null],"character_chosen":"THE_SILENT","items_purchased":["Bronze Scales","ClockworkSouvenir","Venom Potion"],"campfire_rested":2,"item_purchase_floors":[47,47,47],"current_hp_per_floor":[70,70,70,70,70,70,56,56,56,70,70,70,70,70,70,56,70,70,70,65,65,65,64,64,52,52,74,75,75,75,75,75,64,75,65,75,75,75,75,75,75,75,75,75,75,75,75,75,75,66],"gold":427,"neow_bonus":"THREE_ENEMY_KILL","is_daily":false,"chose_seed":false,"campfire_upgraded":7,"win_rate":0.0,"timestamp":1607745139,"path_taken":["M","?","?","M","?","R","E","R","T","R","M","?","M","M","R","BOSS","M","?","?","?","M","E","R","?","T","R","E","?","M","M","R","BOSS","M","?","?","M","M","E","?","E","T","R","M","M","$","?","R","BOSS"],"items_purchased_type":["Relic","Relic","Potion"],"build_version":"2020-11-30","purchased_purges":1,"victory":true,"max_hp_per_floor":[70,70,70,70,70,70,70,70,70,70,70,70,70,70,70,70,70,70,70,70,70,70,70,70,75,75,75,75,75,75,75,75,75,75,75,75,75,75,75,75,75,75,75,75,75,75,75,75,75,75],"card_choices":[{"not_picked":["Bane","ReplayTheSpireMod:Exploit Weakness"],"picked":"Poisoned Stab","floor":1},{"not_picked":["Terror","Deflect"],"picked":"Deadly Poison","floor":4},{"not_picked":["ReplayTheSpireMod:Exploit Weakness","Acrobatics"],"picked":"Poisoned Stab","floor":5},{"not_picked":["ReplayTheSpireMod:Scrap Shanks","Well Laid Plans"],"picked":"Toxin Wave","floor":7},{"not_picked":["Cloak And Dagger","Blade Dance","Prepared"],"picked":"SKIP","floor":11},{"not_picked":["Hidden Blade","Flying Knee"],"picked":"Outmaneuver","floor":12},{"not_picked":["Dagger Throw","Poisoned Stab"],"picked":"Bane","floor":13},{"not_picked":["Quick Slash","Tools of the Trade","Dodge and Roll"],"picked":"SKIP","floor":14},{"not_picked":["Tools of the Trade","A Thousand Cuts"],"picked":"Replay:Bag of Tricks","floor":16},{"not_picked":["Regret","Sickly"],"picked":"Voices","floor":17},{"not_picked":["Normality","Shame"],"picked":"Doubt","floor":17},{"not_picked":["Sickly","Delirium"],"picked":"ReplayTheSpireMod:Doomed","floor":17},{"not_picked":["Cloak And Dagger","Leg Sweep"],"picked":"Deadly Poison","floor":18},{"not_picked":["PiercingWail","Prepared","Wraith Form v2"],"picked":"SKIP","floor":20},{"not_picked":["Accuracy+1","Choke","Deadly Poison"],"picked":"SKIP","floor":22},{"not_picked":["Expertise","Skewer","Cloak And Dagger"],"picked":"SKIP","floor":23},{"not_picked":["Flying Knee","Poisoned Stab","Sucker Punch"],"picked":"SKIP","floor":28},{"not_picked":["Dash","Slice+1","Flying Knee"],"picked":"SKIP","floor":30},{"not_picked":["Dodge and Roll","Accuracy","Dash"],"picked":"SKIP","floor":31},{"not_picked":["Glass Knife","Bullet Time"],"picked":"Die Die Die","floor":33},{"not_picked":["Outmaneuver"],"picked":"SKIP","floor":35},{"not_picked":["Slice"],"picked":"SKIP","floor":38},{"not_picked":["PiercingWail"],"picked":"SKIP","floor":39},{"not_picked":["Backflip+1"],"picked":"SKIP","floor":40},{"not_picked":[],"picked":"Toxin Wave","floor":41},{"not_picked":["Backflip"],"picked":"SKIP","floor":42},{"not_picked":["Caltrops"],"picked":"SKIP","floor":45},{"not_picked":["Poisoned Stab"],"picked":"SKIP","floor":46}],"player_experience":63780,"relics_obtained":[{"floor":2,"key":"Ring of Peace"},{"floor":2,"key":"Ring of Misfortune"},{"floor":7,"key":"FossilizedHelix"},{"floor":9,"key":"Quantum Egg"},{"floor":23,"key":"Blood Vial"},{"floor":26,"key":"Nunchaku"},{"floor":28,"key":"Onion Ring"},{"floor":34,"key":"PreservedInsect"},{"floor":34,"key":"Replay:Bottled Eggs"},{"floor":34,"key":"Pocketwatch"},{"floor":40,"key":"ReplayTheSpireMod:Ninjato"},{"floor":42,"key":"Grinning Jar"},{"floor":43,"key":"InkBottle"}],"event_choices":[{"cards_removed":["Strike_G"],"damage_healed":0,"gold_gain":0,"player_choice":"Purged","damage_taken":0,"max_hp_gain":0,"max_hp_loss":0,"event_name":"Purifier","floor":3,"gold_loss":0},{"damage_healed":0,"gold_gain":0,"player_choice":"Copied","damage_taken":0,"max_hp_gain":0,"max_hp_loss":0,"event_name":"Duplicator","floor":19,"gold_loss":0,"cards_obtained":["Toxin Wave"]},{"damage_healed":0,"gold_gain":0,"player_choice":"Simplicity","damage_taken":0,"max_hp_gain":0,"max_hp_loss":9,"event_name":"betterThird:BetterWriting","floor":21,"gold_loss":0},{"damage_healed":0,"gold_gain":0,"player_choice":"Shed Blood","damage_taken":18,"max_hp_gain":5,"max_hp_loss":0,"event_name":"Forgotten Altar","floor":25,"gold_loss":0},{"damage_healed":0,"gold_gain":0,"player_choice":"Obtain J.A.X.","damage_taken":0,"max_hp_gain":0,"max_hp_loss":0,"event_name":"Drug Dealer","floor":29,"gold_loss":0,"cards_obtained":["J.A.X."]},{"damage_healed":19,"gold_gain":0,"player_choice":"Writhe","damage_taken":0,"max_hp_gain":0,"max_hp_loss":0,"event_name":"Winding Halls","floor":36,"gold_loss":0,"cards_obtained":["Writhe"]},{"damage_healed":0,"gold_gain":0,"player_choice":"Memory 1","damage_taken":0,"max_hp_gain":0,"max_hp_loss":0,"event_name":"SensoryStone","floor":37,"gold_loss":0},{"cards_removed":["Neutralize"],"damage_healed":0,"gold_gain":0,"player_choice":"Removed Attack","damage_taken":0,"max_hp_gain":0,"max_hp_loss":0,"event_name":"Falling","floor":48,"gold_loss":0}],"is_beta":false,"boss_relics":[{"not_picked":["Fusion Hammer","Astrolabe"],"picked":"Replay:Ancient Bell"},{"not_picked":["Replay:Rubber Ducky","Dream Catcher"],"picked":"ReplayFunnel"},{"not_picked":["Toxic Egg 2","Gremlin Horn"],"picked":"Paper Crane"},{"not_picked":["Peace Pipe","Tingsha"],"picked":"TungstenRod"},{"not_picked":["Coffee Dripper","SlaversCollar"],"picked":"Replay:Grab Bag"},{"not_picked":["Cursed Key","Runic Dome"],"picked":"ChewingGum"},{"not_picked":["Sozu","Philosopher\u0027s Stone"],"picked":"Busted Crown"},{"not_picked":["Kintsugi","Snecko Scales"],"picked":"Calling Bell"},{"not_picked":["Honey Jar","Pandora\u0027s Box"],"picked":"Ring of the Serpent"}],"items_purged_floors":[47],"is_endless":false,"potions_floor_spawned":[5,11,14,16,23,30,31,40,42,46],"ascension_level":2}}