{"host":"kqqjvufdj6ouyvqb","time":1607782794,"event":{"mods":["BaseMod","HololiveMod","LagranYue(拉格朗・月)","Lobotomy","LobotomyExtend","Minty Spire (QoL Compilation)","Prisma Mod","Quick Restart","Replay The Spire","Shop Mod","StSLib","WarShipGirlsR/战舰少女R mod","[IsaacMod]以撒尖塔"],"gold_per_floor":[117,131,306,306,325,351,351,364,364,364,383,393,64,79,79,183,183,200,223,237,249,5,5,35,45,117,117,187,198,198,212,212,317,317,327,377,423,463,257,257,273,173,173,286,286,286,332,112,123,135,135,152,228,228,267,60,60,60,188,330,97,0,0,187,187,162,162,162,162,181,320,389,389,389,389,486,506,638,705,705,854,854,854,854,854,854,854,909,909,909,1014,1014,939,939,668,583,583,608,608],"floor_reached":84,"playtime":5676,"items_purged":["Doubt","PrismaMod:IllyaPoisonTippedWeapons","Looming Evil","PrismaMod:IllyaAlice+1","CommonCold","CommonCold","Doubt"],"score":2113,"play_id":"4521487d-71e6-49f5-af71-83cdffa6ff43","local_time":"20201212221954","daily_mods":["SealedDeck","Vintage","Heirloom","Flight"],"is_ascension_mode":false,"campfire_choices":[{"data":"PrismaMod:IllyaUncommonDefend","floor":7,"key":"SMITH"},{"data":"PrismaMod:IllyaMaid","floor":23,"key":"SMITH"},{"data":"PrismaMod:IllyaRapidFire","floor":23,"key":"SMITH"},{"data":"PrismaMod:IllyaPartialInstallAssassin","floor":32,"key":"SMITH"},{"floor":40,"key":"REST"},{"data":"Replay:Hysterical Blindness","floor":61,"key":"PURGE"},{"data":"Replay:Hysterical Blindness","floor":66,"key":"PURGE"},{"data":"PrismaMod:IllyaStunPoison","floor":75,"key":"SMITH"},{"data":"PrismaMod:IllyaDevil","floor":75,"key":"SMITH"}],"circlet_count":0,"master_deck":["PrismaMod:IllyaUncommonAOEAttack+1","PrismaMod:IllyaBoysLove+1","PrismaMod:IllyaUncommonDefend+1","PrismaMod:IllyaPartialInstallAssassin+1","PrismaMod:IllyaBerserCAR+1","PrismaMod:IllyaBlindPoisonToss+1","PrismaMod:IllyaMaid+1","PrismaMod:IllyaRapidFire+1","PrismaMod:IllyaGrailKun+1","PrismaMod:IllyaCarnivalPrismaAstolfo+1","PrismaMod:IllyaMinorZwei+1","PrismaMod:IllyaCheapChannelAttack+1","PrismaMod:IllyaDevil+1","PrismaMod:IllyaFriendMaker+1","PrismaMod:IllyaStunPoison+1","PrismaMod:IllyaDevil+1","PrismaMod:IllyaFeed+1","PrismaMod:IllyaSaphire+1","PrismaMod:IllyaUberChannel+1","Pot Of Greed+1","Pot Of Greed+1","ReplayTheSpireMod:Uncanny Aura+1","Metamorphosis+1","Pot Of Greed+1","PrismaMod:IllyaPoisonTippedWeapons+1","PrismaMod:IllyaZwei+1","PrismaMod:IllyaInstallRider","DoctorFetus+1","PrismaMod:IllyaHassanGift+1","Pot Of Greed+1","PrismaMod:IllyaUberAttackChannel+1","PrismaMod:IllyaRussianRoulette+1","PrismaMod:IllyaInstallAlterEgo","PrismaMod:IllyaGrail+1"],"relics":["PrismaMod:PrismaRuby","HushsDoor","NineVolt","Smiling Mask","LetterFromLob","Replay:PocketPolymizer","Toxic Egg 2","Singing Bowl","Replay:Bottled Flurry","Anchor","Hololive_LightStick","ReplayTheSpireMod:Ninjato","Boot","Membership Card","Ornamental Fan","Replay:Baseball","MagicMushroom","NineLifeCat","Tiny Chest","Blood Vial","Onion Ring","Chameleon Ring","Replay:Arrowhead","LaetitiaHeart","Heaven_r","Moonlight_r","Lantern","Golden Egg","Bottled Lightning","Pondfish Scales","ReplayTheSpireMod:Ring of Collecting","ReplayTheSpireMod:Ring of Exchange","PreservedInsect","PrismaMod:AliceRelic","HandDrill","MyShadow","DoctorsRemote","Peace Pipe","Ring of Searing","ReplayTheSpireMod:Lightbulb","Replay:Rubber Ducky","Hololive_LightStick","Ring of Fangs","Darkstone Periapt","Ring of Peace","BookOfRevelations","Frozen Egg 2","CaptainsWheel","Bag of Preparation","ReplayTheSpireMod:TigerMarble","Bronze Scales","Grinning Jar","Replay:Bottled Snecko","BelialBook","Ring of Greed","Replay:Bandana","Golden Idol","Pet Ghost","Shuriken","Potion Belt","Leech","ReplayTheSpireMod:Shallot","ReplayTheSpireMod:Ring of Challenge","Letter Opener","PokeGo","Chaos","MerchantsRug","Replay:Wax Seal","Red Mask","Quantum Egg","Juzu Bracelet","Strawberry","Akabeko","Centennial Puzzle","PillsDrop","WarpedTongs","BranchBurnRelic","Odd Mushroom","Replay:Mystery Machine","UnicornStump","Ginger","Replay:Multitool","Empty Cage","Ancient Tea Set","TheBean","Dream Catcher"],"acts_visited":["Exordium","TheCity","TheBeyond","Exordium","TheCity"],"potions_floor_usage":[6,8,25,38,84,84,84,84,84],"damage_taken":[{"damage":0,"enemies":"Jaw Worm","floor":1,"turns":3},{"damage":6,"enemies":"Small Slimes","floor":2,"turns":3},{"damage":5,"enemies":"2 Louse","floor":5,"turns":2},{"damage":10,"enemies":"Gremlin Nob","floor":6,"turns":4},{"damage":0,"enemies":"Blue Slaver","floor":8,"turns":2},{"damage":0,"enemies":"3 Louse","floor":11,"turns":3},{"damage":0,"enemies":"Large Slime","floor":12,"turns":3},{"damage":0,"enemies":"Blue Slaver","floor":14,"turns":1},{"damage":0,"enemies":"The Guardian","floor":16,"turns":5},{"damage":0,"enemies":"3 Byrds","floor":18,"turns":3},{"damage":0,"enemies":"Chosen","floor":19,"turns":3},{"damage":9,"enemies":"Centurion and Healer","floor":20,"turns":4},{"damage":0,"enemies":"Shelled Parasite and Fungi","floor":21,"turns":3},{"damage":0,"enemies":"Snake Plant","floor":24,"turns":1},{"damage":0,"enemies":"Snake Plant","floor":24,"turns":1},{"damage":0,"enemies":"Snake Plant","floor":24,"turns":2},{"damage":0,"enemies":"Snake Plant","floor":25,"turns":2},{"damage":0,"enemies":"Centurion and Healer","floor":29,"turns":2},{"damage":0,"enemies":"Sentry and Sphere","floor":31,"turns":2},{"damage":0,"enemies":"Pondfish","floor":33,"turns":6},{"damage":0,"enemies":"3 Shapes","floor":35,"turns":2},{"damage":0,"enemies":"2 Orb Walkers","floor":36,"turns":3},{"damage":0,"enemies":"Orb Walker","floor":38,"turns":2},{"damage":0,"enemies":"Spire Growth","floor":41,"turns":2},{"damage":0,"enemies":"Jaw Worm Horde","floor":47,"turns":3},{"damage":0,"enemies":"Orb Walker","floor":35,"turns":2},{"damage":0,"enemies":"3 Shapes","floor":36,"turns":2},{"damage":0,"enemies":"Transient","floor":38,"turns":5},{"damage":0,"enemies":"Writhing Mass","floor":41,"turns":3},{"damage":0,"enemies":"Sphere and 2 Shapes","floor":45,"turns":3},{"damage":0,"enemies":"Maw","floor":46,"turns":3},{"damage":0,"enemies":"Awakened One","floor":50,"turns":5},{"damage":0,"enemies":"Jaw Worm","floor":52,"turns":1},{"damage":0,"enemies":"Small Slimes","floor":56,"turns":2},{"damage":0,"enemies":"Lagavulin","floor":57,"turns":2},{"damage":0,"enemies":"2 Louse","floor":58,"turns":1},{"damage":0,"enemies":"The Mushroom Lair","floor":62,"turns":2},{"damage":0,"enemies":"Exordium Thugs","floor":63,"turns":2},{"damage":0,"enemies":"Hiden Room Battle","floor":64,"turns":3},{"damage":0,"enemies":"2 Fungi Beasts","floor":65,"turns":1},{"damage":0,"enemies":"Hexaghost","floor":67,"turns":4},{"damage":0,"enemies":"Book of Stabbing","floor":74,"turns":2},{"damage":0,"enemies":"Gremlin Leader","floor":77,"turns":3},{"damage":1298,"enemies":"LittleHush","floor":84,"turns":20}],"seed_played":"3461729707688995258","potions_obtained":[{"floor":2,"key":"Strength Potion"},{"floor":6,"key":"Fire Potion"},{"floor":8,"key":"SneckoOil"},{"floor":14,"key":"CultistPotion"},{"floor":19,"key":"Toxic Potion"},{"floor":27,"key":"Fire Potion"},{"floor":38,"key":"SmokeBomb"},{"floor":45,"key":"Fire Potion"},{"floor":50,"key":"Explosive Potion"},{"floor":74,"key":"Regen Potion"}],"is_trial":true,"path_per_floor":["M","M","?","?","M","E","R","M","T","?","M","M","$","M","R","B",null,"M","M","M","M","$","R","M","M","T","R","T","M","?","M","R","B",null,"M","?","T","M","$","R","M","?","T","?","T","?","M","$","M","M","?","M","T","?","M","$","T","T","M","M","$","?","R","B",null,"M","?","?","?","M","E","M","?","T","R","?","M","?","M","R","B",null,"M","?","?","?","?","E","R","?","E","?","?","?","$","?","R","B"],"character_chosen":"ILLYA","items_purchased":["Membership Card","PrismaMod:IllyaGrailKun+1","Ornamental Fan","NineLifeCat","PrismaMod:IllyaMinorZwei+1","Replay:Arrowhead","MyShadow","Damocles","CaptainsWheel","Bag of Preparation","Potion Belt","Metamorphosis+1","Chaos","MerchantsRug","Replay:Wax Seal","PrismaMod:IllyaPoisonTippedWeapons+1","PrismaMod:IllyaZwei+1","Ancient Tea Set","TheBean","PrismaMod:IllyaInstallAlterEgo"],"campfire_rested":1,"item_purchase_floors":[13,13,13,17,22,22,34,39,48,48,42,42,47,47,47,47,47,81,81,81],"current_hp_per_floor":[75,69,69,69,64,54,54,59,59,41,46,51,51,51,73,75,18,18,18,9,20,20,20,9,17,17,17,17,27,27,30,30,30,18,18,24,24,24,24,24,27,41,41,31,31,31,39,41,41,41,43,43,43,41,41,41,41,41,50,56,56,56,56,68,63,63,50,45,45,49,60,71,77,77,77,88,102,107,113,113,114,114,114,114,114,114,114,116,116,116,122,122,122,122,122,122,122,0,0],"gold":608,"neow_bonus":"","is_daily":false,"chose_seed":false,"campfire_upgraded":6,"win_rate":0.0,"timestamp":1607782794,"path_taken":["M","M","?","?","M","E","R","M","T","?","M","?","$","M","R","BOSS","M","M","M","?","?","R","?","M","T","R","?","M","?","?","R","BOSS","M","?","?","?","$","R","M","?","T","?","?","?","M","?","M","M","?","M","?","?","?","?","T","?","M","?","$","?","R","BOSS","M","?","?","?","M","E","M","?","T","R","?","M","?","M","R","BOSS","M","?","?","?","?","E","R","?","E","?","?","?","$","?","R","BOSS"],"items_purchased_type":["Relic","Card","Relic","Relic","Card","Relic","Relic","Relic","Relic","Relic","Relic","Card","Card","Relic","Relic","Card","Card","Relic","Relic","Card"],"build_version":"2020-11-30","purchased_purges":7,"victory":false,"max_hp_per_floor":[75,75,75,75,75,75,75,75,75,75,75,75,75,75,75,75,18,18,18,18,21,21,21,24,24,24,24,24,27,27,30,30,30,18,18,24,24,24,24,24,27,41,41,41,41,41,41,41,41,41,43,43,43,41,41,41,41,41,50,56,56,56,56,68,63,63,63,70,70,70,76,85,91,91,91,93,102,107,113,113,114,114,114,114,114,114,114,116,116,116,122,122,122,122,122,122,122,122,122],"card_choices":[{"not_picked":[],"picked":"Bomb","floor":0},{"not_picked":["PrismaMod:IllyaMinorZwei+1","PrismaMod:IllyaAOECommonAttack"],"picked":"PrismaMod:IllyaAlice+1","floor":6},{"not_picked":["PrismaMod:IllyaInstallSaber","PrismaMod:IllyaInstallAlterEgo"],"picked":"PrismaMod:IllyaCarnivalPrismaAstolfo+1","floor":16},{"not_picked":["PrismaMod:IllyaUberDefendChannel+1","PrismaMod:IllyaInstallRider"],"picked":"PrismaMod:IllyaCarnivalPrismaAstolfo+1","floor":33},{"not_picked":["PrismaMod:IllyaAssassinRevenge+1","PrismaMod:IllyaPartialInstallAssassin+1"],"picked":"PrismaMod:IllyaCheapChannelAttack+1","floor":36},{"not_picked":["PrismaMod:IllyaAOECommonAttack"],"picked":"Singing Bowl","floor":42},{"not_picked":["PrismaMod:IllyaAOECommonAttack"],"picked":"Singing Bowl","floor":42},{"not_picked":["PrismaMod:IllyaPoisonBlock"],"picked":"Singing Bowl","floor":42},{"not_picked":[],"picked":"PrismaMod:IllyaDevil","floor":42},{"not_picked":["PrismaMod:IllyaReinForce"],"picked":"Singing Bowl","floor":42},{"not_picked":[],"picked":"PrismaMod:IllyaFriendMaker","floor":42},{"not_picked":["PrismaMod:IllyaFriendMaker"],"picked":"Singing Bowl","floor":42},{"not_picked":[],"picked":"PrismaMod:IllyaStunPoison","floor":42},{"not_picked":["PrismaMod:IllyaDetonatingBlow"],"picked":"Singing Bowl","floor":42},{"not_picked":[],"picked":"PrismaMod:IllyaDevil","floor":42},{"not_picked":["PrismaMod:IllyaUberDefendChannel"],"picked":"Singing Bowl","floor":42},{"not_picked":["PrismaMod:IllyaBoysLove+1","PrismaMod:IllyaAssassinRevenge+1"],"picked":"PrismaMod:IllyaFeed","floor":44},{"not_picked":["PrismaMod:IllyaRapidFire+1","PrismaMod:IllyaFeed"],"picked":"PrismaMod:IllyaSaphire+1","floor":44},{"not_picked":["PrismaMod:IllyaMinorZwei+1","PrismaMod:IllyaEvokeAll+1"],"picked":"PrismaMod:IllyaUberChannel+1","floor":44},{"not_picked":["Survey Options+1","Good Instincts+1","Purity+1"],"picked":"Singing Bowl","floor":37},{"not_picked":["Replay:Sssssssssstrike","Replay:Bootleg Shield Generator+1"],"picked":"ReplayTheSpireMod:Uncanny Aura+1","floor":37},{"not_picked":["PrismaMod:IllyaUberDefendChannel+1","PrismaMod:IllyaInstallShielder"],"picked":"PrismaMod:IllyaInstallRider","floor":50},{"not_picked":["PrismaMod:IllyaUncommonEvoke","PrismaMod:IllyaUberDefendChannel+1"],"picked":"PrismaMod:IllyaHassanGift+1","floor":57},{"not_picked":["PrismaMod:IllyaSaphire+1","PrismaMod:IllyaDevil","PrismaMod:IllyaCommonEvoke"],"picked":"Singing Bowl","floor":62},{"not_picked":["PrismaMod:IllyaBoysLove+1","PrismaMod:IllyaPartialInstallAssassin+1","PrismaMod:IllyaCommonEvoke"],"picked":"Singing Bowl","floor":64},{"not_picked":["PrismaMod:IllyaUberDefendChannel+1","PrismaMod:IllyaCarnivalAttack"],"picked":"PrismaMod:IllyaUberAttackChannel+1","floor":67},{"not_picked":["PrismaMod:IllyaUncommonAOEAttack","PrismaMod:IllyaGrailKun+1","PrismaMod:IllyaCommonEvoke"],"picked":"Singing Bowl","floor":74},{"not_picked":["PrismaMod:IllyaUberAttackChannel+1","PrismaMod:IllyaCheapChannelPoison+1"],"picked":"PrismaMod:IllyaRussianRoulette+1","floor":77}],"player_experience":179769,"relics_obtained":[{"floor":1,"key":"Smiling Mask"},{"floor":1,"key":"LetterFromLob"},{"floor":2,"key":"Replay:PocketPolymizer"},{"floor":5,"key":"Toxic Egg 2"},{"floor":6,"key":"Singing Bowl"},{"floor":8,"key":"Replay:Bottled Flurry"},{"floor":9,"key":"Anchor"},{"floor":11,"key":"ReplayTheSpireMod:Ninjato"},{"floor":12,"key":"Boot"},{"floor":14,"key":"Replay:Baseball"},{"floor":18,"key":"Tiny Chest"},{"floor":19,"key":"Blood Vial"},{"floor":20,"key":"Onion Ring"},{"floor":21,"key":"Chameleon Ring"},{"floor":25,"key":"Lantern"},{"floor":26,"key":"Golden Egg"},{"floor":28,"key":"Bottled Lightning"},{"floor":29,"key":"Pondfish Scales"},{"floor":30,"key":"ReplayTheSpireMod:Ring of Collecting"},{"floor":30,"key":"ReplayTheSpireMod:Ring of Exchange"},{"floor":31,"key":"PreservedInsect"},{"floor":35,"key":"DoctorsRemote"},{"floor":36,"key":"Peace Pipe"},{"floor":37,"key":"Ring of Searing"},{"floor":37,"key":"ReplayTheSpireMod:Lightbulb"},{"floor":38,"key":"Replay:Rubber Ducky"},{"floor":41,"key":"Diplopia"},{"floor":41,"key":"War Paint"},{"floor":43,"key":"Ring of Fangs"},{"floor":43,"key":"Darkstone Periapt"},{"floor":45,"key":"Ring of Peace"},{"floor":45,"key":"BookOfRevelations"},{"floor":47,"key":"Frozen Egg 2"},{"floor":47,"key":"Bottled Flame"},{"floor":35,"key":"ReplayTheSpireMod:TigerMarble"},{"floor":35,"key":"Bronze Scales"},{"floor":36,"key":"Grinning Jar"},{"floor":36,"key":"Replay:Bottled Snecko"},{"floor":38,"key":"BelialBook"},{"floor":39,"key":"Ring of Greed"},{"floor":39,"key":"Replay:Bandana"},{"floor":39,"key":"Golden Idol"},{"floor":39,"key":"Pet Ghost"},{"floor":41,"key":"Shuriken"},{"floor":43,"key":"Leech"},{"floor":44,"key":"ReplayTheSpireMod:Shallot"},{"floor":44,"key":"ReplayTheSpireMod:Ring of Challenge"},{"floor":45,"key":"Letter Opener"},{"floor":46,"key":"PokeGo"},{"floor":52,"key":"Juzu Bracelet"},{"floor":56,"key":"Akabeko"},{"floor":57,"key":"Centennial Puzzle"},{"floor":58,"key":"PillsDrop"},{"floor":60,"key":"Dead Branch"},{"floor":62,"key":"Odd Mushroom"},{"floor":63,"key":"Replay:Mystery Machine"},{"floor":64,"key":"UnicornStump"},{"floor":65,"key":"Ginger"},{"floor":65,"key":"Replay:Multitool"}],"event_choices":[{"damage_healed":0,"gold_gain":175,"player_choice":"AGREE","damage_taken":0,"max_hp_gain":0,"max_hp_loss":0,"event_name":"Liars Game","floor":3,"gold_loss":0,"cards_obtained":["Doubt"]},{"damage_healed":0,"gold_gain":0,"player_choice":"Success","damage_taken":18,"relics_obtained":["Hololive_LightStick"],"max_hp_gain":0,"max_hp_loss":0,"event_name":"Scrap Ooze","floor":10,"gold_loss":0},{"damage_healed":0,"gold_gain":0,"player_choice":"Fight","damage_taken":0,"max_hp_gain":0,"max_hp_loss":0,"event_name":"Mysterious Sphere","floor":36,"gold_loss":0},{"damage_healed":0,"gold_gain":0,"player_choice":"Memory 2","damage_taken":5,"max_hp_gain":0,"max_hp_loss":0,"event_name":"SensoryStone","floor":37,"gold_loss":0},{"damage_healed":0,"gold_gain":0,"player_choice":"Max HP","damage_taken":0,"max_hp_gain":0,"max_hp_loss":2,"event_name":"Winding Halls","floor":40,"gold_loss":0},{"damage_healed":0,"gold_gain":0,"player_choice":"Paid","damage_taken":0,"relics_obtained":["Red Mask"],"max_hp_gain":0,"max_hp_loss":0,"event_name":"Tomb of Lord Red Mask","floor":48,"gold_loss":97},{"damage_healed":0,"gold_gain":0,"player_choice":"Entered Light","damage_taken":13,"max_hp_gain":0,"max_hp_loss":0,"event_name":"Shining Light","floor":53,"gold_loss":0,"cards_upgraded":["PrismaMod:IllyaFriendMaker","PrismaMod:IllyaFeed"]},{"damage_healed":0,"gold_gain":0,"player_choice":"Success","damage_taken":12,"relics_obtained":["Strawberry"],"max_hp_gain":0,"max_hp_loss":0,"event_name":"Scrap Ooze","floor":54,"gold_loss":0},{"cards_removed":["PrismaMod:IllyaCarnivalPrismaAstolfo"],"damage_healed":0,"gold_gain":0,"player_choice":"Took Card","damage_taken":0,"max_hp_gain":0,"max_hp_loss":0,"event_name":"NoteForYourself","floor":55,"gold_loss":0,"cards_obtained":["DoctorFetus"]},{"damage_healed":0,"gold_gain":0,"player_choice":"Rummage","damage_taken":0,"relics_obtained":["WarpedTongs"],"max_hp_gain":0,"max_hp_loss":0,"event_name":"Accursed Blacksmith","floor":59,"gold_loss":0,"cards_obtained":["Pain"]},{"damage_healed":0,"gold_gain":0,"player_choice":"Fought Mushrooms","damage_taken":0,"max_hp_gain":0,"max_hp_loss":0,"event_name":"Mushrooms","floor":62,"gold_loss":0},{"damage_healed":0,"gold_gain":0,"player_choice":"Fight","damage_taken":0,"max_hp_gain":0,"max_hp_loss":0,"event_name":"HidenRoomEvent","floor":64,"gold_loss":0},{"cards_removed":["Hallucinations"],"damage_healed":0,"gold_gain":0,"player_choice":"Elegance","damage_taken":0,"max_hp_gain":0,"max_hp_loss":0,"event_name":"Back to Basics","floor":70,"gold_loss":0},{"cards_removed":["Pain"],"damage_healed":0,"gold_gain":0,"player_choice":"Purged","damage_taken":0,"max_hp_gain":0,"max_hp_loss":0,"event_name":"Purifier","floor":73,"gold_loss":0},{"damage_healed":0,"gold_gain":0,"player_choice":"Ignored","damage_taken":0,"max_hp_gain":0,"max_hp_loss":0,"event_name":"Vampires","floor":78,"gold_loss":0},{"cards_removed":["Writhe"],"damage_healed":0,"gold_gain":0,"player_choice":"Gave Gold","damage_taken":0,"max_hp_gain":0,"max_hp_loss":0,"event_name":"Beggar","floor":79,"gold_loss":75},{"damage_healed":0,"gold_gain":0,"player_choice":"Upgraded","damage_taken":0,"max_hp_gain":0,"max_hp_loss":0,"event_name":"Upgrade Shrine","floor":80,"gold_loss":0,"cards_upgraded":["PrismaMod:IllyaDevil"]},{"damage_healed":0,"gold_gain":0,"player_choice":"Obtained Relic","damage_taken":0,"relics_obtained":["Dream Catcher"],"max_hp_gain":0,"max_hp_loss":0,"event_name":"Addict","floor":82,"gold_loss":85},{"damage_healed":0,"gold_gain":0,"player_choice":"Read","damage_taken":0,"max_hp_gain":0,"max_hp_loss":0,"event_name":"The Library","floor":83,"gold_loss":0,"cards_obtained":["PrismaMod:IllyaGrail"]}],"is_beta":false,"boss_relics":[{"not_picked":["Empty Cage","Calling Bell"],"picked":"MagicMushroom"},{"not_picked":[]},{"not_picked":["Painkiller Herb","Hololive_TopUpMoneyS"],"picked":"HandDrill"},{"not_picked":[]},{"not_picked":["D6","Replay:Towering Pillar of Hats"],"picked":"Quantum Egg"},{"not_picked":[]},{"not_picked":["Painkiller Herb","Snecko Heart"],"picked":"Empty Cage"},{"not_picked":[]}],"items_purged_floors":[13,22,39,42,47,51,81],"is_endless":true,"potions_floor_spawned":[2,6,8,14,19,21,24,31,33,35,38,41,35,38,45,50,52,58,62,67,74],"killed_by":"LittleHush","ascension_level":0}}