{"host":"rylkjufw9dlhr07b","time":1607791051,"event":{"mods":["AchievementEnabler","BaseMod","Better Note","BetterRewards","Hubris","Minty Spire (QoL Compilation)","Quick Restart","Replay The Spire","StSLib"],"gold_per_floor":[109,109,127,146,146,176,187,462,462,492,510,510,524,524,524,649,649,664,664,664,677,212,212,212],"floor_reached":23,"playtime":1158,"items_purged":["Regret"],"score":486,"play_id":"789d5a30-1298-4ea9-b9c3-cdbe88e3ca02","local_time":"20201212173731","is_ascension_mode":true,"campfire_choices":[{"floor":12.0,"key":"REST"},{"data":"Eruption","floor":15.0,"key":"SMITH"}],"circlet_count":0,"master_deck":["Strike_P","Strike_P","Strike_P","Defend_P","Defend_P","Defend_P","Defend_P","Eruption+1","Vigilance","Finesse","PathToVictory","JustLucky","Fasting2","Swivel","Weave","SandsOfTime","EmptyFist","Replay:DivineShield","EmptyFist","Swivel","FollowUp","Injury","DevaForm","ReachHeaven+1","Metallicize+1","hubris:Wrath","Protect","LikeWater"],"relics":["PureWater","Replay:Bronze Core","Thread and Needle","Replay:Ringing Soul","Pondfish Scales","Nunchaku","Golden Idol","hubris:ScarierMask","Question Card","Replay:Wax Seal","hubris:FunFungus"],"acts_visited":["Exordium","TheCity"],"potions_floor_usage":[18],"damage_taken":[{"damage":0.0,"enemies":"Cultist","floor":1.0,"turns":2.0},{"damage":0.0,"enemies":"2 Louse","floor":3.0,"turns":3.0},{"damage":7.0,"enemies":"Jaw Worm","floor":4.0,"turns":2.0},{"damage":28.0,"enemies":"Gremlin Nob","floor":6.0,"turns":4.0},{"damage":0.0,"enemies":"Blue Slaver","floor":7.0,"turns":1.0},{"damage":12.0,"enemies":"Lagavulin","floor":10.0,"turns":3.0},{"damage":4.0,"enemies":"Exordium Thugs","floor":11.0,"turns":5.0},{"damage":0.0,"enemies":"3 Louse","floor":13.0,"turns":3.0},{"damage":58.0,"enemies":"Slime Boss","floor":16.0,"turns":12.0},{"damage":0,"enemies":"Spheric Guardian","floor":18,"turns":3},{"damage":0,"enemies":"3 Byrds","floor":21,"turns":4},{"damage":98,"enemies":"Book of Stabbing","floor":23,"turns":8}],"seed_played":"2659393965672156167","potions_obtained":[{"floor":3.0,"key":"Block Potion"},{"floor":6.0,"key":"PowerPotion"},{"floor":13.0,"key":"BlessingOfTheForge"},{"floor":16.0,"key":"GamblersBrew"}],"is_trial":false,"path_per_floor":["M","?","M","M","T","E","M","?","T","E","M","R","M","?","R","B",null,"M","?","?","M","$","E"],"character_chosen":"WATCHER","items_purchased":["Finesse","PathToVictory","JustLucky","MentalFortress","Replay:Wax Seal","hubris:FunFungus","LikeWater"],"campfire_rested":1,"item_purchase_floors":[0,0,0,0,22,22,22],"current_hp_per_floor":[50,72,72,65,65,40,43,46,46,37,36,62,65,68,68,13,75,78,81,84,87,90,0,0],"gold":212,"neow_bonus":"","is_daily":false,"chose_seed":false,"campfire_upgraded":1,"win_rate":0.0,"timestamp":1607791051,"path_taken":["M","?","?","M","?","E","M","?","T","E","?","R","M","?","R","BOSS","M","?","?","?","$","E"],"items_purchased_type":["Card","Card","Card","Card","Relic","Relic","Card"],"build_version":"2020-11-30","purchased_purges":1,"victory":false,"max_hp_per_floor":[72,72,72,72,72,75,78,81,81,84,87,87,90,93,93,96,96,99,102,105,108,111,111,111],"card_choices":[{"not_picked":["Fasting2","Replay:AtTheReady","Indignation"],"picked":"SKIP","floor":1.0},{"not_picked":["Replay:BluntJabs","Replay:AtTheReady"],"picked":"Weave","floor":3.0},{"not_picked":["Meditate","Consecrate"],"picked":"SandsOfTime","floor":4.0},{"not_picked":["ThirdEye","Replay:AtTheReady"],"picked":"EmptyFist","floor":6.0},{"not_picked":["JustLucky","Prostrate"],"picked":"Replay:DivineShield","floor":7.0},{"not_picked":["Worship","Swivel"],"picked":"EmptyFist","floor":10.0},{"not_picked":["Protect","ThirdEye"],"picked":"Swivel","floor":11.0},{"not_picked":["Replay:Vibes","Wish"],"picked":"FollowUp","floor":13.0},{"not_picked":["Omniscience","Alpha"],"picked":"DevaForm","floor":16.0},{"not_picked":["Crescendo","WaveOfTheHand"],"picked":"ReachHeaven+1","floor":18},{"not_picked":["FollowUp","CutThroughFate","EmptyBody"],"picked":"Protect","floor":21}],"player_experience":466309,"relics_obtained":[{"floor":5.0,"key":"Thread and Needle"},{"floor":6.0,"key":"Replay:Ringing Soul"},{"floor":9.0,"key":"Pondfish Scales"},{"floor":10.0,"key":"Nunchaku"}],"event_choices":[{"cards_removed":["MentalFortress"],"damage_healed":22.0,"max_hp_gain":0.0,"max_hp_loss":0.0,"gold_gain":0.0,"event_name":"Bonfire Elementals","player_choice":"Offered Uncommon","floor":2.0,"gold_loss":0.0,"damage_taken":0.0},{"damage_healed":0.0,"max_hp_gain":0.0,"max_hp_loss":0.0,"gold_gain":275.0,"event_name":"Golden Shrine","player_choice":"Desecrate","floor":8.0,"gold_loss":0.0,"damage_taken":0.0,"cards_obtained":["Regret"]},{"damage_healed":0.0,"max_hp_gain":0.0,"max_hp_loss":0.0,"gold_gain":0.0,"event_name":"Golden Idol","player_choice":"Take Wound","floor":14.0,"gold_loss":0.0,"damage_taken":0.0,"relics_obtained":["Golden Idol"],"cards_obtained":["Injury"]},{"cards_removed":["Eruption"],"damage_healed":0,"gold_gain":0,"player_choice":"Take \u0026 Give","damage_taken":0,"max_hp_gain":0,"max_hp_loss":0,"event_name":"betterNote:BetterNote","floor":19,"gold_loss":0,"cards_obtained":["Metallicize"]}],"is_beta":false,"boss_relics":[{"not_picked":["Replay:Ancient Bell","Sozu"],"picked":"hubris:ScarierMask"}],"items_purged_floors":[22],"is_endless":false,"potions_floor_spawned":[3,6,13,16],"killed_by":"Book of Stabbing","ascension_level":9}}