{"host":"elnvswdbusdewy2q","time":1607812661,"event":{"mods":["2.2 Compatiblity","BaseMod","CapriCore","Colored Map","Hermit","Koishi","Lobotomy","Marisa£¨Ùöéë¡¡Øª×âÞÞ£©","Minty Spire (QoL Compilation)","Rare Cards Sparkle","StSLib","Td1madao Mod","The Bug Knight","The Cursed","The Dragon Tamer","The Gatherer","The Hierophant","The Immortal","The Poker Player","The Runesmith","WarShipGirlsR/??á´Ò³R mod"],"gold_per_floor":[109,39,58,58,21,21,37,37,37,54,54,54,65,65,65,65],"floor_reached":14,"playtime":484,"items_purged":[],"score":80,"play_id":"80bf3403-7caa-44db-b967-873322d221aa","local_time":"20201213073741","is_ascension_mode":false,"metric_token":1373,"campfire_choices":[{"data":"Gatherer:Photoscythe","floor":6,"key":"SMITH"},{"data":"Gatherer:Centralize","floor":8,"key":"SMITH"},{"data":"Gatherer:EnergyBasket","floor":12,"key":"SMITH"}],"circlet_count":0,"master_deck":["Gatherer:Strike_Gatherer","Gatherer:Strike_Gatherer","Gatherer:Strike_Gatherer","Gatherer:Strike_Gatherer","Gatherer:Strike_Gatherer","Gatherer:Defend_Gatherer","Gatherer:Defend_Gatherer","Gatherer:Defend_Gatherer","Gatherer:Defend_Gatherer","Gatherer:Centralize+1","Gatherer:FlowerWhip+1","Gatherer:Nutrients","Gatherer:Photoscythe+1","Gatherer:BalancedGrowth","Gatherer:BalancedGrowth","Gatherer:EnergyBasket+1","Gatherer:Transmute"],"relics":["Gatherer:AlchemyBag","NeowsBlessing","Frozen Egg 2"],"acts_visited":["Exordium"],"potions_floor_usage":[10,14],"damage_taken":[{"damage":0,"enemies":"Small Slimes","floor":1,"turns":1},{"damage":0,"enemies":"Cultist","floor":3,"turns":1},{"damage":0,"enemies":"2 Louse","floor":7,"turns":1},{"damage":0,"enemies":"Gremlin Gang","floor":10,"turns":6},{"damage":30,"enemies":"Exordium Thugs","floor":13,"turns":7},{"damage":35,"enemies":"Gremlin Nob","floor":14,"turns":4}],"seed_played":"1024385992201490433","potions_obtained":[{"floor":3,"key":"SneckoOil"},{"floor":7,"key":"CultistPotion"},{"floor":13,"key":"DuplicationPotion"}],"is_trial":false,"path_per_floor":["M","$","M","?","$","R","M","R","T","M","?","R","M","E"],"character_chosen":"THE_GATHERER","items_purchased":["Gatherer:Photoscythe","Gatherer:BalancedGrowth"],"campfire_rested":0,"item_purchase_floors":[2,5],"current_hp_per_floor":[72,72,72,72,72,72,72,72,72,72,65,65,35,0,0,0],"gold":65,"neow_bonus":"THREE_ENEMY_KILL","is_daily":false,"chose_seed":false,"campfire_upgraded":3,"win_rate":0.0,"timestamp":1607812661,"path_taken":["M","$","M","?","?","R","?","R","T","M","?","R","M","E"],"items_purchased_type":["Card","Card"],"build_version":"2020-11-30","purchased_purges":0,"victory":false,"max_hp_per_floor":[72,72,72,72,72,72,72,72,72,72,72,72,72,72,72,72],"card_choices":[{"not_picked":["Gatherer:EnergyBasket","Gatherer:AcidicSpray"],"picked":"Gatherer:Nutrients","floor":1},{"not_picked":["Gatherer:SealedBomb","Gatherer:DrugPower"],"picked":"Gatherer:BalancedGrowth","floor":3},{"not_picked":["Gatherer:FeelingFine","Gatherer:Polymorphism","Gatherer:Herbalism"],"picked":"SKIP","floor":7},{"not_picked":["Gatherer:PotentialSlash","Gatherer:FragileHammer"],"picked":"Gatherer:EnergyBasket","floor":10},{"not_picked":["Gatherer:WitheringStrike","Gatherer:ScherryThrow"],"picked":"Gatherer:Transmute","floor":13}],"player_experience":504872,"relics_obtained":[{"floor":9,"key":"Frozen Egg 2"}],"event_choices":[{"damage_healed":0,"gold_gain":0,"player_choice":"Full Heal","damage_taken":0,"max_hp_gain":0,"max_hp_loss":0,"event_name":"Wheel of Change","floor":4,"gold_loss":0},{"cards_removed":["Gatherer:Defend_Gatherer"],"damage_healed":0,"gold_gain":0,"player_choice":"Card Removal","damage_taken":7,"max_hp_gain":0,"max_hp_loss":0,"event_name":"Golden Wing","floor":11,"gold_loss":0}],"is_beta":false,"boss_relics":[],"items_purged_floors":[],"is_endless":false,"potions_floor_spawned":[3,7,13],"killed_by":"Gremlin Nob","ascension_level":0}}