{"host":"se2kry7a7ac49ar7","time":1607767962,"event":{"mods":["BaseMod","Bestiary","Minty Spire (QoL Compilation)","StSLib"],"gold_per_floor":[110,110,185,198,216,245,245,278,278,297,307,342,342,372,372,449,449,462,477,32,32,50,83,83,83,83,83,102,115,115,115],"floor_reached":30,"playtime":1757,"items_purged":[],"score":549,"play_id":"7925da66-ee82-44a4-9dcf-19b4d9738e4d","local_time":"20201212021242","is_ascension_mode":true,"campfire_choices":[{"data":"Havoc","floor":7,"key":"SMITH"},{"data":"Shockwave","floor":15,"key":"SMITH"},{"floor":25,"key":"REST"}],"circlet_count":0,"master_deck":["AscendersBane","Strike_R","Strike_R","Strike_R","Strike_R","Strike_R","Defend_R","Defend_R","Defend_R","Defend_R","Bash","Armaments+1","Reckless Charge","Infernal Blade","Havoc+1","Armaments","Shockwave+1","Evolve","Offering","Havoc","Reaper","Shrug It Off","Evolve","Shrug It Off","Exhume","Writhe","Dark Embrace+1"],"relics":["Burning Blood","NeowsBlessing","Vajra","Matryoshka","Toy Ornithopter","Oddly Smooth Stone","Bottled Lightning","Bag of Marbles","Mercury Hourglass","Velvet Choker","Frozen Eye","Frozen Egg 2","Enchiridion","Blue Candle","Potion Belt","Letter Opener","Kunai"],"acts_visited":["Exordium","TheCity"],"potions_floor_usage":[6,8,16,22,23],"damage_taken":[{"damage":0,"enemies":"Cultist","floor":1,"turns":1},{"damage":0,"enemies":"Jaw Worm","floor":4,"turns":1},{"damage":0,"enemies":"2 Louse","floor":5,"turns":1},{"damage":27,"enemies":"Lagavulin","floor":6,"turns":6},{"damage":9,"enemies":"3 Sentries","floor":8,"turns":9},{"damage":5,"enemies":"Looter","floor":10,"turns":3},{"damage":9,"enemies":"Large Slime","floor":11,"turns":5},{"damage":23,"enemies":"Lagavulin","floor":12,"turns":6},{"damage":6,"enemies":"Gremlin Nob","floor":14,"turns":2},{"damage":13,"enemies":"The Guardian","floor":16,"turns":8},{"damage":19,"enemies":"Shell Parasite","floor":18,"turns":4},{"damage":13,"enemies":"2 Thieves","floor":19,"turns":3},{"damage":19,"enemies":"Snecko","floor":22,"turns":5},{"damage":27,"enemies":"Book of Stabbing","floor":23,"turns":5},{"damage":15,"enemies":"Snake Plant","floor":28,"turns":3},{"damage":25,"enemies":"Sentry and Sphere","floor":29,"turns":8},{"damage":28,"enemies":"Colosseum Slavers","floor":30,"turns":3}],"seed_played":"-6245077894042191182","potions_obtained":[{"floor":1,"key":"Dexterity Potion"},{"floor":5,"key":"BloodPotion"},{"floor":6,"key":"Block Potion"},{"floor":14,"key":"DistilledChaos"},{"floor":16,"key":"FearPotion"},{"floor":19,"key":"Strength Potion"},{"floor":29,"key":"Dexterity Potion"}],"is_trial":false,"path_per_floor":["M","?","?","M","M","E","R","E","T","M","M","E","?","E","R","B",null,"M","M","$","?","M","E","?","R","T","?","M","M","?"],"character_chosen":"IRONCLAD","items_purchased":["Frozen Eye","Frozen Egg 2"],"campfire_rested":1,"item_purchase_floors":[20,20],"current_hp_per_floor":[74,74,63,69,75,69,69,66,66,67,64,47,36,36,36,34,65,58,51,51,30,31,15,15,37,37,37,35,25,0,0],"gold":115,"neow_bonus":"THREE_ENEMY_KILL","is_daily":false,"chose_seed":false,"campfire_upgraded":2,"win_rate":0.0,"timestamp":1607767962,"path_taken":["M","?","?","M","M","E","R","E","T","M","M","E","?","E","R","BOSS","M","M","$","?","M","E","?","R","T","?","?","M","?"],"items_purchased_type":["Relic","Relic"],"build_version":"2020-11-30","purchased_purges":0,"victory":false,"max_hp_per_floor":[75,75,75,75,75,75,75,75,75,75,75,75,75,75,75,75,75,75,75,75,75,75,75,75,75,75,75,75,75,75,75],"card_choices":[{"not_picked":["Bloodletting","Wild Strike"],"picked":"Armaments","floor":1},{"not_picked":["Twin Strike","Anger"],"picked":"Reckless Charge","floor":4},{"not_picked":["Iron Wave","Wild Strike"],"picked":"Infernal Blade","floor":5},{"not_picked":["Headbutt","Clothesline"],"picked":"Havoc","floor":6},{"not_picked":["Clash","Whirlwind"],"picked":"Armaments","floor":8},{"not_picked":["Searing Blow","Thunderclap"],"picked":"Shockwave","floor":10},{"not_picked":["Twin Strike","Heavy Blade"],"picked":"Evolve","floor":11},{"not_picked":["Cleave","Twin Strike"],"picked":"Offering","floor":12},{"not_picked":["Berserk","Flex"],"picked":"Havoc","floor":14},{"not_picked":["Corruption","Offering"],"picked":"Reaper","floor":16},{"not_picked":["Clothesline","Cleave+1"],"picked":"Shrug It Off","floor":18},{"not_picked":["Burning Pact","Headbutt"],"picked":"Evolve","floor":19},{"not_picked":["Warcry","Anger+1"],"picked":"Shrug It Off","floor":22},{"not_picked":["Havoc","Pommel Strike"],"picked":"Exhume","floor":23},{"not_picked":["Iron Wave+1","Armaments","Clash"],"picked":"SKIP","floor":28},{"not_picked":["Anger","Twin Strike"],"picked":"Dark Embrace+1","floor":29}],"player_experience":632902,"relics_obtained":[{"floor":6,"key":"Vajra"},{"floor":8,"key":"Matryoshka"},{"floor":9,"key":"Toy Ornithopter"},{"floor":9,"key":"Oddly Smooth Stone"},{"floor":12,"key":"Bottled Lightning"},{"floor":14,"key":"Mercury Hourglass"},{"floor":21,"key":"Enchiridion"},{"floor":23,"key":"Blue Candle"},{"floor":26,"key":"Potion Belt"},{"floor":26,"key":"Letter Opener"}],"event_choices":[{"damage_healed":0,"gold_gain":0,"player_choice":"Grow","damage_taken":0,"max_hp_gain":0,"max_hp_loss":0,"event_name":"Living Wall","floor":2,"gold_loss":0,"cards_upgraded":["Armaments"]},{"damage_healed":0,"gold_gain":75,"player_choice":"Gather Gold","damage_taken":11,"max_hp_gain":0,"max_hp_loss":0,"event_name":"World of Goop","floor":3,"gold_loss":0},{"damage_healed":0,"gold_gain":0,"player_choice":"Success","damage_taken":11,"relics_obtained":["Bag of Marbles"],"max_hp_gain":0,"max_hp_loss":0,"event_name":"Scrap Ooze","floor":13,"gold_loss":0},{"damage_healed":0,"gold_gain":0,"player_choice":"Obtained Book","damage_taken":21,"max_hp_gain":0,"max_hp_loss":0,"event_name":"Cursed Tome","floor":21,"gold_loss":0},{"damage_healed":0,"gold_gain":0,"player_choice":"Ignored","damage_taken":0,"max_hp_gain":0,"max_hp_loss":0,"event_name":"Beggar","floor":24,"gold_loss":0},{"damage_healed":0,"gold_gain":0,"player_choice":"Opened","damage_taken":0,"relics_obtained":["Kunai"],"max_hp_gain":0,"max_hp_loss":0,"event_name":"The Mausoleum","floor":27,"gold_loss":0,"cards_obtained":["Writhe"]},{"damage_healed":0,"gold_gain":0,"player_choice":"Fight","damage_taken":0,"max_hp_gain":0,"max_hp_loss":0,"event_name":"Colosseum","floor":30,"gold_loss":0}],"is_beta":false,"boss_relics":[{"not_picked":["SacredBark","Black Blood"],"picked":"Velvet Choker"}],"items_purged_floors":[],"is_endless":false,"potions_floor_spawned":[1,5,6,14,16,19,29],"killed_by":"Colosseum Slavers","ascension_level":16}}