{"host":"lzoxnxg22umz6vcf","time":1607782352,"event":{"mods":["AchievementEnabler","Bard","BaseMod","Better Altar","Better Match","Better Sensory Stone","Better Skull","Better Third Choice","Downfall","Hermit","Lobotomy","LobotomyExtend","Marked Mod","Minty Spire (QoL Compilation)","Railgun Mod","Replay The Spire","Spicy Shops","StSLib","The Animator","The Poker Player","TheArtist"],"gold_per_floor":[112,72,84,98,111,111,111],"floor_reached":6,"playtime":558,"items_purged":[],"score":38,"play_id":"1375608f-3984-4390-a11f-629547bfad1a","local_time":"20201212161232","is_ascension_mode":false,"campfire_choices":[],"circlet_count":0,"master_deck":["Strike_B","Strike_B","Strike_B","Strike_B","Defend_B","Defend_B","Defend_B","Defend_B","Zap","Dualcast","Scorched","ReplayTheSpireMod:Calculation Training","Static Discharge","VoidDream","Go for the Eyes","Streamline"],"relics":["Cracked Core","CogitoBucket","LetterFromLob"],"acts_visited":["Exordium"],"potions_floor_usage":[6,6],"damage_taken":[{"damage":3,"enemies":"Jaw Worm","floor":1,"turns":3},{"damage":1,"enemies":"Cultist","floor":3,"turns":3},{"damage":3,"enemies":"2 Louse","floor":4,"turns":3},{"damage":27,"enemies":"2 Fungi Beasts","floor":5,"turns":4},{"damage":47,"enemies":"Lagavulin","floor":6,"turns":3}],"seed_played":"-4400755157292215685","potions_obtained":[{"floor":2,"key":"Weak Potion"},{"floor":2,"key":"Doom Potion"},{"floor":2,"key":"hexamod:EctoCoolerPotion"}],"is_trial":false,"path_per_floor":["M","?","M","M","M","E"],"character_chosen":"DEFECT","items_purchased":[],"campfire_rested":0,"item_purchase_floors":[],"current_hp_per_floor":[72,72,71,68,41,0,0],"gold":111,"neow_bonus":"","is_daily":false,"chose_seed":false,"campfire_upgraded":0,"win_rate":0.0,"timestamp":1607782352,"path_taken":["M","?","M","?","?","E"],"items_purchased_type":[],"build_version":"2020-11-30","purchased_purges":0,"victory":false,"max_hp_per_floor":[75,75,75,75,75,75,75],"card_choices":[{"not_picked":["NakedNest","CherryBlossoms"],"picked":"Scorched","floor":1},{"not_picked":["Compile Driver","Self Repair"],"picked":"ReplayTheSpireMod:Calculation Training","floor":1},{"not_picked":["OldLady","CherryBlossoms","NakedNest"],"picked":"Singing Bowl","floor":3},{"not_picked":["ReplayTheSpireMod:Reroute Power","Coolheaded"],"picked":"Static Discharge","floor":3},{"not_picked":["ShyLook","OSAHOGD"],"picked":"VoidDream","floor":4},{"not_picked":["Coolheaded","Panic Button"],"picked":"Go for the Eyes","floor":4},{"not_picked":["Coolheaded","Leap"],"picked":"Streamline","floor":5}],"player_experience":41456,"relics_obtained":[{"floor":1,"key":"LetterFromLob"}],"event_choices":[{"damage_healed":0,"gold_gain":0,"player_choice":"Bought 3 Potions","damage_taken":0,"max_hp_gain":0,"max_hp_loss":0,"event_name":"The Woman in Blue","floor":2,"gold_loss":0}],"is_beta":false,"boss_relics":[],"items_purged_floors":[],"is_endless":false,"potions_floor_spawned":[5],"killed_by":"Lagavulin","ascension_level":0}}