{"host":"08umfpj02pt2ygc3","time":1607780736,"event":{"mods":["2.2 Compatiblity","BaseMod","DeckTracker","Highlight Path","Keyboard Shortcuts","Minty Spire (QoL Compilation)","Quick Restart","Random Character Button","StSLib","SuperFastMode","everything is the same but u backflip on backflip"],"gold_per_floor":[118,118,129,129,2,2,14,47,123,151,169,169,179,199,199,301,301,314,413,423,423,441,441,472,488,488,139,157,174,185,201,201,201,201],"floor_reached":33,"playtime":4419,"items_purged":["Pain","Writhe"],"score":536,"play_id":"e22f75d7-f514-4e50-80b6-8f8234947d34","local_time":"20201212224536","is_ascension_mode":true,"campfire_choices":[{"data":"Armaments","floor":6.0,"key":"SMITH"},{"data":"True Grit","floor":12.0,"key":"SMITH"},{"data":"Immolate","floor":15.0,"key":"SMITH"},{"floor":32,"key":"REST"}],"circlet_count":0,"master_deck":["Strike_R","Strike_R","Strike_R","Strike_R","Strike_R","Defend_R","Defend_R","Defend_R","Defend_R","Bash","Fiend Fire","True Grit+1","Armaments+1","Clash","Immolate+1","Clash","Juggernaut","CurseOfTheBell","Rage","Shrug It Off+1","Flex+1","Burning Pact","Sword Boomerang","Flex"],"relics":["Burning Blood","WarpedTongs","Lantern","Gambling Chip","Calling Bell","Calipers","Matryoshka","Bag of Marbles","Torii","Enchiridion","Smiling Mask","Tiny Chest","Magic Flower","Ancient Tea Set"],"acts_visited":["TheCity"],"potions_floor_usage":[24,25,28,29,33,33],"damage_taken":[{"damage":10.0,"enemies":"Small Slimes","floor":1.0,"turns":4.0},{"damage":3.0,"enemies":"Cultist","floor":3.0,"turns":3.0},{"damage":0.0,"enemies":"Jaw Worm","floor":7.0,"turns":3.0},{"damage":52.0,"enemies":"3 Sentries","floor":8.0,"turns":10.0},{"damage":10.0,"enemies":"Lagavulin","floor":10.0,"turns":7.0},{"damage":3.0,"enemies":"Blue Slaver","floor":11.0,"turns":2.0},{"damage":0.0,"enemies":"2 Fungi Beasts","floor":13.0,"turns":1.0},{"damage":0.0,"enemies":"Looter","floor":14.0,"turns":1.0},{"damage":25.0,"enemies":"Slime Boss","floor":16.0,"turns":7.0},{"damage":25.0,"enemies":"Shell Parasite","floor":18.0,"turns":4.0},{"damage":19.0,"enemies":"2 Thieves","floor":20.0,"turns":4.0},{"damage":8.0,"enemies":"Centurion and Healer","floor":22.0,"turns":6.0},{"damage":31,"enemies":"Slavers","floor":24,"turns":6},{"damage":11,"enemies":"Cultist and Chosen","floor":25,"turns":5},{"damage":0,"enemies":"Shelled Parasite and Fungi","floor":28,"turns":1},{"damage":0,"enemies":"3 Cultists","floor":29,"turns":1},{"damage":10,"enemies":"Snecko","floor":30,"turns":4},{"damage":1,"enemies":"Chosen and Byrds","floor":31,"turns":5},{"damage":68,"enemies":"Automaton","floor":33,"turns":6}],"seed_played":"-2953737887210131062","potions_obtained":[{"floor":8.0,"key":"Dexterity Potion"},{"floor":10.0,"key":"BloodPotion"},{"floor":16.0,"key":"PowerPotion"},{"floor":22.0,"key":"EssenceOfSteel"},{"floor":24,"key":"DistilledChaos"},{"floor":25,"key":"DuplicationPotion"},{"floor":29,"key":"Fire Potion"}],"is_trial":false,"path_per_floor":["M","?","M","?","$","R","M","E","T","E","M","R","M","M","R","B",null,"M","?","M","?","M","?","E","M","T","$","M","M","M","M","R","B"],"character_chosen":"IRONCLAD","items_purchased":["Armaments","Burning Pact","Ancient Tea Set","DistilledChaos"],"campfire_rested":1,"item_purchase_floors":[5,27,27,27],"current_hp_per_floor":[68,68,71,76,76,76,82,36,36,32,35,35,41,47,47,28,71,52,52,39,39,37,38,13,8,8,8,17,26,25,33,58,0,0],"gold":201,"neow_bonus":"ONE_RANDOM_RARE_CARD","is_daily":false,"chose_seed":false,"campfire_upgraded":3,"win_rate":0.0,"timestamp":1607780736,"path_taken":["M","?","?","?","$","R","M","E","T","E","M","R","M","M","R","BOSS","M","?","M","?","M","?","E","M","T","$","M","M","M","M","R","BOSS"],"items_purchased_type":["Card","Card","Relic","Potion"],"build_version":"2020-11-30","purchased_purges":2,"victory":false,"max_hp_per_floor":[80,80,80,85,85,85,85,85,85,85,85,85,85,85,85,85,85,85,85,85,85,85,85,85,85,85,85,85,85,85,85,85,85,85],"card_choices":[{"not_picked":["Twin Strike","Clash"],"picked":"True Grit","floor":1.0},{"not_picked":["Perfected Strike","Wild Strike","Iron Wave"],"picked":"SKIP","floor":3.0},{"not_picked":["Dropkick","Limit Break"],"picked":"Clash","floor":7.0},{"not_picked":["Warcry","Wild Strike"],"picked":"Immolate","floor":8.0},{"not_picked":["True Grit","Cleave","Warcry"],"picked":"SKIP","floor":10.0},{"not_picked":["Ghostly Armor","Iron Wave"],"picked":"Clash","floor":11.0},{"not_picked":["Heavy Blade","Headbutt","Thunderclap"],"picked":"SKIP","floor":13.0},{"not_picked":["Sword Boomerang","Thunderclap","True Grit"],"picked":"SKIP","floor":14.0},{"not_picked":["Impervious","Corruption"],"picked":"Juggernaut","floor":16.0},{"not_picked":["Clothesline+1","Warcry+1"],"picked":"Rage","floor":18.0},{"not_picked":["Carnage","Hemokinesis","Thunderclap"],"picked":"SKIP","floor":20.0},{"not_picked":["Carnage","Hemokinesis","Thunderclap"],"picked":"SKIP","floor":20.0},{"not_picked":["Heavy Blade","Reaper"],"picked":"Shrug It Off+1","floor":22.0},{"not_picked":["Sword Boomerang","Iron Wave"],"picked":"Flex+1","floor":24},{"not_picked":["Power Through","Clash","Carnage"],"picked":"SKIP","floor":25},{"not_picked":["Clothesline+1","Armaments","Perfected Strike"],"picked":"SKIP","floor":28},{"not_picked":["Anger","Warcry"],"picked":"Sword Boomerang","floor":29},{"not_picked":["Berserk","Iron Wave+1"],"picked":"Flex","floor":30},{"not_picked":["Clothesline","Cleave+1","Intimidate"],"picked":"SKIP","floor":31}],"player_experience":334258,"relics_obtained":[{"floor":8.0,"key":"Lantern"},{"floor":10.0,"key":"Gambling Chip"},{"floor":17.0,"key":"Calipers"},{"floor":17.0,"key":"Matryoshka"},{"floor":17.0,"key":"Bag of Marbles"},{"floor":23.0,"key":"Enchiridion"},{"floor":24,"key":"Smiling Mask"},{"floor":26,"key":"Tiny Chest"},{"floor":26,"key":"Magic Flower"}],"event_choices":[{"damage_healed":0.0,"max_hp_gain":0.0,"max_hp_loss":0.0,"gold_gain":0.0,"event_name":"Accursed Blacksmith","player_choice":"Rummage","floor":2.0,"gold_loss":0.0,"damage_taken":0.0,"relics_obtained":["WarpedTongs"],"cards_obtained":["Pain"]},{"damage_healed":0.0,"max_hp_gain":5.0,"max_hp_loss":0.0,"gold_gain":0.0,"event_name":"Big Fish","player_choice":"Donut","floor":4.0,"gold_loss":0.0,"damage_taken":0.0},{"damage_healed":0.0,"max_hp_gain":0.0,"max_hp_loss":0.0,"gold_gain":99.0,"event_name":"Nest","player_choice":"Stole From Cult","floor":19.0,"gold_loss":0.0,"damage_taken":0.0},{"damage_healed":0.0,"max_hp_gain":0.0,"max_hp_loss":0.0,"gold_gain":0.0,"event_name":"The Mausoleum","player_choice":"Opened","floor":21.0,"gold_loss":0.0,"damage_taken":0.0,"relics_obtained":["Torii"],"cards_obtained":["Writhe"]},{"damage_healed":0.0,"max_hp_gain":0.0,"max_hp_loss":0.0,"gold_gain":0.0,"event_name":"Cursed Tome","player_choice":"Obtained Book","floor":23.0,"gold_loss":0.0,"damage_taken":16.0}],"is_beta":false,"boss_relics":[{"not_picked":["Empty Cage","Ectoplasm"],"picked":"Calling Bell"}],"items_purged_floors":[5,27],"is_endless":false,"potions_floor_spawned":[8,10,16,22,24,25,29],"killed_by":"Automaton","ascension_level":8}}