{"host":"uxcj4mbfd6al3ksq","time":1607765534,"event":{"mods":["AchievementEnabler","Aspiration","Bard","BaseMod","Beaked The Cultist","Better Altar","Better Match","Better Note","Better Sensory Stone","Better Skull","Better Third Choice","BetterRewards","CCEM","Clawfect","Colored Map","Conspire","Downfall","GifTheSpireLib","Googly Eyes","Halation","Hermit","Highlight Path","Hubris","Hunter ??","Infinite Spire","Jedi Mod","Jorbs\u0027s Wanderer Trilogy","Mad Scientist","Marisa????????","Mimic Mod","Minty Spire (QoL Compilation)","Permanent Neow","Replay The Spire","Shade Mod","Shop Mod","Spicy Shops","StSLib","Stuff the Spire","The Administrix","The Blackbeard","The Bug Knight","The Construct","The Cursed","The Disciple","The Gatherer","The Hierophant","The IronCluck","The Jungle","The Mystic","The Necromancer","The Problem Sleuth","The Runesmith","The Servant 0.9.4","The Spell Scribe","The Witch","Unceasing Turn Reminder","[IsaacMod]????","everything is the same but u backflip on backflip","slay the spire mod where everything is the same but ironclad has a cowboy hat"],"gold_per_floor":[110,125,145,145,145,145,180,180,216,216,247,247,258,274,274,370,370,388,368,293,304,304,304,336,348,348,377,394,429,429,444,444,546,546,558,558,51,63,80,80,80],"floor_reached":40,"playtime":4876,"items_purged":["Pain"],"score":436,"play_id":"2749ad54-cfe4-4830-b00f-7e872c23b0f7","local_time":"20201212103214","is_ascension_mode":false,"campfire_choices":[{"data":"DoctorFetus","floor":6,"key":"SMITH"},{"data":"MadScienceMod:HideBehindJunk","floor":12,"key":"SMITH"},{"data":"MadScienceMod:OilDrum","floor":15,"key":"SMITH"},{"data":"MadScienceMod:Tinker","floor":23,"key":"SMITH"},{"floor":30,"key":"RECALL"},{"floor":32,"key":"REST"}],"circlet_count":0,"master_deck":["MadScienceMod:Strike_MadScience","MadScienceMod:Strike_MadScience","MadScienceMod:Strike_MadScience","MadScienceMod:Defend_MadScience","MadScienceMod:Defend_MadScience","MadScienceMod:Defend_MadScience","MadScienceMod:Defend_MadScience","MadScienceMod:PoweredStrike","MadScienceMod:HideBehindJunk+1","DoctorFetus+1","MadScienceMod:Sprocket","MadScienceMod:FragmentationGrenade","MadScienceMod:TimeDilationField","MadScienceMod:ShrinkRay","MadScienceMod:ImposingConstruct","MadScienceMod:AcidSpray","MadScienceMod:Detonate","MadScienceMod:OilDrum+1","MadScienceMod:Tinker+1","MadScienceMod:ExploreOptions+1","Terror","MadScienceMod:FlameCannon","Noxious Fumes+1","MadScienceMod:Sprocket+1","MadScienceMod:Tinker","MadScienceMod:ShrinkRay","Blur","MadScienceMod:FlexibleSpear+1"],"relics":["MadScienceMod:FuelTank","HushsDoor","aspiration:Nostalgia","StuffTheSpire:OccultApparatus","HowToJump","StuffTheSpire:HeavyRock","Strawberry","infinitespire:Lucky Rock","aspiration:SilentSkillbook","WarpedTongs","Replay:Baseball","D6","ReplayTheSpireMod:Shallot","Black Star","Omamori","Blue Doll","TheBean"],"acts_visited":["Exordium","Exordium","TheBeyond"],"potions_floor_usage":[11,18,21,24,24,33,33,39],"damage_taken":[{"damage":0,"enemies":"Small Slimes","floor":1,"turns":4},{"damage":0,"enemies":"Jaw Worm","floor":2,"turns":4},{"damage":0,"enemies":"conspire:RoseBush","floor":3,"turns":4},{"damage":9,"enemies":"HollowMod:MossKnight","floor":7,"turns":5},{"damage":0,"enemies":"Blue Slaver","floor":9,"turns":5},{"damage":24,"enemies":"Gremlin Nob","floor":11,"turns":4},{"damage":6,"enemies":"Blue Slaver","floor":13,"turns":4},{"damage":3,"enemies":"2 Fungi Beasts","floor":14,"turns":5},{"damage":5,"enemies":"Hexaghost","floor":16,"turns":9},{"damage":11,"enemies":"theJungle:MUSHROOMGANG","floor":18,"turns":4},{"damage":3,"enemies":"theJungle:Flameango_and_Byrd","floor":21,"turns":5},{"damage":14,"enemies":"theJungle:Cassacara","floor":24,"turns":8},{"damage":3,"enemies":"theJungle:Snecko_Cultist_And_Trap","floor":25,"turns":5},{"damage":3,"enemies":"theJungle:MamaSnecko","floor":27,"turns":6},{"damage":1,"enemies":"theJungle:JungleHuntersEncounter","floor":28,"turns":6},{"damage":6,"enemies":"theJungle:2_Flameangoes","floor":29,"turns":6},{"damage":15,"enemies":"theJungle:2_Flameangoes","floor":31,"turns":6},{"damage":23,"enemies":"theJungle:TotemBoss","floor":33,"turns":7},{"damage":0,"enemies":"Orb Walker","floor":35,"turns":5},{"damage":0,"enemies":"3 Darklings","floor":38,"turns":4},{"damage":37,"enemies":"Spire Growth","floor":39,"turns":7},{"damage":68,"enemies":"Giant Head","floor":40,"turns":10}],"seed_played":"-4073855015701046138","potions_obtained":[{"floor":3,"key":"Fire Potion"},{"floor":11,"key":"Explosive Potion"},{"floor":14,"key":"Doom Potion"},{"floor":16,"key":"construct:ShiftPotion"},{"floor":19,"key":"LiquidMemories"},{"floor":21,"key":"Adrenaline Potion"},{"floor":25,"key":"LiquidBronze"},{"floor":31,"key":"Energy Potion"},{"floor":38,"key":"Guardian:BlockOnCardUsePotion"}],"is_trial":false,"path_per_floor":["M","M","M","?","?","R","E","?","MIM","?","E","R","M","M","R","B",null,"M","?","?","M","?","R","E","M","T","E","M","MIM","R","M","R","B",null,"M","?","$","M","M","E"],"character_chosen":"MAD_SCIENTIST","items_purchased":["Omamori","Blue Doll","Blur","TheBean"],"campfire_rested":1,"item_purchase_floors":[37,37,37,37],"current_hp_per_floor":[75,75,75,75,75,75,66,66,73,73,49,49,43,40,40,35,82,71,71,71,68,68,68,54,51,51,48,47,41,41,26,50,27,82,82,82,82,82,45,0,0],"gold":80,"neow_bonus":"NOSTALGIA","is_daily":false,"chose_seed":false,"campfire_upgraded":4,"win_rate":0.0,"timestamp":1607765534,"path_taken":["M","M","M","?","?","R","E","?","MIM","?","E","R","?","?","R","BOSS","M","?","?","M","?","R","E","M","T","E","?","?","R","M","R","BOSS","M","?","?","M","?","E"],"items_purchased_type":["Relic","Relic","Card","Relic"],"build_version":"2020-11-30","purchased_purges":1,"victory":false,"max_hp_per_floor":[75,75,75,75,75,75,75,75,82,82,82,82,82,82,82,82,82,82,82,82,82,82,82,82,82,82,82,82,82,82,82,82,82,82,82,82,82,82,82,82,82],"card_choices":[{"not_picked":[],"picked":"DoctorFetus","floor":0},{"not_picked":["MadScienceMod:TimeDilationField","MadScienceMod:Probe"],"picked":"MadScienceMod:Sprocket","floor":1},{"not_picked":["MadScienceMod:Probe","MadScienceMod:GattlingGun"],"picked":"MadScienceMod:FragmentationGrenade","floor":2},{"not_picked":["MadScienceMod:CaptureMomentum","MadScienceMod:FragmentationGrenade"],"picked":"MadScienceMod:TimeDilationField","floor":3},{"not_picked":["MadScienceMod:FragmentationGrenade","MadScienceMod:AutoStrike"],"picked":"MadScienceMod:ShrinkRay","floor":7},{"not_picked":["MadScienceMod:Strafe","MadScienceMod:Virus"],"picked":"MadScienceMod:ImposingConstruct","floor":9},{"not_picked":["MadScienceMod:Weaponize","MadScienceMod:Postpone"],"picked":"MadScienceMod:AcidSpray","floor":11},{"not_picked":["MadScienceMod:FumeBlast","MadScienceMod:Strafe"],"picked":"MadScienceMod:Detonate","floor":13},{"not_picked":["MadScienceMod:ExtractOil","MadScienceMod:NowOrNever"],"picked":"MadScienceMod:OilDrum","floor":14},{"not_picked":["MadScienceMod:GlassCannon","MadScienceMod:Refine"],"picked":"MadScienceMod:Tinker","floor":16},{"not_picked":["MadScienceMod:FumeBlast","MadScienceMod:MindControlBeam","MadScienceMod:LightOnFire+1"],"picked":"MadScienceMod:ExploreOptions+1","floor":18},{"not_picked":["MadScienceMod:BoxOfScraps+1","Bouncing Flask+1","MadScienceMod:ExtractOil+1"],"picked":"Well Laid Plans+1","floor":20},{"not_picked":["StuffTheSpire:BumpUp","ReplayTheSpireMod:Exploit Weakness","MadScienceMod:AutoStrike"],"picked":"Terror","floor":21},{"not_picked":["MadScienceMod:TimeDilationField+1","StuffTheSpire:ClusterCrunch","MadScienceMod:JunkLaser"],"picked":"MadScienceMod:FlameCannon","floor":24},{"not_picked":["MadScienceMod:FlameCannon","All Out Attack","Skewer+1"],"picked":"Noxious Fumes+1","floor":25},{"not_picked":["MadScienceMod:Refuel","Poison Darts","MadScienceMod:BoxOfScraps+1"],"picked":"MadScienceMod:Sprocket+1","floor":27},{"not_picked":["MadScienceMod:JunkLaser","Hidden Blade","ReplayTheSpireMod:Shiv Toss+1","Prepared"],"picked":"SKIP","floor":28},{"not_picked":["MadScienceMod:AntimatterBomb","Expertise+1","MadScienceMod:FumeBlast","Dagger Throw"],"picked":"SKIP","floor":31},{"not_picked":["MadScienceMod:Booster","MadScienceMod:Mechanize","jedi:brewingpoison"],"picked":"MadScienceMod:Tinker","floor":33},{"not_picked":["MadScienceMod:Inflate+1","Sneak Up","MadScienceMod:Bombardment+1"],"picked":"MadScienceMod:ShrinkRay","floor":35},{"not_picked":["jedi:pocketpoison+1","StuffTheSpire:Python","MadScienceMod:ShrinkRay+1"],"picked":"MadScienceMod:FlexibleSpear+1","floor":38},{"not_picked":["Poisoned Stab+1","Noxious Fumes+1","MadScienceMod:Redesign+1","StuffTheSpire:Shiver+1"],"picked":"SKIP","floor":39}],"player_experience":190326,"relics_obtained":[{"floor":7,"key":"StuffTheSpire:HeavyRock"},{"floor":9,"key":"Strawberry"},{"floor":11,"key":"infinitespire:Lucky Rock"},{"floor":24,"key":"Replay:Baseball"},{"floor":27,"key":"D6"},{"floor":29,"key":"ReplayTheSpireMod:Shallot"}],"event_choices":[{"damage_healed":0,"gold_gain":0,"player_choice":"Bought 1 Potion","damage_taken":0,"max_hp_gain":0,"max_hp_loss":0,"event_name":"The Woman in Blue","floor":19,"gold_loss":0},{"damage_healed":0,"gold_gain":0,"player_choice":"2","damage_taken":0,"max_hp_gain":0,"max_hp_loss":0,"event_name":"betterMatch:BetterMatch","floor":20,"gold_loss":0,"cards_obtained":["betterMatch:UncommonCard"]},{"damage_healed":0,"gold_gain":0,"player_choice":"Rummage","damage_taken":0,"relics_obtained":["WarpedTongs"],"max_hp_gain":0,"max_hp_loss":0,"event_name":"Accursed Blacksmith","floor":22,"gold_loss":0,"cards_obtained":["Pain"]},{"cards_removed":["Well Laid Plans"],"damage_healed":0,"gold_gain":0,"player_choice":"Removed Power","damage_taken":0,"max_hp_gain":0,"max_hp_loss":0,"event_name":"Falling","floor":36,"gold_loss":0}],"is_beta":false,"boss_relics":[{"not_picked":["hubris:CrackedHourglass","CCEMRelics:TransientCore"],"picked":"aspiration:SilentSkillbook"},{"not_picked":[]},{"not_picked":["Velvet Choker","StuffTheSpire:Kangaroo"],"picked":"Black Star"},{"not_picked":[]}],"items_purged_floors":[37],"is_endless":false,"potions_floor_spawned":[3,11,14,16,21,25,31,38],"killed_by":"Giant Head","ascension_level":0}}