{"host":"9mnb7pbo3pfmmmyl","time":1607802976,"event":{"mods":["Aspiration","BaseMod","Highlight Path","Lobotomy","Minty Spire (QoL Compilation)","MostiFishMod","Shop Mod","StSLib","TestMod","¡¾ÒÅÎï¿¨ÅÆ¡¿REMEMod","óô»ðÖ¸ÄÏ"],"gold_per_floor":[113,38,49,49,67,107,107,146,146,182,196,146,146,166,166,285,285,301,401,422,437,235,278,278,318,318,318,318,318,351,364,364,487,487,501,522,545,328,351,394,394,429,497,497,537,550,588,607,60,60,60,60,60],"floor_reached":54,"playtime":1510,"items_purged":["Defend_P","Defend_P","Vigilance","Defend_P+1"],"score":1574,"play_id":"56ec566b-f057-4e37-8fc1-02efa7de0b3a","local_time":"20201213035616","is_ascension_mode":true,"campfire_choices":[{"floor":13.0,"key":"REST"},{"data":"MostiFishMod:RacingGame","floor":15.0,"key":"SMITH"},{"data":"Eruption","floor":24.0,"key":"SMITH"},{"data":"MostiFishMod:PerfectStrikeMKII","floor":28.0,"key":"SMITH"},{"data":"testmod-EternalityOfKhronos","floor":32.0,"key":"SMITH"},{"data":"Body Slam","floor":41.0,"key":"SMITH"},{"floor":44.0,"key":"RECALL"}],"circlet_count":0,"master_deck":["Strike_P+1","Strike_P+1","Strike_P+1","Strike_P+1","Eruption+1","MostiFishMod:PerfectStrikeMKII+1","MostiFishMod:RacingGame+1","Body Slam+1","testmod-EternalityOfKhronos+1","REME_ShadowStrike","Necronomicurse"],"relics":["PureWater","testmod-TestBox","DaveBox","REME_ComplimentaryCards","GuanYuAspect","testmod-Muramasa","CogitoBucket","RabbitCall","Question Card","PrismaticShard","Golden Idol","Bag of Preparation","FossilizedHelix","aspiration:FrozenJewel","BehaviorAdjustment","ImportantClient","HereWithMe","BackwardClock","MerchantsRug","Akabeko","Shuriken","White Beast Statue","Necronomicon","AspirationHeart","Dodecahedron","Nunchaku","Peace Pipe","PreservedInsect","InkBottle","The Courier","testmod-Justice","testmod-Fortitude","Boot","Oddly Smooth Stone"],"acts_visited":["Exordium","TheCity","TheBeyond"],"potions_floor_usage":[],"damage_taken":[{"damage":0.0,"enemies":"2 Louse","floor":1.0,"turns":2.0},{"damage":0.0,"enemies":"Jaw Worm","floor":3.0,"turns":2.0},{"damage":0.0,"enemies":"Small Slimes","floor":5.0,"turns":2.0},{"damage":0.0,"enemies":"3 Sentries","floor":6.0,"turns":5.0},{"damage":0.0,"enemies":"Gremlin Nob","floor":8.0,"turns":2.0},{"damage":0.0,"enemies":"Lagavulin","floor":10.0,"turns":2.0},{"damage":20.0,"enemies":"Red Slaver","floor":11.0,"turns":5.0},{"damage":0.0,"enemies":"3 Louse","floor":14.0,"turns":2.0},{"damage":0.0,"enemies":"Hexaghost","floor":16.0,"turns":2.0},{"damage":0.0,"enemies":"Shell Parasite","floor":18.0,"turns":2.0},{"damage":0.0,"enemies":"2 Thieves","floor":20.0,"turns":2.0},{"damage":0.0,"enemies":"Cultist and Chosen","floor":21.0,"turns":3.0},{"damage":2.0,"enemies":"Slavers","floor":23.0,"turns":3.0},{"damage":0.0,"enemies":"Book of Stabbing","floor":25.0,"turns":2.0},{"damage":0.0,"enemies":"Gremlin Leader","floor":30.0,"turns":1.0},{"damage":1.0,"enemies":"Sentry and Sphere","floor":31.0,"turns":2.0},{"damage":0.0,"enemies":"Collector","floor":33.0,"turns":1.0},{"damage":4.0,"enemies":"Orb Walker","floor":35.0,"turns":2.0},{"damage":0.0,"enemies":"3 Shapes","floor":36.0,"turns":2.0},{"damage":4.0,"enemies":"Transient","floor":37.0,"turns":4.0},{"damage":0.0,"enemies":"Writhing Mass","floor":39.0,"turns":1.0},{"damage":0.0,"enemies":"Reptomancer","floor":40.0,"turns":2.0},{"damage":1.0,"enemies":"Giant Head","floor":42.0,"turns":2.0},{"damage":0.0,"enemies":"Nemesis","floor":45.0,"turns":1.0},{"damage":5.0,"enemies":"4 Shapes","floor":46.0,"turns":2.0},{"damage":0.0,"enemies":"Giant Head","floor":47.0,"turns":1.0},{"damage":4.0,"enemies":"Sphere and 2 Shapes","floor":48.0,"turns":1.0},{"damage":3.0,"enemies":"FixerMidnight","floor":50.0,"turns":2.0},{"damage":1.0,"enemies":"Malkuth","floor":51.0,"turns":1.0},{"damage":1.0,"enemies":"Netzach","floor":51.0,"turns":1.0},{"damage":20.0,"enemies":"Geburah","floor":52.0,"turns":4.0},{"damage":2,"enemies":"Hokma","floor":54,"turns":1},{"damage":20,"enemies":"Angela","floor":54,"turns":2}],"seed_played":"3118626478354865160","potions_obtained":[{"floor":8.0,"key":"Dexterity Potion"},{"floor":10.0,"key":"testmod-SpacePotion"},{"floor":18.0,"key":"BottledMiracle"},{"floor":20.0,"key":"BottledMiracle"},{"floor":21.0,"key":"Dexterity Potion"},{"floor":35.0,"key":"FearPotion"},{"floor":36.0,"key":"FearPotion"},{"floor":37.0,"key":"Ambrosia"}],"is_trial":false,"path_per_floor":["M","$","M","?","M","E","?","E","T","E","M","?","R","M","R","B",null,"M","?","M","M","$","E","R","E","T","?","R","?","E","M","R","B",null,"M","M","M","$","M","E","R","E","T","R","E","M","E","M","R","B",null,null,null,null,null,null],"character_chosen":"WATCHER","items_purchased":["MerchantsRug","Dodecahedron","testmod-Fortitude","Boot","Oddly Smooth Stone"],"campfire_rested":1,"item_purchase_floors":[22,38,49,49,49],"current_hp_per_floor":[36,36,36,27,31,36,36,36,36,36,19,19,24,29,29,35,36,36,36,36,36,36,36,36,36,36,36,36,20,26,31,31,36,36,41,46,46,46,46,46,46,46,46,46,46,44,46,46,46,46,46,46,46],"gold":60,"neow_bonus":"","is_daily":false,"chose_seed":false,"campfire_upgraded":5,"win_rate":0.0,"timestamp":1607802976,"path_taken":["M","$","M","?","M","E","?","E","T","E","M","?","R","M","R","BOSS","M","?","M","?","$","E","R","E","T","?","R","?","E","M","R","BOSS","M","M","M","$","M","E","R","E","T","R","E","M","E","M","R","BOSS"],"items_purchased_type":["Relic","Relic","Relic","Relic","Relic"],"build_version":"2020-11-30","purchased_purges":4,"victory":true,"max_hp_per_floor":[36,36,36,36,36,36,36,36,36,36,36,36,36,36,36,36,36,36,36,36,36,36,36,36,36,36,36,36,36,36,36,36,36,36,46,46,46,46,46,46,46,46,46,46,46,46,46,46,46,46,46,46,46],"card_choices":[{"not_picked":["SashWhip","FlyingSleeves","Protect"],"picked":"SKIP","floor":1.0},{"not_picked":["Armaments","Go for the Eyes","Tough","PanicButton"],"picked":"SKIP","floor":3.0},{"not_picked":["PathToVictory","Warcry","Horn"],"picked":"MostiFishMod:RacingGame","floor":5.0},{"not_picked":["Tough","Corpse Explosion","Flying Knee","SomewhereSpear"],"picked":"SKIP","floor":6.0},{"not_picked":["ClearTheMind","Trip","Armaments","Dagger Throw"],"picked":"SKIP","floor":8.0},{"not_picked":["Mind Blast","FourthMatchFlame","Intimidate","Steam"],"picked":"SKIP","floor":10.0},{"not_picked":["RapturousDream","FearNoEvil","Heavy Blade"],"picked":"Body Slam","floor":11.0},{"not_picked":["EmptyBody","Skim","Barrage","Consume"],"picked":"SKIP","floor":14.0},{"not_picked":["MostiFishMod:DawningShadow","testmod-BloodShelter","Magnetism"],"picked":"testmod-EternalityOfKhronos","floor":16.0},{"not_picked":["Steam","Body Slam","Heavy Blade","SolemnVow"],"picked":"SKIP","floor":18.0},{"not_picked":["Havoc+1","Finisher","Horn","Rebound+1"],"picked":"SKIP","floor":20.0},{"not_picked":["Rainbow","REME_Repentance","FollowUp+1","Acrobatics+1"],"picked":"SKIP","floor":21.0},{"not_picked":["Shrug It Off+1","BowlingBash","ThirdEye","Dagger Throw"],"picked":"SKIP","floor":23.0},{"not_picked":["FollowUp","MagicBullet","Reverberation"],"picked":"REME_ShadowStrike","floor":25.0},{"not_picked":["Hologram+1","Blind","Tough","JustLucky+1"],"picked":"SKIP","floor":30.0},{"not_picked":["Cloak And Dagger+1","Shrug It Off","REME_MagicPocketWatch","Havoc"],"picked":"SKIP","floor":31.0},{"not_picked":["Stack+1","Halt","White Noise+1","Dash"],"picked":"SKIP","floor":35.0},{"not_picked":["Underhanded Strike","TodaysExpression","Noise+1","Endless Agony"],"picked":"SKIP","floor":36.0},{"not_picked":["Heatsinks","Hologram+1","Consecrate+1","Anger"],"picked":"SKIP","floor":37.0},{"not_picked":["Headbutt+1","Tough","DeceiveReality","Heaven+1"],"picked":"SKIP","floor":39.0},{"not_picked":["Flex+1","MostiFishMod:CullingBlade","Streamline","Sweeping Beam"],"picked":"SKIP","floor":40.0},{"not_picked":["Endless Agony+1","Mind Blast+1","Leap","Limit Break"],"picked":"SKIP","floor":42.0},{"not_picked":["Acrobatics+1","Deadly Poison+1","SomewhereSpear+1","Demon Form"],"picked":"SKIP","floor":45.0},{"not_picked":["MostiFishMod:PreservedThorns","Perfected Strike","Deadly Poison","Searing Blow"],"picked":"SKIP","floor":46.0},{"not_picked":["Deflect","CherryBlossom","Indignation+1","Cold Snap+1"],"picked":"SKIP","floor":47.0},{"not_picked":["Headbutt+1","Setup","Shrug It Off+1","Noise"],"picked":"SKIP","floor":48.0}],"player_experience":481965,"relics_obtained":[{"floor":1.0,"key":"Question Card"},{"floor":1.0,"key":"PrismaticShard"},{"floor":6.0,"key":"Bag of Preparation"},{"floor":8.0,"key":"FossilizedHelix"},{"floor":10.0,"key":"aspiration:FrozenJewel"},{"floor":16.0,"key":"ImportantClient"},{"floor":23.0,"key":"Akabeko"},{"floor":25.0,"key":"Shuriken"},{"floor":26.0,"key":"White Beast Statue"},{"floor":29.0,"key":"Necronomicon"},{"floor":30.0,"key":"Matryoshka"},{"floor":40.0,"key":"Nunchaku"},{"floor":42.0,"key":"Peace Pipe"},{"floor":43.0,"key":"PreservedInsect"},{"floor":43.0,"key":"InkBottle"},{"floor":45.0,"key":"The Courier"},{"floor":47.0,"key":"testmod-Justice"}],"event_choices":[{"damage_healed":0.0,"max_hp_gain":0.0,"max_hp_loss":0.0,"gold_gain":0.0,"event_name":"Golden Idol","player_choice":"Take Damage","floor":4.0,"gold_loss":0.0,"damage_taken":9.0,"relics_obtained":["Golden Idol"]},{"cards_removed":["Defend_P"],"damage_healed":0.0,"max_hp_gain":0.0,"max_hp_loss":0.0,"gold_gain":0.0,"event_name":"The Cleric","player_choice":"Card Removal","floor":12.0,"gold_loss":50.0,"damage_taken":0.0},{"damage_healed":0.0,"max_hp_gain":0.0,"max_hp_loss":0.0,"gold_gain":100.0,"event_name":"Golden Shrine","player_choice":"Pray","floor":19.0,"gold_loss":0.0,"damage_taken":0.0},{"damage_healed":0.0,"max_hp_gain":0.0,"max_hp_loss":0.0,"gold_gain":0.0,"event_name":"Back to Basics","player_choice":"Simplicity","floor":27.0,"gold_loss":0.0,"damage_taken":0.0,"cards_upgraded":["Strike_P","Strike_P","Strike_P","Strike_P","Defend_P"]},{"damage_healed":0.0,"max_hp_gain":0.0,"max_hp_loss":0.0,"gold_gain":0.0,"event_name":"Cursed Tome","player_choice":"Obtained Book","floor":29.0,"gold_loss":0.0,"damage_taken":16.0}],"is_beta":false,"boss_relics":[{"not_picked":["Ectoplasm","testmod-KeyOfTheVoid"],"picked":"HereWithMe"},{"not_picked":["EE1DDrone","NightmareShop","Pandora\u0027s Box"]}],"items_purged_floors":[2,22,38,49],"is_endless":false,"potions_floor_spawned":[8,10,18,20,21,25,30,31,33,35,36,37,39,40,42,45,46,47,48,51,51,52,54,54],"ascension_level":1}}