{"host":"us3h3uu81h0qiv17","time":1607742374,"event":{"mods":["AchievementEnabler","BaseMod","Colored Map","Colored Powertips","DeckTracker","Highlight Path","Keyboard Shortcuts","Minty Spire (QoL Compilation)","Quick Restart","Relic Stats","StSLib","SuperFastMode"],"gold_per_floor":[364,374,9,9,84,84,84,84],"floor_reached":7,"playtime":167,"items_purged":[],"score":51,"play_id":"f734727c-d287-483b-b74a-cfa4e5527bb5","local_time":"20201212120614","is_ascension_mode":true,"campfire_choices":[],"circlet_count":0,"master_deck":["Strike_G","Strike_G","Strike_G","Strike_G","Strike_G","Defend_G","Defend_G","Defend_G","Defend_G","Defend_G","Survivor","Neutralize","Cloak And Dagger","Sadistic Nature","Noxious Fumes"],"relics":["Ring of the Snake","Lantern","Shuriken"],"acts_visited":["Exordium"],"potions_floor_usage":[],"damage_taken":[{"damage":8,"enemies":"Jaw Worm","floor":1,"turns":7},{"damage":4,"enemies":"2 Louse","floor":2,"turns":3},{"damage":19,"enemies":"3 Sentries","floor":7,"turns":6}],"seed_played":"9176081178341563631","potions_obtained":[],"is_trial":false,"path_per_floor":["M","M","$","M","?","?","E"],"character_chosen":"THE_SILENT","items_purchased":["Sadistic Nature","Noxious Fumes","Lantern"],"campfire_rested":0,"item_purchase_floors":[3,3,3],"current_hp_per_floor":[37,33,33,33,22,19,0,0],"gold":84,"neow_bonus":"TWO_FIFTY_GOLD","is_daily":false,"chose_seed":false,"campfire_upgraded":0,"win_rate":0.0,"timestamp":1607742374,"path_taken":["M","M","$","M","?","?","E"],"items_purchased_type":["Card","Card","Relic"],"build_version":"2020-11-30","purchased_purges":0,"victory":false,"max_hp_per_floor":[70,70,70,70,70,70,70,70],"relic_stats":{"counters":[4,17],"Shuriken":[1],"obtain_stats":[{"Lantern":3,"Shuriken":6,"Ring of the Snake":0},{"Lantern":2,"Shuriken":3,"Ring of the Snake":0},{"Lantern":10,"Shuriken":11,"Ring of the Snake":0}],"Ring of the Snake":[8]},"card_choices":[{"not_picked":["Deadly Poison","Tactician"],"picked":"Cloak And Dagger","floor":1},{"not_picked":["Flechettes","Slice","Bane"],"picked":"SKIP","floor":2}],"player_experience":102647,"relics_obtained":[],"event_choices":[{"damage_healed":0,"gold_gain":75,"player_choice":"Gather Gold","damage_taken":11,"max_hp_gain":0,"max_hp_loss":0,"event_name":"World of Goop","floor":5,"gold_loss":0},{"damage_healed":0,"gold_gain":0,"player_choice":"Success","damage_taken":3,"relics_obtained":["Shuriken"],"max_hp_gain":0,"max_hp_loss":0,"event_name":"Scrap Ooze","floor":6,"gold_loss":0}],"is_beta":false,"boss_relics":[],"items_purged_floors":[],"is_endless":false,"potions_floor_spawned":[],"killed_by":"3 Sentries","ascension_level":6}}