{"host":"201alm3szw4w07u0","time":1607795481,"event":{"mods":["AchievementEnabler","BaseMod","Colored Map","Colored Powertips","Minty Spire (QoL Compilation)","Quick Restart","StSLib","SuperFastMode"],"gold_per_floor":[116,0,15,25,25,39,51,51,51,70,70,84,84,159,159,260,260,277,289,305,29,29,29],"floor_reached":22,"playtime":446,"items_purged":[],"score":180,"play_id":"d03b7b2f-7c4b-4c36-9e5d-4bc573ea9ca1","local_time":"20201213025121","is_ascension_mode":false,"campfire_choices":[{"data":"Inflame","floor":8.0,"key":"SMITH"},{"data":"Perfected Strike","floor":11.0,"key":"SMITH"},{"data":"Wild Strike","floor":15,"key":"SMITH"}],"circlet_count":0,"master_deck":["Strike_R","Strike_R","Strike_R","Strike_R","Strike_R","Defend_R","Defend_R","Defend_R","Defend_R","Bash+1","Wild Strike","Wild Strike+1","Inflame+1","Shrug It Off","Perfected Strike+1","Demon Form","Heavy Blade","Cleave","Battle Trance+1","Apotheosis"],"relics":["Burning Blood","Mercury Hourglass","Pantograph"],"acts_visited":["Exordium","TheCity"],"potions_floor_usage":[16,16,16,21],"damage_taken":[{"damage":11.0,"enemies":"Jaw Worm","floor":1.0,"turns":3.0},{"damage":0.0,"enemies":"Cultist","floor":3.0,"turns":2.0},{"damage":5.0,"enemies":"Small Slimes","floor":4.0,"turns":2.0},{"damage":12.0,"enemies":"2 Fungi Beasts","floor":6.0,"turns":2.0},{"damage":8.0,"enemies":"Lots of Slimes","floor":7.0,"turns":3.0},{"damage":17.0,"enemies":"Gremlin Gang","floor":10.0,"turns":3.0},{"damage":10.0,"enemies":"Looter","floor":12.0,"turns":2.0},{"damage":54,"enemies":"Hexaghost","floor":16,"turns":5},{"damage":21,"enemies":"Chosen","floor":18,"turns":5},{"damage":27,"enemies":"Shell Parasite","floor":19,"turns":5},{"damage":26,"enemies":"Cultist and Chosen","floor":20,"turns":5},{"damage":31,"enemies":"Sentry and Sphere","floor":22,"turns":3}],"seed_played":"-340072873506632853","potions_obtained":[{"floor":3.0,"key":"Dexterity Potion"},{"floor":7.0,"key":"LiquidMemories"},{"floor":10.0,"key":"EssenceOfSteel"},{"floor":18,"key":"FearPotion"}],"is_trial":false,"path_per_floor":["M","?","M","M","$","M","M","R","T","M","R","M","?","?","R","B",null,"M","M","M","$","M"],"character_chosen":"IRONCLAD","items_purchased":["Apotheosis","Fruit Juice"],"campfire_rested":0,"item_purchase_floors":[21,21],"current_hp_per_floor":[75,75,80,80,80,74,72,72,72,61,61,57,57,49,49,26,80,65,44,24,29,0,0],"gold":29,"neow_bonus":"UPGRADE_CARD","is_daily":false,"chose_seed":false,"campfire_upgraded":3,"win_rate":0.0,"timestamp":1607795481,"path_taken":["M","?","?","M","?","M","M","R","T","M","R","M","?","?","R","BOSS","M","M","?","$","?"],"items_purchased_type":["Card","Potion"],"build_version":"2020-11-30","purchased_purges":0,"victory":false,"max_hp_per_floor":[80,80,80,80,80,80,80,80,80,80,80,80,80,80,80,80,80,80,80,80,85,85,85],"card_choices":[{"not_picked":["Shrug It Off","Armaments"],"picked":"Wild Strike","floor":1.0},{"not_picked":["Shockwave","Flex"],"picked":"Wild Strike","floor":3.0},{"not_picked":["Feel No Pain","Flame Barrier"],"picked":"Inflame","floor":4.0},{"not_picked":["Havoc","Combust"],"picked":"Shrug It Off","floor":6.0},{"not_picked":["Pommel Strike","Brutality","Shrug It Off"],"picked":"SKIP","floor":7.0},{"not_picked":["Clash","Twin Strike"],"picked":"Perfected Strike","floor":10.0},{"not_picked":["Clothesline","Shrug It Off","Clash"],"picked":"SKIP","floor":12.0},{"not_picked":["Barricade","Brutality"],"picked":"Demon Form","floor":16},{"not_picked":["Shockwave","Warcry"],"picked":"Heavy Blade","floor":18},{"not_picked":["Sentinel","Anger"],"picked":"Cleave","floor":19},{"not_picked":["Cleave","Shockwave"],"picked":"Battle Trance+1","floor":20}],"player_experience":483973,"relics_obtained":[{"floor":9.0,"key":"Pantograph"}],"event_choices":[{"damage_healed":0.0,"max_hp_gain":0.0,"max_hp_loss":0.0,"gold_gain":0.0,"event_name":"WeMeetAgain","player_choice":"Paid Gold","floor":2.0,"gold_loss":116.0,"damage_taken":0.0,"relics_obtained":["Mercury Hourglass"]},{"damage_healed":0.0,"max_hp_gain":0.0,"max_hp_loss":0.0,"gold_gain":0.0,"event_name":"Liars Game","player_choice":"Ignored","floor":13.0,"gold_loss":0.0,"damage_taken":0.0},{"damage_healed":0,"gold_gain":75,"player_choice":"Touch","damage_taken":8,"max_hp_gain":0,"max_hp_loss":0,"event_name":"FaceTrader","floor":14,"gold_loss":0}],"is_beta":false,"boss_relics":[{"not_picked":["Runic Cube","Cursed Key","Fusion Hammer"]}],"items_purged_floors":[],"is_endless":false,"potions_floor_spawned":[3,7,10,12,18],"killed_by":"Sentry and Sphere","ascension_level":0}}