{"host":"5gc11emcm5chfr5t","time":1607808400,"event":{"mods":["2.2 Compatiblity","AchievementEnabler","BaseMod","Bestiary","Better Note","Colored Map","Colored Powertips","Googly Eyes","Minty Spire (QoL Compilation)","Rare Cards Sparkle","StSLib"],"gold_per_floor":[11,25,25,43,63,63,63,83,83,106,145,165,205,276,276,395,395,413,413,413,438,23,23,23,58,85,109,9,23,23,148,148,274,274,290,353,374,13,13,13,32,32,32,32,0,0,0,23,23,23,23,23,23,59,59],"floor_reached":56,"playtime":2219,"items_purged":["Regret","Bash"],"score":1350,"play_id":"5de53b55-3038-41e5-9ad9-91a1c3deacbd","local_time":"20201212162640","is_ascension_mode":false,"campfire_choices":[{"data":"Apotheosis","floor":6,"key":"SMITH"},{"floor":15,"key":"REST"},{"data":"1","floor":23,"key":"LIFT"},{"floor":30,"key":"DIG"},{"floor":32,"key":"REST"},{"floor":40,"key":"DIG"},{"floor":42,"key":"RECALL"},{"data":"2","floor":44,"key":"LIFT"},{"data":"3","floor":47,"key":"LIFT"},{"floor":49,"key":"DIG"},{"floor":52,"key":"DIG"}],"circlet_count":0,"master_deck":["Apotheosis+1","Pommel Strike","Ghostly Armor","Inflame","Heavy Blade","Limit Break","Spot Weakness","Seeing Red","Shrug It Off","Double Tap","Rage","Corruption","Wild Strike","Immolate","Spot Weakness","Headbutt","Headbutt","Power Through","Offering","Sever Soul","Intimidate+1","Seeing Red","Panache","Sentinel","Berserk","Fiend Fire","Seeing Red+1","Dark Embrace+1","Dark Shackles","Panache","Barricade"],"relics":["Burning Blood","Golden Idol","Torii","Girya","Dead Branch","Pantograph","Centennial Puzzle","Nloth\u0027s Gift","Bronze Scales","Shovel","Anchor","Incense Burner","Mummified Hand","Fusion Hammer","Mango","Lantern","Nunchaku","Bottled Tornado","Red Mask","Sundial","Mercury Hourglass","Art of War"],"acts_visited":["Exordium","TheCity","TheBeyond","TheEnding"],"potions_floor_usage":[11,12,14,14,16,27,31,31,31,31,36,36,41,50,55,55],"damage_taken":[{"damage":6,"enemies":"Small Slimes","floor":1,"turns":4},{"damage":0,"enemies":"2 Louse","floor":2,"turns":4},{"damage":1,"enemies":"Jaw Worm","floor":4,"turns":3},{"damage":7,"enemies":"Blue Slaver","floor":5,"turns":4},{"damage":2,"enemies":"2 Fungi Beasts","floor":8,"turns":4},{"damage":18,"enemies":"Red Slaver","floor":10,"turns":4},{"damage":17,"enemies":"3 Sentries","floor":11,"turns":6},{"damage":4,"enemies":"Gremlin Gang","floor":12,"turns":3},{"damage":23,"enemies":"Gremlin Nob","floor":13,"turns":4},{"damage":18,"enemies":"Gremlin Nob","floor":14,"turns":3},{"damage":48,"enemies":"Slime Boss","floor":16,"turns":9},{"damage":8,"enemies":"Spheric Guardian","floor":18,"turns":3},{"damage":7,"enemies":"Chosen","floor":21,"turns":3},{"damage":0,"enemies":"Slavers","floor":25,"turns":3},{"damage":7,"enemies":"Snake Plant","floor":27,"turns":2},{"damage":24,"enemies":"3 Cultists","floor":29,"turns":4},{"damage":6,"enemies":"Colosseum Slavers","floor":31,"turns":1},{"damage":0,"enemies":"Colosseum Nobs","floor":31,"turns":2},{"damage":13,"enemies":"Champ","floor":33,"turns":4},{"damage":9,"enemies":"3 Darklings","floor":35,"turns":4},{"damage":38,"enemies":"Mind Bloom Boss Battle","floor":36,"turns":3},{"damage":1,"enemies":"Orb Walker","floor":37,"turns":1},{"damage":1,"enemies":"3 Darklings","floor":41,"turns":3},{"damage":6,"enemies":"Jaw Worm Horde","floor":48,"turns":1},{"damage":9,"enemies":"Awakened One","floor":50,"turns":4},{"damage":3,"enemies":"Shield and Spear","floor":54,"turns":1},{"damage":10,"enemies":"The Heart","floor":55,"turns":4}],"seed_played":"8954325155234943220","potions_obtained":[{"floor":8,"key":"SneckoOil"},{"floor":10,"key":"Ancient Potion"},{"floor":12,"key":"ElixirPotion"},{"floor":13,"key":"DistilledChaos"},{"floor":14,"key":"Fire Potion"},{"floor":16,"key":"DuplicationPotion"},{"floor":21,"key":"Block Potion"},{"floor":25,"key":"EntropicBrew"},{"floor":33,"key":"BloodPotion"},{"floor":35,"key":"Swift Potion"},{"floor":41,"key":"Block Potion"},{"floor":54,"key":"DistilledChaos"}],"is_trial":false,"path_per_floor":["M","M","?","M","M","R","?","M","T","M","E","M","E","?","R","B",null,"M","?","?","M","$","R","?","E","T","M","$","M","R","?","R","B",null,"M","?","M","$","?","R","M","R","T","R","?","?","R","M","R","B",null,"R","$","E","B",null],"character_chosen":"IRONCLAD","items_purchased":["Bronze Scales","Panache","Lantern","Dark Shackles","ElixirPotion","Dexterity Potion"],"campfire_rested":2,"item_purchase_floors":[22,22,38,38,38,38],"current_hp_per_floor":[80,80,80,80,79,79,79,80,80,68,57,59,42,30,54,37,80,78,78,78,77,77,77,77,80,80,79,79,61,61,67,80,73,80,77,78,83,83,83,83,94,94,94,94,94,94,94,94,94,91,94,94,94,94,90],"gold":59,"neow_bonus":"RANDOM_COLORLESS_2","is_daily":false,"chose_seed":false,"campfire_upgraded":1,"win_rate":0.0,"timestamp":1607808400,"path_taken":["M","M","?","M","M","R","?","M","T","M","E","M","E","?","R","BOSS","M","?","?","M","$","R","?","E","T","?","?","M","R","?","R","BOSS","M","?","M","$","?","R","M","R","T","R","?","?","R","M","R","BOSS","R","$","E","BOSS"],"items_purchased_type":["Relic","Card","Relic","Card","Potion","Potion"],"build_version":"2020-11-30","purchased_purges":2,"victory":true,"max_hp_per_floor":[80,80,80,80,80,80,80,80,80,80,80,80,80,80,80,80,80,80,80,80,80,80,80,80,80,80,80,80,80,80,80,80,80,80,80,94,94,94,94,94,94,94,94,94,94,94,94,94,94,94,94,94,94,94,94],"card_choices":[{"not_picked":["Master of Strategy","Sadistic Nature"],"picked":"Apotheosis","floor":0},{"not_picked":["Heavy Blade","Body Slam"],"picked":"Pommel Strike","floor":1},{"not_picked":["True Grit","Clothesline"],"picked":"Ghostly Armor","floor":2},{"not_picked":["Burning Pact","Entrench"],"picked":"Inflame","floor":4},{"not_picked":["Dropkick","Shrug It Off"],"picked":"Heavy Blade","floor":5},{"not_picked":["Twin Strike","Thunderclap"],"picked":"Limit Break","floor":8},{"not_picked":["Heavy Blade","Whirlwind"],"picked":"Spot Weakness","floor":10},{"not_picked":["Dual Wield","Thunderclap"],"picked":"Seeing Red","floor":11},{"not_picked":["Wild Strike","Power Through"],"picked":"Shrug It Off","floor":12},{"not_picked":["Feel No Pain","Hemokinesis"],"picked":"Double Tap","floor":13},{"not_picked":["Shrug It Off","Combust"],"picked":"Rage","floor":14},{"not_picked":["Brutality","Impervious"],"picked":"Corruption","floor":16},{"not_picked":["Cleave","Clash+1"],"picked":"Intimidate+1","floor":18},{"not_picked":["Rage+1","Thunderclap","Offering"],"picked":"SKIP","floor":21},{"not_picked":["Flex","Blood for Blood","Clothesline"],"picked":"SKIP","floor":25},{"not_picked":["Second Wind+1","Wild Strike"],"picked":"Sentinel","floor":27},{"not_picked":["Pummel+1","Whirlwind+1","Pommel Strike+1"],"picked":"SKIP","floor":29},{"not_picked":["Headbutt","Uppercut+1"],"picked":"Berserk","floor":31},{"not_picked":["Demon Form","Barricade"],"picked":"Fiend Fire","floor":33},{"not_picked":["Blood for Blood+1","Sentinel"],"picked":"Seeing Red+1","floor":35},{"not_picked":["Shockwave+1","Thunderclap+1"],"picked":"Dark Embrace+1","floor":36},{"not_picked":["True Grit+1","Carnage+1","Dark Embrace+1"],"picked":"SKIP","floor":37},{"not_picked":["Dark Shackles","Good Instincts"],"picked":"Panache","floor":39},{"not_picked":["Armaments+1","Perfected Strike+1","Corruption"],"picked":"SKIP","floor":41},{"not_picked":["Flex+1","Wild Strike+1","Headbutt"],"picked":"SKIP","floor":48},{"not_picked":["Reaper","Pommel Strike"],"picked":"Barricade","floor":54}],"player_experience":325533,"relics_obtained":[{"floor":9,"key":"Girya"},{"floor":11,"key":"Dead Branch"},{"floor":13,"key":"Pantograph"},{"floor":14,"key":"Centennial Puzzle"},{"floor":25,"key":"Shovel"},{"floor":30,"key":"Anchor"},{"floor":31,"key":"Incense Burner"},{"floor":31,"key":"Mummified Hand"},{"floor":36,"key":"Mango"},{"floor":40,"key":"Nunchaku"},{"floor":43,"key":"Bottled Tornado"},{"floor":49,"key":"Sundial"},{"floor":52,"key":"Mercury Hourglass"},{"floor":54,"key":"Art of War"}],"event_choices":[{"damage_healed":0,"gold_gain":0,"player_choice":"Take Wound","damage_taken":0,"relics_obtained":["Golden Idol"],"max_hp_gain":0,"max_hp_loss":0,"event_name":"Golden Idol","floor":3,"gold_loss":0,"cards_obtained":["Injury"]},{"damage_healed":0,"gold_gain":0,"player_choice":"Box","damage_taken":0,"relics_obtained":["Torii"],"max_hp_gain":0,"max_hp_loss":0,"event_name":"Big Fish","floor":7,"gold_loss":0,"cards_obtained":["Regret"]},{"damage_healed":0,"gold_gain":0,"player_choice":"Searched \u00271\u0027 times","damage_taken":0,"max_hp_gain":0,"max_hp_loss":0,"event_name":"Dead Adventurer","floor":14,"gold_loss":0},{"damage_healed":0,"gold_gain":0,"player_choice":"Traded Relic","damage_taken":0,"relics_obtained":["Nloth\u0027s Gift"],"max_hp_gain":0,"max_hp_loss":0,"event_name":"N\u0027loth","floor":19,"relics_lost":["Pandora\u0027s Box"],"gold_loss":0},{"damage_healed":0,"gold_gain":0,"player_choice":"Copied","damage_taken":0,"max_hp_gain":0,"max_hp_loss":0,"event_name":"Duplicator","floor":20,"gold_loss":0,"cards_obtained":["Seeing Red"]},{"cards_removed":["Injury"],"damage_healed":0,"gold_gain":0,"player_choice":"Purged","damage_taken":0,"max_hp_gain":0,"max_hp_loss":0,"event_name":"Purifier","floor":24,"gold_loss":0},{"damage_healed":0,"gold_gain":0,"player_choice":"Fight","damage_taken":0,"max_hp_gain":0,"max_hp_loss":0,"event_name":"Colosseum","floor":31,"gold_loss":0},{"damage_healed":0,"gold_gain":0,"player_choice":"Fought Nobs","damage_taken":0,"max_hp_gain":0,"max_hp_loss":0,"event_name":"Colosseum","floor":31,"gold_loss":0},{"damage_healed":0,"gold_gain":0,"player_choice":"Fight","damage_taken":0,"max_hp_gain":0,"max_hp_loss":0,"event_name":"MindBloom","floor":36,"gold_loss":0},{"damage_healed":0,"gold_gain":0,"player_choice":"Memory 1","damage_taken":0,"max_hp_gain":0,"max_hp_loss":0,"event_name":"SensoryStone","floor":39,"gold_loss":0},{"damage_healed":0,"gold_gain":0,"player_choice":"Paid","damage_taken":0,"relics_obtained":["Red Mask"],"max_hp_gain":0,"max_hp_loss":0,"event_name":"Tomb of Lord Red Mask","floor":45,"gold_loss":32},{"cards_removed":["True Grit"],"damage_healed":0,"gold_gain":0,"player_choice":"Removed Skill","damage_taken":0,"max_hp_gain":0,"max_hp_loss":0,"event_name":"Falling","floor":46,"gold_loss":0}],"is_beta":false,"boss_relics":[{"not_picked":["Cursed Key","Astrolabe"],"picked":"Pandora\u0027s Box"},{"not_picked":["Tiny House","Empty Cage"],"picked":"Fusion Hammer"}],"items_purged_floors":[22,28],"is_endless":false,"potions_floor_spawned":[8,10,12,13,14,16,21,25,31,33,35,41,54],"ascension_level":0}}