{"host":"2hea6pl5vmah38iy","time":1607771522,"event":{"mods":["AchievementEnabler","BaseMod","Colored Map","DeckTracker","Keyboard Shortcuts","Minty Spire (QoL Compilation)","Rare Cards Sparkle","StSLib","SuperFastMode","everything is the same but u backflip on backflip"],"gold_per_floor":[112,32,50,68,68,68,96,96,96,106,131,35,35,50,50,121,121,133,144,154,253,272,300,300,317,343,368,388,64,164,177,177,251,251,266,266,321,321,337,337,352,15,38,65,83,83,108,120,120,120,120,120,35,69,69],"floor_reached":56,"playtime":6117,"items_purged":["Strike_R","Defend_R"],"score":1973,"play_id":"d064456f-4197-4e58-862f-062415400b10","local_time":"20201212201202","is_ascension_mode":true,"campfire_choices":[{"data":"Seeing Red","floor":6.0,"key":"SMITH"},{"floor":8.0,"key":"REST"},{"data":"Warcry","floor":13.0,"key":"SMITH"},{"data":"Strike_R","floor":15.0,"key":"PURGE"},{"data":"Strike_R","floor":24.0,"key":"PURGE"},{"data":"Strike_R","floor":32.0,"key":"PURGE"},{"floor":40.0,"key":"RECALL"},{"data":"Strike_R","floor":46.0,"key":"PURGE"},{"data":"Headbutt","floor":49.0,"key":"PURGE"},{"data":"Corruption","floor":52,"key":"SMITH"}],"circlet_count":0,"master_deck":["AscendersBane","Defend_R","Defend_R","Defend_R","Bash","Burning Pact","Seeing Red+1","Feel No Pain","Warcry+1","Shrug It Off","Battle Trance","Corruption+1","Entrench","Body Slam","Sentinel","Apotheosis","Impervious","Offering","Burning Pact","Bloodletting"],"relics":["SacredBark","Dead Branch","Peace Pipe","Letter Opener","Blood Vial","Runic Pyramid","Bronze Scales","Pen Nib","Omamori","Torii","Blue Candle","Busted Crown","Shovel","Bottled Tornado","Smiling Mask","Oddly Smooth Stone","Charon\u0027s Ashes","Bird Faced Urn"],"acts_visited":["Exordium","TheCity","TheBeyond","TheEnding"],"potions_floor_usage":[],"damage_taken":[{"damage":8.0,"enemies":"Small Slimes","floor":1.0,"turns":4.0},{"damage":6.0,"enemies":"Cultist","floor":3.0,"turns":3.0},{"damage":7.0,"enemies":"Jaw Worm","floor":4.0,"turns":3.0},{"damage":30.0,"enemies":"Lagavulin","floor":7.0,"turns":5.0},{"damage":14.0,"enemies":"Exordium Wildlife","floor":10.0,"turns":6.0},{"damage":19.0,"enemies":"Exordium Thugs","floor":14.0,"turns":6.0},{"damage":41.0,"enemies":"Slime Boss","floor":16.0,"turns":11.0},{"damage":33.0,"enemies":"2 Thieves","floor":18.0,"turns":3.0},{"damage":0.0,"enemies":"Spheric Guardian","floor":19.0,"turns":3.0},{"damage":5.0,"enemies":"Centurion and Healer","floor":20.0,"turns":4.0},{"damage":7.0,"enemies":"Chosen and Byrds","floor":22.0,"turns":5.0},{"damage":19.0,"enemies":"Slavers","floor":23.0,"turns":4.0},{"damage":0.0,"enemies":"3 Cultists","floor":25.0,"turns":2.0},{"damage":12.0,"enemies":"Gremlin Leader","floor":27.0,"turns":6.0},{"damage":9.0,"enemies":"Cultist and Chosen","floor":28.0,"turns":3.0},{"damage":6.0,"enemies":"Colosseum Slavers","floor":30.0,"turns":1.0},{"damage":0.0,"enemies":"Colosseum Nobs","floor":30.0,"turns":4.0},{"damage":1.0,"enemies":"Snake Plant","floor":31.0,"turns":1.0},{"damage":0.0,"enemies":"Automaton","floor":33.0,"turns":3.0},{"damage":0.0,"enemies":"3 Shapes","floor":35.0,"turns":2.0},{"damage":1.0,"enemies":"2 Orb Walkers","floor":37.0,"turns":2.0},{"damage":0.0,"enemies":"3 Darklings","floor":39.0,"turns":3.0},{"damage":0.0,"enemies":"Transient","floor":41.0,"turns":5.0},{"damage":6.0,"enemies":"Giant Head","floor":44.0,"turns":2.0},{"damage":6.0,"enemies":"Spire Growth","floor":45.0,"turns":2.0},{"damage":9.0,"enemies":"Mind Bloom Boss Battle","floor":47.0,"turns":4.0},{"damage":0.0,"enemies":"Writhing Mass","floor":48.0,"turns":3.0},{"damage":24.0,"enemies":"Time Eater","floor":50.0,"turns":4.0},{"damage":6,"enemies":"Shield and Spear","floor":54,"turns":2},{"damage":17,"enemies":"The Heart","floor":55,"turns":3}],"seed_played":"-5132140809196608300","potions_obtained":[{"floor":7.0,"key":"FearPotion"},{"floor":10.0,"key":"Swift Potion"},{"floor":14.0,"key":"BloodPotion"},{"floor":19.0,"key":"SpeedPotion"},{"floor":23.0,"key":"BloodPotion"},{"floor":28.0,"key":"DuplicationPotion"},{"floor":31.0,"key":"AttackPotion"},{"floor":37.0,"key":"EssenceOfSteel"}],"is_trial":false,"path_per_floor":["M","?","M","M","?","R","E","R","T","M","T","$","R","M","R","B",null,"M","M","M","?","M","E","R","M","T","E","M","$","?","M","R","B",null,"M","?","?","T","M","R","M","$","T","E","M","R","?","M","R","B",null,"R","$","E","B",null],"character_chosen":"IRONCLAD","items_purchased":["Warcry","Shrug It Off","Sentinel","Apotheosis","Bottled Tornado","Offering","Bloodletting"],"campfire_rested":1,"item_purchase_floors":[12,12,29,29,42,42,53],"current_hp_per_floor":[64,64,58,51,51,51,21,45,45,31,31,31,31,14,14,7,62,31,33,30,30,25,8,8,10,10,32,25,25,23,24,24,26,67,69,69,70,70,72,72,74,74,74,70,66,66,59,61,61,39,70,70,70,66,65],"gold":69,"neow_bonus":"BOSS_RELIC","is_daily":false,"chose_seed":false,"campfire_upgraded":3,"win_rate":0.0,"timestamp":1607771522,"path_taken":["M","?","M","?","?","R","E","R","T","M","?","?","R","M","R","BOSS","M","M","M","?","M","E","R","M","T","E","M","$","?","M","R","BOSS","M","?","?","?","M","R","M","$","T","E","M","R","?","M","R","BOSS","R","$","E","BOSS"],"items_purchased_type":["Card","Card","Card","Card","Relic","Card","Card"],"build_version":"2020-11-30","purchased_purges":2,"victory":true,"max_hp_per_floor":[80,80,80,80,80,80,80,80,80,80,80,80,80,80,80,80,80,80,80,80,80,80,80,80,80,80,80,80,80,80,80,80,80,80,80,80,80,80,80,80,80,80,80,80,80,80,80,80,80,80,80,80,80,80,80],"card_choices":[{"not_picked":["Flex","Pummel"],"picked":"Headbutt","floor":1.0},{"not_picked":["Intimidate","Rupture"],"picked":"Burning Pact","floor":3.0},{"not_picked":["Fire Breathing","Cleave"],"picked":"Seeing Red","floor":4.0},{"not_picked":["Wild Strike","Havoc"],"picked":"Feel No Pain","floor":7.0},{"not_picked":["Perfected Strike","Clash"],"picked":"Heavy Blade","floor":10.0},{"not_picked":["Twin Strike","Wild Strike"],"picked":"Battle Trance","floor":14.0},{"not_picked":["Fiend Fire","Exhume"],"picked":"Corruption","floor":16.0},{"not_picked":["Intimidate","Searing Blow","Havoc"],"picked":"SKIP","floor":18.0},{"not_picked":["Reckless Charge","Sword Boomerang","Clothesline+1"],"picked":"SKIP","floor":19.0},{"not_picked":["Flame Barrier","Rupture","Thunderclap"],"picked":"SKIP","floor":20.0},{"not_picked":["Heavy Blade","Shrug It Off","Battle Trance"],"picked":"SKIP","floor":22.0},{"not_picked":["Perfected Strike+1","Pummel"],"picked":"Entrench","floor":23.0},{"not_picked":["Shrug It Off+1","Heavy Blade","Warcry"],"picked":"SKIP","floor":25.0},{"not_picked":["Armaments","Uppercut"],"picked":"Body Slam","floor":27.0},{"not_picked":["Uppercut","Feed","Evolve"],"picked":"SKIP","floor":28.0},{"not_picked":["Clothesline","Metallicize","Reckless Charge"],"picked":"SKIP","floor":31.0},{"not_picked":["Feed","Double Tap"],"picked":"Impervious","floor":33.0},{"not_picked":["Blood for Blood"],"picked":"SKIP","floor":35.0},{"not_picked":["Evolve"],"picked":"SKIP","floor":39.0},{"not_picked":["Evolve"],"picked":"SKIP","floor":39.0},{"not_picked":["Pommel Strike"],"picked":"SKIP","floor":41.0},{"not_picked":[],"picked":"Burning Pact","floor":44.0},{"not_picked":["Sword Boomerang"],"picked":"SKIP","floor":45.0},{"not_picked":["Warcry+1"],"picked":"SKIP","floor":48.0},{"not_picked":["Sword Boomerang"],"picked":"SKIP","floor":54}],"player_experience":395426,"relics_obtained":[{"floor":7.0,"key":"Peace Pipe"},{"floor":9.0,"key":"Letter Opener"},{"floor":11.0,"key":"Blood Vial"},{"floor":23.0,"key":"Bronze Scales"},{"floor":26.0,"key":"Pen Nib"},{"floor":27.0,"key":"Omamori"},{"floor":30.0,"key":"Torii"},{"floor":30.0,"key":"Blue Candle"},{"floor":37.0,"key":"Shovel"},{"floor":43.0,"key":"Smiling Mask"},{"floor":44.0,"key":"Oddly Smooth Stone"},{"floor":47.0,"key":"Charon\u0027s Ashes"},{"floor":54,"key":"Bird Faced Urn"}],"event_choices":[{"damage_healed":0.0,"max_hp_gain":0.0,"max_hp_loss":0.0,"gold_gain":0.0,"event_name":"WeMeetAgain","player_choice":"Paid Gold","floor":2.0,"gold_loss":80.0,"damage_taken":0.0,"relics_obtained":["Dead Branch"]},{"damage_healed":0.0,"max_hp_gain":0.0,"max_hp_loss":0.0,"gold_gain":0.0,"event_name":"Liars Game","player_choice":"Ignored","floor":5.0,"gold_loss":0.0,"damage_taken":0.0},{"damage_healed":0.0,"max_hp_gain":0.0,"max_hp_loss":0.0,"gold_gain":99.0,"event_name":"Nest","player_choice":"Stole From Cult","floor":21.0,"gold_loss":0.0,"damage_taken":0.0},{"damage_healed":0.0,"max_hp_gain":0.0,"max_hp_loss":0.0,"gold_gain":0.0,"event_name":"Colosseum","player_choice":"Fight","floor":30.0,"gold_loss":0.0,"damage_taken":0.0},{"damage_healed":0.0,"max_hp_gain":0.0,"max_hp_loss":0.0,"gold_gain":0.0,"event_name":"Colosseum","player_choice":"Fought Nobs","floor":30.0,"gold_loss":0.0,"damage_taken":0.0},{"cards_removed":["Heavy Blade"],"damage_healed":0.0,"max_hp_gain":0.0,"max_hp_loss":0.0,"gold_gain":0.0,"event_name":"Falling","player_choice":"Removed Attack","floor":36.0,"gold_loss":0.0,"damage_taken":0.0},{"damage_healed":0.0,"max_hp_gain":0.0,"max_hp_loss":0.0,"gold_gain":0.0,"event_name":"Mysterious Sphere","player_choice":"Fight","floor":37.0,"gold_loss":0.0,"damage_taken":0.0},{"damage_healed":0.0,"max_hp_gain":0.0,"max_hp_loss":0.0,"gold_gain":0.0,"event_name":"MindBloom","player_choice":"Fight","floor":47.0,"gold_loss":0.0,"damage_taken":0.0}],"is_beta":false,"boss_relics":[{"not_picked":["Pandora\u0027s Box","Coffee Dripper"],"picked":"Runic Pyramid"},{"not_picked":["Velvet Choker","Tiny House"],"picked":"Busted Crown"}],"items_purged_floors":[29,53],"is_endless":false,"potions_floor_spawned":[7,10,14,19,23,28,30,31,37,48],"ascension_level":13}}