{"host":"lck2g1j0kcwr02ez","time":1607751956,"event":{"mods":["Act Like it!","BaseMod","KinomotoSakuraMod(Ä¾Ö®±¾Ó£)","Marked Mod","Minty Spire (QoL Compilation)","Prisma Mod","Rare Cards Sparkle","StSLib","The Bug Knight"],"gold_per_floor":[115,115,5757,5770,4903,4903,4903,4919,4919,4128,4128,4140,4152,4171,4171,4271,4271,4285,3465,3480,2712,2712,2712,2712,2712],"floor_reached":24,"playtime":1446,"items_purged":["HollowMod:NailStrikeStart","HollowMod:NailStrikeStart","HollowMod:NailStrikeStart","HollowMod:QuickDashStart","HollowMod:QuickDashStart"],"score":248,"play_id":"d88ea3ee-a18a-48b0-8fbc-730638adc21b","local_time":"20201212134556","is_ascension_mode":true,"campfire_choices":[{"data":"HollowMod:PogoStrike","floor":7,"key":"SMITH"},{"data":"HollowMod:MantisMark","floor":15,"key":"SMITH"},{"data":"HollowMod:SlysStrikes","floor":23,"key":"SMITH"}],"circlet_count":0,"master_deck":["HollowMod:QuickDashStart","HollowMod:FocusHealStart","HollowMod:PogoStrike+1","HollowMod:ShadowDash","HollowMod:SiblingsSouls","HollowMod:SoulSplash","Madness","HollowMod:HuntersJournal","HollowMod:GrimmsGift","HollowMod:FastStrike","HollowMod:MantisMark+1","HollowMod:SlysStrikes+1","Madness","HollowMod:CycloneSlash","HollowMod:DesolateDive"],"relics":["HollowMod:VesselMask","NeowsBlessing","Toy Ornithopter","Peace Pipe","ClockworkSouvenir","Anchor","Torii","TheAbacus","Singing Bowl","Art of War","Toolbox","Potion Belt","Busted Crown","PreservedInsect","Nunchaku","Lee\u0027s Waffle","HollowMod:StagPassRelic","Sling","MealTicket"],"acts_visited":["Exordium","TheCity"],"potions_floor_usage":[12,16,20],"damage_taken":[{"damage":0,"enemies":"Small Slimes","floor":1,"turns":1},{"damage":0,"enemies":"Jaw Worm","floor":4,"turns":1},{"damage":0,"enemies":"Cultist","floor":8,"turns":1},{"damage":1,"enemies":"Large Slime","floor":12,"turns":7},{"damage":0,"enemies":"3 Louse","floor":13,"turns":2},{"damage":1,"enemies":"Exordium Wildlife","floor":14,"turns":2},{"damage":41,"enemies":"Hexaghost","floor":16,"turns":10},{"damage":0,"enemies":"Chosen","floor":18,"turns":5},{"damage":2,"enemies":"3 Byrds","floor":20,"turns":5},{"damage":0,"enemies":"Slavers","floor":24,"turns":1}],"seed_played":"4289413341468907118","potions_obtained":[{"floor":12,"key":"LiquidBronze"},{"floor":14,"key":"Regen Potion"}],"is_trial":false,"path_per_floor":["M","?","$","M","$","?","R","M","T","$","?","M","M","M","R","B",null,"M","$","M","$","?","R","E"],"character_chosen":"THE_BUGKNIGHT","items_purchased":["CultistPotion","Toy Ornithopter","Peace Pipe","ClockworkSouvenir","HollowMod:SiblingsSouls","HollowMod:SoulSplash","DistilledChaos","Ancient Potion","Anchor","Torii","TheAbacus","Madness","HollowMod:HuntersJournal","Singing Bowl","Art of War","Toolbox","HollowMod:FastStrike","HollowMod:MantisMark","PreservedInsect","Nunchaku","Lee\u0027s Waffle","Swift Potion","FairyPotion","Madness","HollowMod:StagPassRelic","Sling","MealTicket","HollowMod:CycloneSlash"],"campfire_rested":0,"item_purchase_floors":[3,3,3,3,3,3,3,3,5,5,5,5,5,10,10,10,10,10,19,19,19,19,19,19,21,21,21,21],"current_hp_per_floor":[75,75,75,75,75,75,75,75,75,75,75,76,78,79,79,49,81,83,90,90,90,90,90,90,90],"gold":2712,"neow_bonus":"THREE_ENEMY_KILL","is_daily":false,"chose_seed":false,"campfire_upgraded":3,"win_rate":0.0,"timestamp":1607751956,"path_taken":["M","?","?","?","$","?","R","M","T","$","?","M","M","M","R","BOSS","M","$","M","$","?","R","E"],"items_purchased_type":["Potion","Relic","Relic","Relic","Card","Card","Potion","Potion","Relic","Relic","Relic","Card","Card","Relic","Relic","Relic","Card","Card","Relic","Relic","Relic","Potion","Potion","Card","Relic","Relic","Relic","Card"],"build_version":"2020-11-30","purchased_purges":5,"victory":false,"max_hp_per_floor":[75,75,75,75,75,75,75,75,75,75,75,77,79,81,81,81,81,83,90,92,92,92,92,92,92],"card_choices":[{"not_picked":["HollowMod:HeavyBlow","HollowMod:SoulVessel","HollowMod:SoulStrike"],"picked":"SKIP","floor":1},{"not_picked":["HollowMod:CornifersMapStart","HollowMod:SiblingsSouls","HollowMod:SiblingsShadow"],"picked":"SKIP","floor":4},{"not_picked":["HollowMod:RadiancesLament","HollowMod:HowlingWraiths"],"picked":"HollowMod:GrimmsGift","floor":8},{"not_picked":["HollowMod:NewLittleFool","HollowMod:ChannelNail","HollowMod:ShadowDash"],"picked":"Singing Bowl","floor":12},{"not_picked":["HollowMod:SharpenedNail","HollowMod:FastStrike","HollowMod:SoulShaman"],"picked":"Singing Bowl","floor":13},{"not_picked":["HollowMod:LifebloodCocoon","HollowMod:CornifersMapStart","HollowMod:WraithStrike"],"picked":"Singing Bowl","floor":14},{"not_picked":["HollowMod:ZotesMagnificence","HollowMod:Weaversong"],"picked":"HollowMod:SlysStrikes","floor":16},{"not_picked":["HollowMod:InfectedCysts"],"picked":"Singing Bowl","floor":18},{"not_picked":["HollowMod:ChannelNail"],"picked":"Singing Bowl","floor":20}],"player_experience":207869,"relics_obtained":[],"event_choices":[{"damage_healed":0,"gold_gain":0,"cards_transformed":["HollowMod:QuickDashStart"],"player_choice":"Change","damage_taken":0,"max_hp_gain":0,"max_hp_loss":0,"event_name":"Living Wall","floor":2,"gold_loss":0,"cards_obtained":["HollowMod:ShadowDash"]},{"damage_healed":0,"gold_gain":0,"player_choice":"Searched \u00271\u0027 times","damage_taken":0,"relics_obtained":["Potion Belt"],"max_hp_gain":0,"max_hp_loss":0,"event_name":"Dead Adventurer","floor":11,"gold_loss":0},{"damage_healed":0,"gold_gain":0,"player_choice":"Read","damage_taken":0,"max_hp_gain":0,"max_hp_loss":0,"event_name":"The Library","floor":22,"gold_loss":0,"cards_obtained":["HollowMod:DesolateDive"]}],"is_beta":false,"boss_relics":[{"not_picked":["Pandora\u0027s Box","Velvet Choker"],"picked":"Busted Crown"}],"items_purged_floors":[3,5,10,19,21],"is_endless":false,"potions_floor_spawned":[4,12,14],"killed_by":"Slavers","ascension_level":4}}