{"host":"mkv3lj8gfkr85ioo","time":1607780205,"event":{"mods":["AchievementEnabler","BaseMod","Colored Map","Minty Spire (QoL Compilation)","SuperFastMode"],"gold_per_floor":[111,36,36,36,36,67,87,136,136,171,43,118,118,141,141,231,231,191,191,91,91,91,91,91,91,91,91,91,91,91],"floor_reached":29,"playtime":684,"items_purged":["Defend_R","Strike_R"],"score":507,"play_id":"746bfe80-ea96-407d-af9e-468ef14df650","local_time":"20201212223645","is_ascension_mode":true,"campfire_choices":[{"floor":15.0,"key":"REST"},{"floor":23.0,"key":"REST"},{"data":"Hemokinesis","floor":25,"key":"SMITH"}],"circlet_count":0,"master_deck":["AscendersBane","Strike_R","Defend_R+1","Defend_R+1","Bash","Shrug It Off","Iron Wave","Evolve","Hemokinesis+1","Disarm","Wild Strike","Dropkick","Immolate","Flex+1"],"relics":["Burning Blood","NeowsBlessing","Mummified Hand","Nunchaku","Darkstone Periapt","War Paint","Bloody Idol","Ectoplasm","Shovel","Akabeko"],"acts_visited":["Exordium","TheCity"],"potions_floor_usage":[],"damage_taken":[{"damage":0.0,"enemies":"2 Louse","floor":1.0,"turns":1.0},{"damage":0.0,"enemies":"Gremlin Nob","floor":6.0,"turns":1.0},{"damage":0.0,"enemies":"Jaw Worm","floor":7.0,"turns":1.0},{"damage":13.0,"enemies":"3 Sentries","floor":10.0,"turns":12.0},{"damage":2.0,"enemies":"Small Slimes","floor":14.0,"turns":2.0},{"damage":32.0,"enemies":"The Guardian","floor":16.0,"turns":12.0},{"damage":11.0,"enemies":"2 Thieves","floor":18.0,"turns":3.0},{"damage":33.0,"enemies":"Spheric Guardian","floor":19.0,"turns":5.0},{"damage":24.0,"enemies":"Centurion and Healer","floor":21.0,"turns":5.0},{"damage":13.0,"enemies":"3 Cultists","floor":22.0,"turns":4.0},{"damage":37.0,"enemies":"Book of Stabbing","floor":24.0,"turns":4.0},{"damage":34,"enemies":"Snecko","floor":29,"turns":4}],"seed_played":"-2261281247389696334","potions_obtained":[{"floor":7.0,"key":"Fire Potion"},{"floor":14.0,"key":"Explosive Potion"},{"floor":16.0,"key":"FearPotion"},{"floor":19.0,"key":"FairyPotion"},{"floor":24.0,"key":"EssenceOfSteel"}],"is_trial":false,"path_per_floor":["M","?","?","?","?","E","M","T","T","E","$","?","?","M","R","B",null,"M","M","$","M","M","R","E","R","T","?","$","M"],"character_chosen":"IRONCLAD","items_purchased":["Wild Strike"],"campfire_rested":2,"item_purchase_floors":[11],"current_hp_per_floor":[74,74,67,67,67,73,75,75,75,68,68,57,31,35,57,31,64,59,32,32,14,7,29,28,28,28,28,28,0,0],"gold":91,"neow_bonus":"THREE_ENEMY_KILL","is_daily":false,"chose_seed":false,"campfire_upgraded":1,"win_rate":0.0,"timestamp":1607780205,"path_taken":["M","?","?","?","?","E","?","?","T","E","$","?","?","M","R","BOSS","M","M","$","M","M","R","E","R","T","?","$","M"],"items_purchased_type":["Card"],"build_version":"2020-11-30","purchased_purges":2,"victory":false,"max_hp_per_floor":[75,75,75,75,75,75,75,75,75,75,75,75,75,75,75,75,75,75,75,75,75,75,75,75,75,75,75,75,75,75],"card_choices":[{"not_picked":["Perfected Strike","Pommel Strike"],"picked":"Shrug It Off","floor":1.0},{"not_picked":["Inflame","Headbutt"],"picked":"Evolve","floor":6.0},{"not_picked":["True Grit","Dual Wield"],"picked":"Hemokinesis","floor":7.0},{"not_picked":["Iron Wave","Entrench"],"picked":"Disarm","floor":10.0},{"not_picked":["Bloodletting","Sword Boomerang"],"picked":"Dropkick","floor":14.0},{"not_picked":["Brutality","Berserk"],"picked":"Immolate","floor":16.0},{"not_picked":["Shrug It Off","Anger","True Grit"],"picked":"SKIP","floor":18.0},{"not_picked":["Feel No Pain","Sever Soul","Combust+1"],"picked":"SKIP","floor":19.0},{"not_picked":["Shrug It Off","Bloodletting","Disarm"],"picked":"SKIP","floor":21.0},{"not_picked":["Clash","Sword Boomerang"],"picked":"Flex+1","floor":22.0},{"not_picked":["Body Slam","Clothesline","Sword Boomerang"],"picked":"SKIP","floor":24.0}],"player_experience":133766,"relics_obtained":[{"floor":6.0,"key":"Mummified Hand"},{"floor":8.0,"key":"Nunchaku"},{"floor":9.0,"key":"Darkstone Periapt"},{"floor":10.0,"key":"War Paint"},{"floor":24.0,"key":"Shovel"},{"floor":26,"key":"Akabeko"}],"event_choices":[{"cards_removed":["Strike_R"],"damage_healed":0.0,"max_hp_gain":0.0,"max_hp_loss":0.0,"gold_gain":0.0,"event_name":"The Cleric","player_choice":"Card Removal","floor":2.0,"gold_loss":75.0,"damage_taken":0.0},{"cards_removed":["Strike_R"],"damage_healed":0.0,"max_hp_gain":0.0,"max_hp_loss":0.0,"gold_gain":0.0,"event_name":"Golden Wing","player_choice":"Card Removal","floor":3.0,"gold_loss":0.0,"damage_taken":7.0},{"damage_healed":0.0,"max_hp_gain":0.0,"max_hp_loss":0.0,"gold_gain":0.0,"cards_transformed":["Strike_R"],"event_name":"Living Wall","player_choice":"Change","floor":4.0,"gold_loss":0.0,"damage_taken":0.0,"cards_obtained":["Iron Wave"]},{"cards_removed":["Defend_R"],"damage_healed":0.0,"max_hp_gain":0.0,"max_hp_loss":0.0,"gold_gain":0.0,"event_name":"Purifier","player_choice":"Purged","floor":5.0,"gold_loss":0.0,"damage_taken":0.0},{"damage_healed":0.0,"max_hp_gain":0.0,"max_hp_loss":0.0,"gold_gain":75.0,"event_name":"World of Goop","player_choice":"Gather Gold","floor":12.0,"gold_loss":0.0,"damage_taken":11.0},{"damage_healed":0.0,"max_hp_gain":0.0,"max_hp_loss":0.0,"gold_gain":0.0,"event_name":"Golden Idol","player_choice":"Take Damage","floor":13.0,"gold_loss":0.0,"damage_taken":26.0,"relics_obtained":["Golden Idol"]},{"damage_healed":0,"gold_gain":0,"player_choice":"Gave Idol","damage_taken":0,"relics_obtained":["Bloody Idol"],"max_hp_gain":0,"max_hp_loss":0,"event_name":"Forgotten Altar","floor":27,"relics_lost":["Golden Idol"],"gold_loss":0}],"is_beta":false,"boss_relics":[{"not_picked":["Philosopher\u0027s Stone","Runic Dome"],"picked":"Ectoplasm"}],"items_purged_floors":[11,20],"is_endless":false,"potions_floor_spawned":[7,14,16,19,22,24],"killed_by":"Snecko","ascension_level":17}}