{"host":"kntpungskobv1jqb","time":1607785520,"event":{"mods":["BaseMod","Minty Spire (QoL Compilation)","Replay The Spire","StSLib","SuperFastMode"],"gold_per_floor":[119,27,27,27,37,37,37,37,61,118,149,149,149,175,175,249,249,265,280,361,286,306,340,340,360,360,360,360,391,391,424,424,424,424],"floor_reached":33,"playtime":713,"items_purged":["ReplayTheSpireMod:Splinters"],"score":759,"play_id":"ca9334f5-379b-4225-995b-1b773616b3d3","local_time":"20201212230520","is_ascension_mode":true,"campfire_choices":[{"data":"Cleave","floor":6,"key":"SMITH"},{"data":"Flex","floor":8,"key":"SMITH"},{"data":"Immolate","floor":12,"key":"SMITH"},{"data":"Offering","floor":15,"key":"SMITH"},{"data":"Double Tap","floor":24,"key":"SMITH"},{"floor":27,"key":"REST"},{"data":"Ghostly","floor":32,"key":"SMITH"}],"circlet_count":0,"master_deck":["AscendersBane","Strike_R","Strike_R","Strike_R","Strike_R+1","Defend_R","Defend_R","Defend_R","Defend_R","Bash+1","Heavy Blade","Twin Strike","Flex+1","Enlightenment","Cleave+1","Immolate+1","Offering+1","Double Tap+1","Uppercut","Flex","ReplayTheSpireMod:Muscle Training","Replay:Undeath\u0027s Touch","Pommel Strike","Hemogenesis","ReplayTheSpireMod:LeadingStrike","Pommel Strike","Ghostly+1","Ghostly","Ghostly","Ghostly","Ghostly","Replay:Undeath\u0027s Touch+1"],"relics":["Burning Blood","NeowsBlessing","Matryoshka","Shuriken","Whetstone","Bag of Preparation","Durian","ChewingGum","Juzu Bracelet","Strawberry","Orichalcum","Bird Faced Urn","Replay:Mystery Machine"],"acts_visited":["Exordium","TheCity"],"potions_floor_usage":[33,33],"damage_taken":[{"damage":0,"enemies":"Cultist","floor":1,"turns":1},{"damage":0,"enemies":"Small Slimes","floor":5,"turns":1},{"damage":0,"enemies":"Lagavulin","floor":11,"turns":1},{"damage":16,"enemies":"Gremlin Nob","floor":14,"turns":3},{"damage":6,"enemies":"Slime Boss","floor":16,"turns":5},{"damage":6,"enemies":"3 Byrds","floor":18,"turns":2},{"damage":3,"enemies":"Chosen","floor":19,"turns":2},{"damage":22,"enemies":"Centurion and Healer","floor":22,"turns":3},{"damage":23,"enemies":"Replay:Snechameleon","floor":23,"turns":3},{"damage":6,"enemies":"Sentry and Sphere","floor":25,"turns":1},{"damage":7,"enemies":"Gremlin Leader","floor":29,"turns":3},{"damage":6,"enemies":"Slavers","floor":31,"turns":1},{"damage":44,"enemies":"Automaton","floor":33,"turns":8}],"seed_played":"-8654828367280224639","potions_obtained":[{"floor":14,"key":"Toxic Potion"},{"floor":18,"key":"Elixir"},{"floor":20,"key":"Ancient Potion"},{"floor":20,"key":"LifebloodPotion"},{"floor":20,"key":"ColorlessPotion"},{"floor":29,"key":"Fire Potion"}],"is_trial":false,"path_per_floor":["M","$","T","?","M","R","$","R","T","?","E","R","?","E","R","B",null,"M","M","?","$","M","E","R","M","T","R","?","E","?","E","R","B"],"character_chosen":"IRONCLAD","items_purchased":["Twin Strike","Flex"],"campfire_rested":1,"item_purchase_floors":[2,2],"current_hp_per_floor":[74,74,74,74,75,75,75,75,75,75,75,75,75,70,70,70,78,78,80,80,80,64,54,54,54,54,80,80,79,43,43,43,0,0],"gold":424,"neow_bonus":"THREE_ENEMY_KILL","is_daily":false,"chose_seed":false,"campfire_upgraded":6,"win_rate":0.0,"timestamp":1607785520,"path_taken":["M","$","?","?","?","R","?","R","T","?","E","R","?","E","R","BOSS","M","M","?","$","M","E","R","M","T","R","?","E","?","E","R","BOSS"],"items_purchased_type":["Card","Card"],"build_version":"2020-11-30","purchased_purges":1,"victory":false,"max_hp_per_floor":[75,75,75,75,75,75,75,75,75,75,75,75,75,80,80,80,80,80,80,80,80,80,87,87,87,87,87,87,87,43,43,43,43,43],"card_choices":[{"not_picked":["Sword Boomerang","Shrug It Off"],"picked":"Heavy Blade","floor":1},{"not_picked":["Shrug It Off","Armaments"],"picked":"Cleave","floor":5},{"not_picked":["Sentinel","Shrug It Off"],"picked":"Immolate","floor":11},{"not_picked":["Searing Blow","Dual Wield"],"picked":"Offering","floor":14},{"not_picked":["Replay:Many Hands","Juggernaut"],"picked":"Double Tap","floor":16},{"not_picked":["Entrench","Feel No Pain"],"picked":"Uppercut","floor":18},{"not_picked":["Cleave+1","Rampage"],"picked":"Flex","floor":19},{"not_picked":["Thunderclap","Shrug It Off"],"picked":"ReplayTheSpireMod:Muscle Training","floor":20},{"not_picked":["Sword Boomerang","Clothesline+1"],"picked":"Replay:Undeath\u0027s Touch","floor":20},{"not_picked":["True Grit+1","Rampage"],"picked":"Pommel Strike","floor":22},{"not_picked":["Havoc","Demonic Infusion"],"picked":"Hemogenesis","floor":23},{"not_picked":["ReplayReversal","Burning Pact"],"picked":"ReplayTheSpireMod:LeadingStrike","floor":25},{"not_picked":["Wild Strike+1","Havoc"],"picked":"Pommel Strike","floor":29},{"not_picked":["Clothesline","Headbutt"],"picked":"Replay:Undeath\u0027s Touch+1","floor":31}],"player_experience":451851,"relics_obtained":[{"floor":3,"key":"Matryoshka"},{"floor":9,"key":"Shuriken"},{"floor":9,"key":"Whetstone"},{"floor":11,"key":"Bag of Preparation"},{"floor":14,"key":"Durian"},{"floor":20,"key":"Juzu Bracelet"},{"floor":23,"key":"Strawberry"},{"floor":26,"key":"Orichalcum"},{"floor":29,"key":"Bird Faced Urn"},{"floor":31,"key":"Replay:Mystery Machine"}],"event_choices":[{"damage_healed":0,"gold_gain":0,"player_choice":"1 cards matched","damage_taken":0,"max_hp_gain":0,"max_hp_loss":0,"event_name":"Match and Keep!","floor":4,"gold_loss":0,"cards_obtained":["Enlightenment"]},{"damage_healed":0,"gold_gain":57,"player_choice":"Gained Gold","damage_taken":0,"max_hp_gain":0,"max_hp_loss":0,"event_name":"Golden Wing","floor":10,"gold_loss":0},{"cards_removed":["Strike_R"],"damage_healed":0,"gold_gain":0,"player_choice":"Offered Basic","damage_taken":0,"max_hp_gain":0,"max_hp_loss":0,"event_name":"Bonfire Elementals","floor":13,"gold_loss":0},{"damage_healed":0,"gold_gain":0,"player_choice":"Ignored","damage_taken":0,"max_hp_gain":0,"max_hp_loss":0,"event_name":"Vampires","floor":28,"gold_loss":0},{"damage_healed":0,"gold_gain":0,"player_choice":"Became a Ghost","damage_taken":0,"max_hp_gain":0,"max_hp_loss":44,"event_name":"Ghosts","floor":30,"gold_loss":0,"cards_obtained":["Ghostly","Ghostly","Ghostly","Ghostly","Ghostly"]}],"is_beta":false,"boss_relics":[{"not_picked":["Replay:Bronze Core","Snecko Eye"],"picked":"ChewingGum"}],"items_purged_floors":[21],"is_endless":false,"potions_floor_spawned":[14,18,25,29,31],"killed_by":"Automaton","ascension_level":14}}