{"host":"fbqvzfq8f1yzoo4u","time":1607794800,"event":{"mods":["BaseMod","Minty Spire (QoL Compilation)","Replay The Spire","StSLib"],"gold_per_floor":[363,28,46,46,61,61,61,73,141,156,236,253,280,300,300,377,377,390,363,363,102,121,121,121,121],"floor_reached":24,"playtime":949,"items_purged":["Spreading Infection"],"score":400,"play_id":"4a6a46b3-5447-426a-9a69-ce6f739c2fee","local_time":"20201213014000","is_ascension_mode":true,"campfire_choices":[{"data":"Zap","floor":6.0,"key":"SMITH"},{"floor":15.0,"key":"REST"},{"floor":23,"key":"REST"}],"circlet_count":0,"master_deck":["AscendersBane","Defend_B","Defend_B","Defend_B","Defend_B","Dualcast","Beam Cell","Double Energy","Panic Button","Darkness","Leap","Streamline","Buffer","Amnesia","Aggregate","Capacitor","White Noise","Deep Breath"],"relics":["Cracked Core","Tiny Chest","Happy Flower","Divine Protection","Matryoshka","Replay:Rubber Ducky","Kintsugi"],"acts_visited":["Exordium","TheCity"],"potions_floor_usage":[22,22],"damage_taken":[{"damage":2.0,"enemies":"Jaw Worm","floor":1.0,"turns":3.0},{"damage":1.0,"enemies":"Cultist","floor":3.0,"turns":4.0},{"damage":0.0,"enemies":"Small Slimes","floor":5.0,"turns":2.0},{"damage":9.0,"enemies":"Red Slaver","floor":8.0,"turns":3.0},{"damage":0.0,"enemies":"3 Louse","floor":10.0,"turns":4.0},{"damage":1.0,"enemies":"Large Slime","floor":12.0,"turns":6.0},{"damage":27.0,"enemies":"3 Sentries","floor":13.0,"turns":8.0},{"damage":0.0,"enemies":"Blue Slaver","floor":14.0,"turns":4.0},{"damage":32.0,"enemies":"Hexaghost","floor":16.0,"turns":8.0},{"damage":26.0,"enemies":"Shell Parasite","floor":18.0,"turns":7.0},{"damage":11.0,"enemies":"2 Thieves","floor":19.0,"turns":4.0},{"damage":14,"enemies":"Centurion and Healer","floor":22,"turns":4},{"damage":31,"enemies":"3 Cultists","floor":24,"turns":4}],"seed_played":"8367697566487052827","potions_obtained":[{"floor":1.0,"key":"Strength Potion"},{"floor":5.0,"key":"Strength Potion"},{"floor":10.0,"key":"Block Potion"},{"floor":14.0,"key":"SkillPotion"},{"floor":18.0,"key":"LiquidMemories"},{"floor":19.0,"key":"PowerPotion"},{"floor":20.0,"key":"EssenceOfDarkness"}],"is_trial":false,"path_per_floor":["M","$","M","?","M","R","$","M","T","M","T","M","E","M","R","B",null,"M","M","?","$","M","R","M"],"character_chosen":"DEFECT","items_purchased":["Tiny Chest","Happy Flower","White Noise","Deep Breath"],"campfire_rested":2,"item_purchase_floors":[2,2,21,21],"current_hp_per_floor":[44,44,43,71,71,71,71,62,62,62,62,61,34,34,55,23,59,33,22,22,22,8,29,0,0],"gold":121,"neow_bonus":"TWO_FIFTY_GOLD","is_daily":false,"chose_seed":false,"campfire_upgraded":1,"win_rate":0.0,"timestamp":1607794800,"path_taken":["M","$","M","?","?","R","?","M","T","M","?","?","E","M","R","BOSS","M","M","?","$","?","R","M"],"items_purchased_type":["Relic","Relic","Card","Card"],"build_version":"2020-11-30","purchased_purges":1,"victory":false,"max_hp_per_floor":[71,71,71,71,71,71,71,71,71,71,71,71,71,71,71,71,71,71,71,71,71,71,71,71,71],"card_choices":[{"not_picked":["Heatsinks","Coolheaded"],"picked":"Beam Cell","floor":1.0},{"not_picked":["Barrage","Hologram"],"picked":"Double Energy","floor":3.0},{"not_picked":["Compile Driver","Turbo"],"picked":"Panic Button","floor":5.0},{"not_picked":["Streamline","Cold Snap"],"picked":"Darkness","floor":8.0},{"not_picked":["Steam Power","Cold Snap","Chaos"],"picked":"SKIP","floor":10.0},{"not_picked":["ReplayGash","Chaos","Gash"],"picked":"SKIP","floor":12.0},{"not_picked":["Steam","Amplify"],"picked":"Leap","floor":13.0},{"not_picked":["Turbo","Go for the Eyes"],"picked":"Streamline","floor":14.0},{"not_picked":["ReplayRNGCard","Echo Form"],"picked":"Buffer","floor":16.0},{"not_picked":["Coolheaded+1","ReplayTheSpireMod:Calculation Training"],"picked":"Aggregate","floor":18.0},{"not_picked":["Ball Lightning","Reprogram"],"picked":"Capacitor","floor":19.0},{"not_picked":["Streamline","Barrage","Compile Driver"],"picked":"SKIP","floor":22}],"player_experience":573898,"relics_obtained":[{"floor":9.0,"key":"Divine Protection"},{"floor":11.0,"key":"Matryoshka"},{"floor":13.0,"key":"Replay:Rubber Ducky"}],"event_choices":[{"damage_healed":28.0,"max_hp_gain":0.0,"max_hp_loss":0.0,"gold_gain":0.0,"event_name":"Wheel of Change","player_choice":"Full Heal","floor":4.0,"gold_loss":0.0,"damage_taken":0.0},{"damage_healed":0.0,"max_hp_gain":0.0,"max_hp_loss":0.0,"gold_gain":0.0,"event_name":"Lab","player_choice":"Got Potions","floor":20.0,"gold_loss":0.0,"damage_taken":0.0}],"is_beta":false,"boss_relics":[{"not_picked":["Nuclear Battery","Abe\u0027s Treasure"],"picked":"Kintsugi"}],"items_purged_floors":[21],"is_endless":false,"potions_floor_spawned":[1,5,10,14,18,19],"killed_by":"3 Cultists","ascension_level":20}}