{"host":"ye7dkdlypz0ka1od","time":1607804083,"event":{"mods":["Act Like it!","Aspiration","BaseMod","Gensokyo","Hallownest","Hermit","Infinite Spire","Minty Spire (QoL Compilation)","Replay The Spire","StSLib","The Bug Knight","The Forsaken"],"gold_per_floor":[109,109,123,48,48,48,1,27,27,47,67,67,67,67,67,162,162,177,177,190,105,105,105,125,154,222,241,316,256,256,181,181,283,283,303,303,318,335,345,345,378,388,414,464,464,464,564,628,628,628],"floor_reached":51,"playtime":2001,"items_purged":["Strike_R","Strike_R","Immolate"],"score":831,"play_id":"442f898a-abdd-4856-9f20-b6bde545c79e","local_time":"20201212151443","is_ascension_mode":false,"campfire_choices":[{"data":"Entrench","floor":6,"key":"SMITH"},{"data":"Pommel Strike","floor":12,"key":"SMITH"},{"data":"Twin Strike","floor":15,"key":"SMITH"},{"data":"Whirlwind","floor":23,"key":"SMITH"},{"data":"Replay:BasicMightCard","floor":30,"key":"SMITH"},{"data":"Heavy Blade","floor":32,"key":"SMITH"},{"data":"Hemogenesis","floor":40,"key":"SMITH"},{"data":"Inflame","floor":46,"key":"SMITH"},{"data":"Iron Wave","floor":49,"key":"SMITH"}],"circlet_count":0,"master_deck":["Defend_R","Defend_R","Defend_R","Defend_R","Bash+1","Replay:BasicMightCard+1","Pommel Strike+1","Entrench+1","Heavy Blade+1","Twin Strike+1","Thunderclap","Inflame+1","infinitespire:Gouge","Whirlwind+1","ReplayReversal+1","Hemogenesis+1","infinitespire:TheBestDefense+1","True Grit+1","Flex+1","Limit Break+1","Armaments+1","Iron Wave+1"],"relics":["Burning Blood","Juzu Bracelet","Odd Mushroom","aspiration:HummingbirdHeart","Ooze Armor","MealTicket","Mark of Pain","Toxic Egg 2","Singing Bowl","Calipers","infinitespire:BottledMercury","Replay:Bronze Core","Eternal Feather","Happy Flower","Anchor","Bottled Flame"],"acts_visited":["Exordium","TheCity","TheBeyond"],"potions_floor_usage":[25,38,44,50],"damage_taken":[{"damage":1,"enemies":"2 Louse","floor":1,"turns":3},{"damage":6,"enemies":"Cultist","floor":3,"turns":3},{"damage":33,"enemies":"The Mushroom Lair","floor":8,"turns":8},{"damage":10,"enemies":"infinitespire:Voidling","floor":10,"turns":3},{"damage":2,"enemies":"Blue Slaver","floor":11,"turns":3},{"damage":17,"enemies":"Slime Boss","floor":16,"turns":9},{"damage":0,"enemies":"Chosen","floor":18,"turns":3},{"damage":1,"enemies":"Cultist and Chosen","floor":20,"turns":4},{"damage":3,"enemies":"Sentry and Sphere","floor":24,"turns":3},{"damage":8,"enemies":"Replay:Snechameleon","floor":25,"turns":4},{"damage":0,"enemies":"Snake Plant","floor":27,"turns":4},{"damage":27,"enemies":"Champ","floor":33,"turns":9},{"damage":0,"enemies":"3 Darklings","floor":35,"turns":3},{"damage":7,"enemies":"3 Shapes","floor":37,"turns":7},{"damage":4,"enemies":"Maw","floor":38,"turns":6},{"damage":0,"enemies":"Sphere and 2 Shapes","floor":39,"turns":1},{"damage":60,"enemies":"Giant Head","floor":41,"turns":9},{"damage":3,"enemies":"4 Shapes","floor":42,"turns":7},{"damage":1,"enemies":"2 Orb Walkers","floor":44,"turns":3},{"damage":52,"enemies":"Donu and Deca","floor":50,"turns":10}],"seed_played":"9079222547953317057","potions_obtained":[{"floor":1,"key":"AttackPotion"},{"floor":11,"key":"Dexterity Potion"},{"floor":24,"key":"SkillPotion"},{"floor":33,"key":"Elixir"},{"floor":37,"key":"Swift Potion"},{"floor":41,"key":"Dexterity Potion"},{"floor":48,"key":"AttackPotion"}],"is_trial":false,"path_per_floor":["M","?","M","$","?","R","$","?","T","M","M","R","?","?","R","B",null,"M","AVR","M","?","T","R","M","E","T","M","?","?","R","?","R","B",null,"M","AVR","M","M","M","R","E","M","T","?","?","R","?","?","R","B",null],"character_chosen":"IRONCLAD","items_purchased":["Heavy Blade"],"campfire_rested":0,"item_purchase_floors":[7],"current_hp_per_floor":[80,80,80,80,80,80,80,53,53,53,57,57,57,57,57,46,80,80,80,80,80,80,80,82,82,82,84,76,76,76,76,76,55,84,86,86,85,86,86,86,32,45,45,60,60,72,72,72,84,38],"gold":628,"neow_bonus":"RANDOM_COLORLESS","is_daily":false,"chose_seed":false,"campfire_upgraded":9,"win_rate":0.0,"timestamp":1607804083,"path_taken":["M","?","M","?","?","R","$","?","T","M","M","R","?","?","R","BOSS","M","AVR","M","?","?","R","M","E","T","M","?","?","R","?","R","BOSS","M","AVR","M","M","M","R","E","M","T","?","?","R","?","?","R","BOSS"],"items_purchased_type":["Card"],"build_version":"2020-11-30","purchased_purges":3,"victory":true,"max_hp_per_floor":[80,80,80,80,80,80,80,80,80,80,80,80,80,80,80,80,80,80,80,80,80,80,80,82,84,84,84,84,84,84,84,84,84,84,86,86,86,86,86,86,86,88,88,90,90,90,90,90,90,90],"card_choices":[{"not_picked":["Survey Options","Mind Blast"],"picked":"Replay:BasicMightCard","floor":0},{"not_picked":["Metallicize","Iron Wave"],"picked":"Pommel Strike","floor":1},{"not_picked":["Sword Boomerang","Evolve"],"picked":"Entrench","floor":3},{"not_picked":["Anger","Bloodletting"],"picked":"Twin Strike","floor":8},{"not_picked":["Warcry","Second Wind","Sever Soul"],"picked":"SKIP","floor":10},{"not_picked":["Havoc","Twin Strike"],"picked":"Thunderclap","floor":11},{"not_picked":["Corruption","Brutality"],"picked":"Immolate","floor":16},{"not_picked":["Warcry","Run Through"],"picked":"Inflame","floor":18},{"not_picked":["Heavy Blade","Cleave"],"picked":"Whirlwind","floor":20},{"not_picked":["Flex+1","Battle Trance+1","Life Link"],"picked":"Singing Bowl","floor":24},{"not_picked":["Perfected Strike","Shockwave+1","ReplayTheSpireMod:Strike From Hell"],"picked":"Singing Bowl","floor":25},{"not_picked":["Shrug It Off+1","ReplayTheSpireMod:Strike From Hell"],"picked":"ReplayReversal+1","floor":27},{"not_picked":["Bludgeon","Immolate"],"picked":"Hemogenesis","floor":33},{"not_picked":["Perfected Strike+1","Clothesline","Power Through+1"],"picked":"Singing Bowl","floor":35},{"not_picked":["Perfected Strike+1","Sword Boomerang+1"],"picked":"True Grit+1","floor":37},{"not_picked":["Cleave+1","Run Through+1"],"picked":"Flex+1","floor":38},{"not_picked":["Cleave","Flex+1"],"picked":"Limit Break+1","floor":39},{"not_picked":["True Grit+1","Wild Strike"],"picked":"Armaments+1","floor":41},{"not_picked":["Cleave+1","ReplayReversal+1","Sword Boomerang+1"],"picked":"Singing Bowl","floor":42},{"not_picked":["Clash+1","Cleave","Replay:Undeath\u0027s Touch"],"picked":"Singing Bowl","floor":44},{"not_picked":["Life Link","Wild Strike"],"picked":"Iron Wave","floor":48}],"player_experience":1222010,"relics_obtained":[{"floor":8,"key":"Odd Mushroom"},{"floor":9,"key":"aspiration:HummingbirdHeart"},{"floor":22,"key":"Singing Bowl"},{"floor":25,"key":"Calipers"},{"floor":26,"key":"infinitespire:BottledMercury"},{"floor":41,"key":"Happy Flower"},{"floor":43,"key":"Anchor"},{"floor":48,"key":"Bottled Flame"}],"event_choices":[{"damage_healed":0,"gold_gain":0,"player_choice":"Upgraded","damage_taken":0,"max_hp_gain":0,"max_hp_loss":0,"event_name":"Upgrade Shrine","floor":2,"gold_loss":0,"cards_upgraded":["Bash"]},{"damage_healed":0,"gold_gain":0,"player_choice":"Gave Potion","damage_taken":0,"relics_obtained":["Juzu Bracelet"],"max_hp_gain":0,"max_hp_loss":0,"event_name":"WeMeetAgain","floor":5,"gold_loss":0},{"damage_healed":0,"gold_gain":0,"player_choice":"Fought Mushrooms","damage_taken":0,"max_hp_gain":0,"max_hp_loss":0,"event_name":"Mushrooms","floor":8,"gold_loss":0},{"cards_removed":["Strike_R"],"damage_healed":0,"gold_gain":0,"player_choice":"Forget","damage_taken":0,"max_hp_gain":0,"max_hp_loss":0,"event_name":"Living Wall","floor":14,"gold_loss":0},{"damage_healed":0,"gold_gain":0,"player_choice":"Obtained Relic","damage_taken":0,"relics_obtained":["Toxic Egg 2"],"max_hp_gain":0,"max_hp_loss":0,"event_name":"Addict","floor":21,"gold_loss":85},{"damage_healed":0,"gold_gain":75,"player_choice":"Touch","damage_taken":8,"max_hp_gain":0,"max_hp_loss":0,"event_name":"FaceTrader","floor":28,"gold_loss":0},{"cards_removed":["Strike_R"],"damage_healed":0,"gold_gain":0,"player_choice":"Gave Gold","damage_taken":0,"max_hp_gain":0,"max_hp_loss":0,"event_name":"Beggar","floor":31,"gold_loss":75},{"damage_healed":0,"gold_gain":0,"player_choice":"Fight","damage_taken":0,"max_hp_gain":0,"max_hp_loss":0,"event_name":"Mysterious Sphere","floor":44,"gold_loss":0},{"damage_healed":0,"gold_gain":100,"player_choice":"Pray","damage_taken":0,"max_hp_gain":0,"max_hp_loss":0,"event_name":"Golden Shrine","floor":47,"gold_loss":0}],"is_beta":false,"boss_relics":[{"not_picked":["Honey Jar","Snecko Eye"],"picked":"Ooze Armor"},{"not_picked":["Sozu","Cursed Key"],"picked":"Replay:Bronze Core"}],"items_purged_floors":[4,19,36],"is_endless":false,"potions_floor_spawned":[1,11,24,33,37,41],"ascension_level":0}}