{"host":"n4g93besrg43trcj","time":1607740908,"event":{"mods":["BaseMod","GifTheSpireLib","Minty Spire (QoL Compilation)","StSLib"],"gold_per_floor":[112,36,36,48,60,103,115,139,151,163,192,215,247,277,289,301,301],"floor_reached":16,"playtime":697,"items_purged":[],"score":127,"play_id":"929d526a-00f6-43d4-a2c7-1f66793aacf2","local_time":"20201211214148","is_ascension_mode":false,"campfire_choices":[{"data":"Judgement","floor":7,"key":"SMITH"},{"data":"FlyingSleeves","floor":10,"key":"SMITH"},{"floor":15,"key":"REST"}],"circlet_count":0,"master_deck":["Strike_P","Strike_P","Strike_P","Strike_P","Defend_P","Defend_P","Defend_P","Defend_P","Eruption","Vigilance","FlyingSleeves+1","Worship","Regret","Judgement+1","ForeignInfluence"],"relics":["PureWater","NeowsBlessing","MawBank","Kunai","MealTicket","Prayer Wheel"],"acts_visited":["Exordium"],"potions_floor_usage":[16,16,16],"damage_taken":[{"damage":0,"enemies":"Small Slimes","floor":1,"turns":1},{"damage":0,"enemies":"Gremlin Nob","floor":6,"turns":1},{"damage":0,"enemies":"2 Louse","floor":8,"turns":1},{"damage":3,"enemies":"Cultist","floor":11,"turns":3},{"damage":11,"enemies":"Large Slime","floor":12,"turns":4},{"damage":10,"enemies":"Blue Slaver","floor":13,"turns":4},{"damage":12,"enemies":"Exordium Thugs","floor":14,"turns":5},{"damage":27,"enemies":"The Guardian","floor":16,"turns":4}],"seed_played":"-4137049046800496823","potions_obtained":[{"floor":5,"key":"DistilledChaos"},{"floor":5,"key":"Dexterity Potion"},{"floor":5,"key":"Weak Potion"},{"floor":6,"key":"EssenceOfSteel"},{"floor":13,"key":"Strength Potion"}],"is_trial":false,"path_per_floor":["M","$","?","?","?","E","R","M","T","R","M","M","M","M","R","B"],"character_chosen":"WATCHER","items_purchased":["Worship"],"campfire_rested":1,"item_purchase_floors":[2],"current_hp_per_floor":[72,72,72,54,54,54,54,54,54,54,51,40,30,18,39,12,12],"gold":301,"neow_bonus":"THREE_ENEMY_KILL","is_daily":false,"chose_seed":false,"campfire_upgraded":2,"win_rate":0.0,"timestamp":1607740908,"path_taken":["M","$","?","?","?","E","R","M","T","R","M","?","M","M","R","BOSS"],"items_purchased_type":["Card"],"build_version":"2020-11-30","purchased_purges":0,"victory":false,"max_hp_per_floor":[72,72,72,72,72,72,72,72,72,72,72,72,72,72,72,72,72],"card_choices":[{"not_picked":["FlurryOfBlows","JustLucky"],"picked":"FlyingSleeves","floor":1},{"not_picked":["FlurryOfBlows","ThirdEye"],"picked":"Judgement","floor":6},{"not_picked":["Tantrum","FlyingSleeves","Crescendo"],"picked":"SKIP","floor":8},{"not_picked":["Evaluate","ThirdEye","Tantrum"],"picked":"SKIP","floor":11},{"not_picked":["Halt","EmptyBody","CrushJoints"],"picked":"SKIP","floor":11},{"not_picked":["EmptyFist","Adaptation"],"picked":"ForeignInfluence","floor":12},{"not_picked":["FlurryOfBlows","WindmillStrike","InnerPeace"],"picked":"SKIP","floor":12},{"not_picked":["BowlingBash","DeusExMachina","SandsOfTime"],"picked":"SKIP","floor":13},{"not_picked":["FlurryOfBlows","Protect","CrushJoints"],"picked":"SKIP","floor":13},{"not_picked":["Halt","Tantrum","ReachHeaven"],"picked":"SKIP","floor":14},{"not_picked":["Protect","JustLucky","Sanctity"],"picked":"SKIP","floor":14}],"player_experience":208626,"relics_obtained":[{"floor":6,"key":"MealTicket"},{"floor":9,"key":"Prayer Wheel"}],"event_choices":[{"damage_healed":0,"gold_gain":0,"player_choice":"Box","damage_taken":0,"relics_obtained":["MawBank"],"max_hp_gain":0,"max_hp_loss":0,"event_name":"Big Fish","floor":3,"gold_loss":0,"cards_obtained":["Regret"]},{"damage_healed":0,"gold_gain":0,"player_choice":"Success","damage_taken":18,"relics_obtained":["Kunai"],"max_hp_gain":0,"max_hp_loss":0,"event_name":"Scrap Ooze","floor":4,"gold_loss":0},{"damage_healed":0,"gold_gain":0,"player_choice":"Got Potions","damage_taken":0,"max_hp_gain":0,"max_hp_loss":0,"event_name":"Lab","floor":5,"gold_loss":0}],"is_beta":false,"boss_relics":[],"items_purged_floors":[],"is_endless":false,"potions_floor_spawned":[6,11,13],"killed_by":"The Guardian","ascension_level":0}}