{"host":"9544bpadt41uu5ar","time":1607787380,"event":{"mods":["Act Like it!","Aspiration","BaseMod","Conspire","Gensokyo","Hallownest","Highlight Path","KinomotoSakuraMod(木之本樱)","KomeijiMod","Luminous","Marisa（F雨　魔理沙）","Minty Spire (QoL Compilation)","Reimu（博丽灵梦）","Remilia_Scarlet Moed（蕾米莉亚・斯卡雷特）3.3.5","Remilia（蕾米莉亚）","Replay The Spire","StSLib","The Bug Knight","The Gatherer","The Hierophant","The Servant 0.9.4","WarShipGirlsR/战舰少女R mod","Youmu（魂魄妖梦）","Yuyuko","【东方二次创作】八云紫mod","【遗物卡牌】REMEMod"],"gold_per_floor":[114,114,132,57,17,52,1,1,1,18,43,43,53,53,53,135,135,154,154,154,171,171,198,198,213,213,163,163,174,174,199,199,277,277,287,287,301,311,311,311],"floor_reached":39,"playtime":1706,"items_purged":["rmod:strick"],"score":452,"play_id":"474305ef-9027-4b77-98bd-e8c28a5ea986","local_time":"20201212233620","is_ascension_mode":false,"campfire_choices":[{"data":"rmod:chargemoney","floor":8,"key":"SMITH"},{"data":"rmod:openingtorpedo","floor":15,"key":"SMITH"},{"data":"rmod:fletcher","floor":24,"key":"SMITH"},{"floor":28,"key":"REST"},{"floor":30,"key":"REST"},{"data":"rmod:goodsister","floor":32,"key":"PURGE"}],"circlet_count":0,"master_deck":["rmod:strick+1","rmod:defend","rmod:defend","rmod:defend","rmod:basicallowance","rmod:maingunfire+1","rmod:fuelsupply","rmod:chargemoney+1","rmod:fletcherpendant","rmod:firesupport","rmod:ring","rmod:fletcher+1","rmod:fletcherpendant","rmod:openingtorpedo+1","rmod:secretscript","rmod:diamondstrike","rmod:desperatesituation","CurseOfTheBell","rmod:circuitoustactics+1","rmod:wife+1"],"relics":["REME_ComplimentaryCards","rmod:monthlycard","Gensokyo:OccultBall","AntiCross","Replay:Bottled Snecko","conspire:RoyalGoblet","Bag of Marbles","Gremlin Food","Singing Bowl","StoneCalendar","Calling Bell","Question Card","conspire:InfiniteJournal","HoshigumaDish"],"acts_visited":["Gensokyo:Gensokyo","Gensokyo:Gensokyoer","TheBeyond"],"potions_floor_usage":[31],"damage_taken":[{"damage":3,"enemies":"Gensokyo:Gryphon","floor":1,"turns":4},{"damage":0,"enemies":"Gensokyo:Python","floor":3,"turns":4},{"damage":4,"enemies":"Gensokyo:Aya","floor":6,"turns":6},{"damage":4,"enemies":"Gensokyo:2_Kodama","floor":10,"turns":2},{"damage":0,"enemies":"Gensokyo:Mamizou","floor":11,"turns":6},{"damage":2,"enemies":"Gensokyo:2_Rabbits","floor":13,"turns":2},{"damage":23,"enemies":"Gensokyo:Kokoro","floor":16,"turns":10},{"damage":22,"enemies":"Gensokyo:AngelMirror","floor":18,"turns":2},{"damage":4,"enemies":"Gensokyo:3_Dogs","floor":21,"turns":1},{"damage":5,"enemies":"Gensokyo:Tenshi","floor":23,"turns":4},{"damage":38,"enemies":"Gensokyo:Wraith","floor":25,"turns":4},{"damage":0,"enemies":"Gensokyo:Chomper_and_Gloop","floor":29,"turns":1},{"damage":21,"enemies":"Gensokyo:Koishi","floor":31,"turns":3},{"damage":36,"enemies":"Gensokyo:Eternal_Rivals","floor":33,"turns":9},{"damage":11,"enemies":"Orb Walker","floor":35,"turns":3},{"damage":0,"enemies":"3 Darklings","floor":37,"turns":1},{"damage":3,"enemies":"Maw","floor":38,"turns":5},{"damage":82,"enemies":"Remilia_Smww","floor":39,"turns":4}],"seed_played":"-1081409542997140469","potions_obtained":[{"floor":1,"key":"PowerPotion"},{"floor":10,"key":"Elixir"},{"floor":11,"key":"Explosive Potion"},{"floor":33,"key":"GamblersBrew"}],"is_trial":false,"path_per_floor":["M","?","M","$","?","E","$","R","T","M","E","?","M","$","R","B",null,"M","T","?","M","?","E","R","M","T","?","R","M","R","E","R","B",null,"M","?","M","M","?"],"character_chosen":"PRAEFECT","items_purchased":["rmod:fletcherpendant"],"campfire_rested":2,"item_purchase_floors":[7],"current_hp_per_floor":[72,72,72,72,72,68,68,68,68,64,64,64,62,62,62,39,75,53,53,53,49,49,44,44,6,6,13,37,39,64,43,43,9,86,77,77,77,74,0,0],"gold":311,"neow_bonus":"BOSS_RELIC","is_daily":false,"chose_seed":false,"campfire_upgraded":3,"win_rate":0.0,"timestamp":1607787380,"path_taken":["M","?","?","$","?","E","$","R","T","M","E","?","M","?","R","BOSS","M","?","?","M","?","E","R","M","T","?","R","?","R","E","R","BOSS","M","?","?","M","?"],"items_purchased_type":["Card"],"build_version":"2020-11-30","purchased_purges":1,"victory":false,"max_hp_per_floor":[75,75,75,75,75,75,75,75,75,75,75,75,75,75,75,75,75,75,75,75,75,75,75,75,75,75,82,82,84,84,84,84,86,86,88,88,88,88,88,88],"card_choices":[{"not_picked":["rmod:salvage","rmod:victimresponsibility"],"picked":"rmod:fuelsupply","floor":1},{"not_picked":["rmod:tearstotiara","rmod:unsinkable"],"picked":"rmod:chargemoney","floor":3},{"not_picked":[],"picked":"rmod:fletcherpendant","floor":5},{"not_picked":[],"picked":"rmod:firesupport","floor":5},{"not_picked":[],"picked":"rmod:ring","floor":5},{"not_picked":[],"picked":"rmod:fletcher","floor":5},{"not_picked":["rmod:aluminumsupply","rmod:bulid"],"picked":"rmod:diamondstrike","floor":6},{"not_picked":["rmod:robin","rmod:aluminumsupply"],"picked":"rmod:goodsister","floor":10},{"not_picked":["rmod:punchline","rmod:unsinkable","rmod:shuttlebombing"],"picked":"SKIP","floor":11},{"not_picked":["rmod:circuitoustactics","rmod:chargemoney"],"picked":"rmod:openingtorpedo","floor":13},{"not_picked":["rmod:fletcher","rmod:supriseattacks"],"picked":"rmod:secretscript","floor":16},{"not_picked":["rmod:ammunitionsupply","rmod:generalist","rmod:intelligenceanalysis+1"],"picked":"SKIP","floor":18},{"not_picked":["rmod:slowdown","rmod:aviationdawn","rmod:auspiciousomen"],"picked":"SKIP","floor":21},{"not_picked":["rmod:generalist","rmod:chargemoney"],"picked":"rmod:ammunitionsupply+1","floor":23},{"not_picked":["rmod:ammunitionsupply","rmod:goodsister"],"picked":"rmod:diamondstrike","floor":25},{"not_picked":["rmod:tearstotiara","rmod:intelligenceanalysis","rmod:firesupport"],"picked":"Singing Bowl","floor":29},{"not_picked":["rmod:bulid","rmod:circuitoustactics+1"],"picked":"rmod:desperatesituation","floor":31},{"not_picked":["rmod:stealaluminum","rmod:auspiciousomen","rmod:timeschanged"],"picked":"Singing Bowl","floor":33},{"not_picked":["rmod:bulid","rmod:intelligenceanalysis+1","rmod:heivgo+1","rmod:supportescort+1"],"picked":"Singing Bowl","floor":35},{"not_picked":["rmod:ammunitionsupply","rmod:victimresponsibility","rmod:aviationdawn"],"picked":"rmod:circuitoustactics+1","floor":37},{"not_picked":["rmod:intelligenceanalysis+1","rmod:desperatesituation","rmod:diamondstrike+1"],"picked":"rmod:wife+1","floor":38}],"player_experience":64439,"relics_obtained":[{"floor":6,"key":"AntiCross"},{"floor":11,"key":"Gensokyo:OccultBall"},{"floor":11,"key":"Replay:Bottled Snecko"},{"floor":16,"key":"Gensokyo:OccultBall"},{"floor":19,"key":"Bag of Marbles"},{"floor":23,"key":"Gensokyo:OccultBall"},{"floor":23,"key":"Gremlin Food"},{"floor":25,"key":"Gensokyo:OccultBall"},{"floor":26,"key":"Singing Bowl"},{"floor":29,"key":"Gensokyo:OccultBall"},{"floor":31,"key":"StoneCalendar"},{"floor":33,"key":"Gensokyo:OccultBall"},{"floor":34,"key":"Question Card"},{"floor":34,"key":"conspire:InfiniteJournal"},{"floor":34,"key":"HoshigumaDish"}],"event_choices":[{"cards_removed":["rmod:ammunitionsupply"],"damage_healed":0,"gold_gain":0,"player_choice":"Card Removal","damage_taken":0,"max_hp_gain":0,"max_hp_loss":0,"event_name":"Wheel of Change","floor":36,"gold_loss":0}],"is_beta":false,"boss_relics":[{"not_picked":["Runic Dome","Tiny House"],"picked":"conspire:RoyalGoblet"},{"not_picked":["Runic Pyramid","Painkiller Herb"],"picked":"Calling Bell"}],"items_purged_floors":[4],"is_endless":false,"potions_floor_spawned":[1,10,11,18,21,25,33,37,38],"killed_by":"Remilia_Smww","ascension_level":0}}