{"host":"f5n4tidiz2n5sooh","time":1607753403,"event":{"mods":["BaseMod","Colored Map","Minty Spire (QoL Compilation)","Relic Stats","StSLib"],"gold_per_floor":[119,134,59,134,150,150,168,168,168,168,168,200,213,239,239,313,313,286,286,314,314,329,329,342,356,356,89,89,120,120,34,34,106,106,118,132,146,21,32,63,63,89,112,130,130,130,155,58,58,58,58],"floor_reached":50,"playtime":1810,"items_purged":["Strike_G","Strike_G","Strike_G"],"score":1241,"play_id":"f61cca52-d4de-4a5d-9c16-8ef2c04abace","local_time":"20201212001003","is_ascension_mode":true,"campfire_choices":[{"data":"Predator","floor":6,"key":"SMITH"},{"data":"All Out Attack","floor":8,"key":"SMITH"},{"data":"Neutralize","floor":11,"key":"SMITH"},{"floor":15,"key":"REST"},{"data":"Wraith Form v2","floor":23,"key":"SMITH"},{"data":"Well Laid Plans","floor":28,"key":"SMITH"},{"data":"After Image","floor":30,"key":"SMITH"},{"data":"Finisher","floor":32,"key":"SMITH"},{"floor":41,"key":"REST"},{"floor":49,"key":"RECALL"}],"circlet_count":0,"master_deck":["AscendersBane","Strike_G","Strike_G","Defend_G","Defend_G","Defend_G","Defend_G+1","Defend_G","Survivor+1","Neutralize+1","All Out Attack+1","Predator+1","Blade Dance","Well Laid Plans+1","Caltrops","Deadly Poison+1","Wraith Form v2+1","Blade Dance+1","Blade Dance+1","Calculated Gamble+1","Terror+1","Prepared+1","After Image+1","Finisher+1","Corpse Explosion+1","PiercingWail+1","PiercingWail+1","Crippling Poison+1","Escape Plan+1","Burst+1","PiercingWail+1","Flash of Steel+1","Backflip+1","Leg Sweep+1","Deflect+1"],"relics":["Ring of the Snake","Toxic Egg 2","Torii","Ninja Scroll","WristBlade","Red Mask","MutagenicStrength","War Paint","InkBottle","Fusion Hammer","Molten Egg 2","White Beast Statue","Pen Nib","Darkstone Periapt","Gremlin Horn"],"acts_visited":["Exordium","TheCity","TheBeyond"],"potions_floor_usage":[14,14,29,33,40,44,47,50],"damage_taken":[{"damage":3,"enemies":"Cultist","floor":1,"turns":4},{"damage":2,"enemies":"Small Slimes","floor":2,"turns":2},{"damage":1,"enemies":"2 Louse","floor":5,"turns":3},{"damage":11,"enemies":"Looter","floor":7,"turns":2},{"damage":20,"enemies":"3 Sentries","floor":12,"turns":5},{"damage":0,"enemies":"3 Louse","floor":13,"turns":2},{"damage":7,"enemies":"Gremlin Nob","floor":14,"turns":4},{"damage":19,"enemies":"The Guardian","floor":16,"turns":10},{"damage":2,"enemies":"2 Thieves","floor":18,"turns":4},{"damage":21,"enemies":"Masked Bandits","floor":20,"turns":5},{"damage":0,"enemies":"Chosen","floor":22,"turns":2},{"damage":3,"enemies":"Snake Plant","floor":24,"turns":3},{"damage":1,"enemies":"Snecko","floor":25,"turns":4},{"damage":4,"enemies":"Book of Stabbing","floor":29,"turns":3},{"damage":12,"enemies":"Automaton","floor":33,"turns":6},{"damage":6,"enemies":"3 Darklings","floor":35,"turns":4},{"damage":0,"enemies":"Orb Walker","floor":36,"turns":1},{"damage":0,"enemies":"3 Darklings","floor":37,"turns":2},{"damage":0,"enemies":"4 Shapes","floor":39,"turns":4},{"damage":17,"enemies":"Nemesis","floor":40,"turns":5},{"damage":20,"enemies":"Reptomancer","floor":42,"turns":4},{"damage":0,"enemies":"Sphere and 2 Shapes","floor":44,"turns":4},{"damage":0,"enemies":"Nemesis","floor":47,"turns":1},{"damage":38,"enemies":"Awakened One","floor":50,"turns":12}],"seed_played":"-5423920556136402270","potions_obtained":[{"floor":1,"key":"SpeedPotion"},{"floor":2,"key":"PowerPotion"},{"floor":14,"key":"DuplicationPotion"},{"floor":22,"key":"Energy Potion"},{"floor":24,"key":"DistilledChaos"},{"floor":29,"key":"CultistPotion"},{"floor":37,"key":"CultistPotion"},{"floor":40,"key":"PowerPotion"},{"floor":44,"key":"Regen Potion"},{"floor":47,"key":"Dexterity Potion"}],"is_trial":false,"path_per_floor":["M","M","$","?","M","R","M","R","T","?","R","E","M","E","R","B",null,"M","?","?","?","M","R","M","M","T","$","R","E","R","$","R","B",null,"M","M","M","$","M","E","R","E","T","M","?","T","E","$","R","B"],"character_chosen":"THE_SILENT","items_purchased":["War Paint","Finisher","Leg Sweep+1","Deflect+1"],"campfire_rested":2,"item_purchase_floors":[27,31,48,48],"current_hp_per_floor":[62,60,60,49,48,48,37,37,37,37,37,17,17,10,31,12,57,55,55,34,34,34,34,31,30,30,30,30,26,26,26,26,14,58,52,52,52,52,52,35,56,36,36,36,36,36,36,36,36,0,0],"gold":58,"neow_bonus":"TEN_PERCENT_HP_BONUS","is_daily":false,"chose_seed":false,"campfire_upgraded":7,"win_rate":0.0,"timestamp":1607753403,"path_taken":["M","?","$","?","M","R","M","R","T","?","R","E","M","E","R","BOSS","M","?","?","?","?","R","M","M","T","$","R","E","R","?","R","BOSS","M","M","M","$","?","E","R","E","T","M","?","?","E","$","R","BOSS"],"items_purchased_type":["Relic","Card","Card","Card"],"build_version":"2020-11-30","purchased_purges":3,"victory":false,"max_hp_per_floor":[72,72,72,72,72,72,72,72,72,72,72,72,72,72,72,72,72,72,72,72,72,72,72,72,72,72,72,72,72,72,72,72,72,72,72,72,72,72,72,72,72,72,72,72,72,72,72,72,72,72,72],"relic_stats":{"Darkstone Periapt":0,"Torii":38,"Gremlin Horn":[3,3],"counters":[24,96],"Pen Nib":[7],"War Paint":["Defend_G","Survivor"],"obtain_stats":[{"Darkstone Periapt":46,"Torii":12,"Gremlin Horn":47,"Pen Nib":43,"War Paint":27,"White Beast Statue":42,"WristBlade":17,"Ninja Scroll":14,"MutagenicStrength":21,"Molten Egg 2":40,"Fusion Hammer":34,"Red Mask":20,"Toxic Egg 2":9,"InkBottle":29,"Ring of the Snake":0},{"Darkstone Periapt":22,"Torii":5,"Gremlin Horn":23,"Pen Nib":21,"War Paint":13,"White Beast Statue":21,"WristBlade":8,"Ninja Scroll":7,"MutagenicStrength":10,"Molten Egg 2":20,"Fusion Hammer":15,"Red Mask":10,"Toxic Egg 2":4,"InkBottle":14,"Ring of the Snake":0},{"Darkstone Periapt":83,"Torii":16,"Gremlin Horn":84,"Pen Nib":79,"War Paint":50,"White Beast Statue":79,"WristBlade":32,"Ninja Scroll":22,"MutagenicStrength":41,"Molten Egg 2":75,"Fusion Hammer":59,"Red Mask":41,"Toxic Egg 2":11,"InkBottle":53,"Ring of the Snake":0}],"InkBottle":[28],"Ring of the Snake":[48]},"card_choices":[{"not_picked":["Choke","Infinite Blades"],"picked":"All Out Attack","floor":1},{"not_picked":["Poisoned Stab","Slice"],"picked":"Predator","floor":2},{"not_picked":["Dodge and Roll","Dagger Spray"],"picked":"Blade Dance","floor":5},{"not_picked":["Dodge and Roll","Expertise"],"picked":"Well Laid Plans","floor":7},{"not_picked":["Slice","Blade Dance+1","Underhanded Strike"],"picked":"SKIP","floor":12},{"not_picked":["Bane","Slice"],"picked":"Caltrops","floor":13},{"not_picked":["Masterful Stab","Infinite Blades"],"picked":"Deadly Poison+1","floor":14},{"not_picked":["Bullet Time+1","Doppelganger+1"],"picked":"Wraith Form v2","floor":16},{"not_picked":["Dagger Spray","Escape Plan+1"],"picked":"Blade Dance+1","floor":18},{"not_picked":["Quick Slash","Deadly Poison+1"],"picked":"Blade Dance+1","floor":20},{"not_picked":["Deflect+1","Slice"],"picked":"Calculated Gamble+1","floor":22},{"not_picked":["Acrobatics+1","Outmaneuver+1"],"picked":"Terror+1","floor":24},{"not_picked":["Reflex+1","Doppelganger+1"],"picked":"Prepared+1","floor":25},{"not_picked":["Setup+1","Predator"],"picked":"After Image","floor":29},{"not_picked":["Grand Finale","Bullet Time+1"],"picked":"Corpse Explosion+1","floor":33},{"not_picked":["Dodge and Roll+1","Quick Slash","Bane"],"picked":"SKIP","floor":35},{"not_picked":["Prepared+1","Setup+1"],"picked":"PiercingWail+1","floor":36},{"not_picked":["Sucker Punch+1","Deadly Poison+1"],"picked":"PiercingWail+1","floor":37},{"not_picked":["Dash","Flying Knee"],"picked":"Crippling Poison+1","floor":39},{"not_picked":["Flying Knee+1","Choke+1"],"picked":"Escape Plan+1","floor":40},{"not_picked":["Envenom","Endless Agony+1"],"picked":"Burst+1","floor":42},{"not_picked":["Eviscerate+1","Dodge and Roll+1"],"picked":"PiercingWail+1","floor":44},{"not_picked":["Sadistic Nature","Blind+1"],"picked":"Flash of Steel+1","floor":45},{"not_picked":["Slice+1","Outmaneuver+1"],"picked":"Backflip+1","floor":47}],"player_experience":1873105,"relics_obtained":[{"floor":9,"key":"Toxic Egg 2"},{"floor":12,"key":"Torii"},{"floor":14,"key":"Ninja Scroll"},{"floor":20,"key":"Red Mask"},{"floor":29,"key":"InkBottle"},{"floor":40,"key":"Molten Egg 2"},{"floor":42,"key":"White Beast Statue"},{"floor":43,"key":"Pen Nib"},{"floor":46,"key":"Darkstone Periapt"},{"floor":47,"key":"Gremlin Horn"}],"event_choices":[{"damage_healed":0,"gold_gain":75,"player_choice":"Gather Gold","damage_taken":11,"max_hp_gain":0,"max_hp_loss":0,"event_name":"World of Goop","floor":4,"gold_loss":0},{"damage_healed":0,"gold_gain":0,"player_choice":"Ignored","damage_taken":0,"max_hp_gain":0,"max_hp_loss":0,"event_name":"Liars Game","floor":10,"gold_loss":0},{"damage_healed":0,"gold_gain":0,"player_choice":"Ignored","damage_taken":0,"max_hp_gain":0,"max_hp_loss":0,"event_name":"The Mausoleum","floor":19,"gold_loss":0},{"damage_healed":0,"gold_gain":0,"player_choice":"Fought Bandits","damage_taken":0,"max_hp_gain":0,"max_hp_loss":0,"event_name":"Masked Bandits","floor":20,"gold_loss":0},{"damage_healed":0,"gold_gain":0,"player_choice":"Inject Mutagens","damage_taken":0,"relics_obtained":["MutagenicStrength"],"max_hp_gain":0,"max_hp_loss":0,"event_name":"Drug Dealer","floor":21,"gold_loss":0},{"damage_healed":0,"gold_gain":0,"player_choice":"Memory 1","damage_taken":0,"max_hp_gain":0,"max_hp_loss":0,"event_name":"SensoryStone","floor":45,"gold_loss":0}],"is_beta":false,"boss_relics":[{"not_picked":["Runic Dome","Velvet Choker"],"picked":"WristBlade"},{"not_picked":["Runic Pyramid","Calling Bell"],"picked":"Fusion Hammer"}],"items_purged_floors":[3,27,38],"is_endless":false,"potions_floor_spawned":[1,2,7,14,22,24,29,37,39,40,44,47],"killed_by":"Awakened One","ascension_level":20}}