{"host":"oeeu8njhzvf3llor","time":1607736104,"event":{"mods":["BaseMod","Better Match","Better Note","Better Skull","Better Third Choice","Hubris","Minty Spire (QoL Compilation)","Rare Cards Sparkle","Replay The Spire","Shop Mod","Spicy Shops","StSLib","Swap Starting Deck Mod"],"gold_per_floor":[209,225,235,88,88,88,131,131,131,160,205,205,239,292,292,406,406,434,43,71,71,97,149,149,149,172,225,185,251,251,296,296,423,423,473,473,473,495,495,495],"floor_reached":39,"playtime":1352,"items_purged":["Strike_R","Strike_R"],"score":524,"play_id":"fdd010dd-e5f7-423a-b937-9c18433e95b9","local_time":"20201211202144","is_ascension_mode":true,"campfire_choices":[{"data":"Bash","floor":6.0,"key":"SMITH"},{"data":"Armaments","floor":8.0,"key":"SMITH"},{"data":"Rampage","floor":12.0,"key":"SMITH"},{"data":"Hemokinesis","floor":15.0,"key":"SMITH"},{"floor":24.0,"key":"REST"},{"floor":30.0,"key":"REST"}],"circlet_count":0,"master_deck":["Defend_R","Defend_R","Defend_R","Defend_R","Bash+1","Armaments+1","Cleave","Rampage+1","Twin Strike","Thunderclap","Cleave","Pommel Strike","Hemokinesis+1","Demon Form","Flex","Infernal Blade+1","Flex","Shockwave+1","Pummel","Clothesline+1","Twin Strike+1","Metallicize","Offering+1","Carnage+1","Dramatic Entrance","Cleave+1"],"relics":["Burning Blood","Replay:Bandana","Anchor","ReplayTheSpireMod:Ninjato","Bottled Lightning","Omamori","Replay:WaspNest","SlaversCollar","MerchantsRug","Golden Egg","GremlinMask","Strawberry","Question Card","Tiny Chest","hubris:ToyBattleship","Empty Cage","hubris:Icosahedron"],"acts_visited":["TheBeyond"],"potions_floor_usage":[],"damage_taken":[{"damage":10.0,"enemies":"Cultist","floor":1.0,"turns":4.0},{"damage":2.0,"enemies":"Jaw Worm","floor":2.0,"turns":4.0},{"damage":2.0,"enemies":"Small Slimes","floor":3.0,"turns":4.0},{"damage":17.0,"enemies":"Replay:BlueRogue","floor":7.0,"turns":7.0},{"damage":0.0,"enemies":"Looter","floor":10.0,"turns":3.0},{"damage":3.0,"enemies":"Lagavulin","floor":11.0,"turns":6.0},{"damage":13.0,"enemies":"2 Fungi Beasts","floor":13.0,"turns":3.0},{"damage":17.0,"enemies":"3 Sentries","floor":14.0,"turns":7.0},{"damage":47.0,"enemies":"Hexaghost","floor":16.0,"turns":6.0},{"damage":17.0,"enemies":"2 Thieves","floor":18.0,"turns":4.0},{"damage":4.0,"enemies":"Chosen","floor":20.0,"turns":4.0},{"damage":22.0,"enemies":"Shelled Parasite and Fungi","floor":22.0,"turns":4.0},{"damage":20.0,"enemies":"Replay:Snechameleon","floor":23.0,"turns":5.0},{"damage":12.0,"enemies":"Book of Stabbing","floor":27.0,"turns":4.0},{"damage":19.0,"enemies":"Gremlin Leader","floor":29.0,"turns":5.0},{"damage":19.0,"enemies":"Book of Stabbing","floor":31.0,"turns":4.0},{"damage":39.0,"enemies":"Collector","floor":33.0,"turns":6.0},{"damage":29,"enemies":"3 Darklings","floor":35,"turns":4},{"damage":31,"enemies":"3 Shapes","floor":38,"turns":4}],"seed_played":"-8424650610099688928","potions_obtained":[{"floor":2.0,"key":"EntropicBrew"},{"floor":7.0,"key":"DistilledChaos"},{"floor":14.0,"key":"SneckoOil"},{"floor":16.0,"key":"EntropicBrew"},{"floor":20.0,"key":"Weak Potion"},{"floor":27.0,"key":"Block Potion"},{"floor":38,"key":"SkillPotion"}],"is_trial":false,"path_per_floor":["M","M","M","$","T","R","E","R","T","M","E","R","M","E","R","B",null,"M","$","M","?","M","E","R","?","T","E","?","E","R","E","R","B",null,"M","?","?","M","$"],"character_chosen":"IRONCLAD","items_purchased":["Replay:Bandana","MerchantsRug","Flex","Infernal Blade"],"campfire_rested":2,"item_purchase_floors":[4,19,19,19],"current_hp_per_floor":[76,80,80,80,80,80,69,69,69,75,78,78,71,60,60,19,80,69,69,71,71,55,41,65,65,72,66,66,53,79,66,66,33,87,64,64,64,39,39,39],"gold":495,"neow_bonus":"HUNDRED_GOLD","is_daily":false,"chose_seed":false,"campfire_upgraded":4,"win_rate":0.0,"timestamp":1607736104,"path_taken":["M","M","M","$","?","R","E","R","T","M","E","R","?","E","R","BOSS","M","$","M","?","M","E","R","?","T","E","?","E","R","E","R","BOSS","M","?","?","M","$"],"items_purchased_type":["Relic","Relic","Card","Card"],"build_version":"2020-11-30","purchased_purges":2,"victory":false,"max_hp_per_floor":[80,80,80,80,80,80,80,80,80,80,80,80,80,80,80,80,80,80,80,80,80,80,80,80,80,87,87,87,87,87,87,87,87,87,87,87,87,87,87,87],"card_choices":[{"not_picked":["Heavy Blade","Wild Strike"],"picked":"Armaments","floor":1.0},{"not_picked":["Body Slam","Heavy Blade"],"picked":"Cleave","floor":2.0},{"not_picked":["Wild Strike","Intimidate"],"picked":"Rampage","floor":3.0},{"not_picked":["Reckless Charge","Sentinel"],"picked":"Twin Strike","floor":7.0},{"not_picked":["ReplayTheSpireMod:Muscle Training","Carnage"],"picked":"Thunderclap","floor":10.0},{"not_picked":["Corruption","Replay:Undeath\u0027s Touch"],"picked":"Cleave","floor":11.0},{"not_picked":["Combust","Evolve"],"picked":"Pommel Strike","floor":13.0},{"not_picked":["Run Through","Barricade"],"picked":"Hemokinesis","floor":14.0},{"not_picked":["Hemogenesis","Limit Break"],"picked":"Demon Form","floor":16.0},{"not_picked":["Iron Wave","Perfected Strike","Sword Boomerang"],"picked":"SKIP","floor":18.0},{"not_picked":["Rampage","Replay:Undeath\u0027s Touch"],"picked":"Flex","floor":20.0},{"not_picked":["Evolve","ReplayTheSpireMod:LeadingStrike+1"],"picked":"Pummel","floor":22.0},{"not_picked":["Anger","Dark Embrace"],"picked":"Clothesline","floor":23.0},{"not_picked":["ReplayTheSpireMod:Strike From Hell","Searing Blow","Run Through"],"picked":"SKIP","floor":27.0},{"not_picked":["Carnage+1","hubris:SharpeningStone","Headbutt"],"picked":"Twin Strike+1","floor":29.0},{"not_picked":["Run Through+1","Replay:Many Hands","Body Slam"],"picked":"Metallicize","floor":31.0},{"not_picked":["Double Tap","Impervious","Berserk"],"picked":"Offering","floor":33.0},{"not_picked":["Sentinel","Replay:Undeath\u0027s Touch","hubris:ReadiedAction+1"],"picked":"Carnage+1","floor":35},{"not_picked":["Jack Of All Trades","Replay:Bootleg Shield Generator","Replay:Sssssssssstrike"],"picked":"Dramatic Entrance","floor":36},{"not_picked":["ReplayTheSpireMod:Muscle Training+1","Headbutt+1","Anger+1"],"picked":"Cleave+1","floor":38}],"player_experience":457917,"relics_obtained":[{"floor":5.0,"key":"Anchor"},{"floor":7.0,"key":"ReplayTheSpireMod:Ninjato"},{"floor":9.0,"key":"Bottled Lightning"},{"floor":11.0,"key":"Omamori"},{"floor":14.0,"key":"Replay:WaspNest"},{"floor":23.0,"key":"Golden Egg"},{"floor":26.0,"key":"Strawberry"},{"floor":27.0,"key":"Question Card"},{"floor":29.0,"key":"Tiny Chest"},{"floor":31.0,"key":"hubris:ToyBattleship"}],"event_choices":[{"damage_healed":0.0,"max_hp_gain":0.0,"max_hp_loss":0.0,"gold_gain":0.0,"cards_transformed":["Strike_R"],"event_name":"Transmorgrifier","player_choice":"Transformed","floor":21.0,"gold_loss":0.0,"damage_taken":0.0,"cards_obtained":["Shockwave"]},{"damage_healed":0.0,"max_hp_gain":0.0,"max_hp_loss":0.0,"gold_gain":0.0,"event_name":"FaceTrader","player_choice":"Trade","floor":25.0,"gold_loss":0.0,"damage_taken":0.0,"relics_obtained":["GremlinMask"]},{"damage_healed":0.0,"max_hp_gain":0.0,"max_hp_loss":0.0,"gold_gain":0.0,"event_name":"Designer","player_choice":"Upgraded Two","floor":28.0,"gold_loss":40.0,"damage_taken":0.0,"cards_upgraded":["Infernal Blade","Clothesline"]},{"damage_healed":0,"gold_gain":0,"player_choice":"Memory 1","damage_taken":0,"max_hp_gain":0,"max_hp_loss":0,"event_name":"SensoryStone","floor":36,"gold_loss":0}],"is_beta":false,"boss_relics":[{"not_picked":["Ectoplasm","hubris:TerracottaHorce"],"picked":"SlaversCollar"},{"not_picked":["hubris:GrandSneckoEye","Pandora\u0027s Box"],"picked":"Empty Cage"}],"items_purged_floors":[4,19],"is_endless":false,"potions_floor_spawned":[2,7,14,16,20,27,38],"ascension_level":1}}