{"host":"6p0attdrtjqaih7v","time":1607737581,"event":{"mods":["2.2 Compatiblity","AchievementEnabler","Bard","BaseMod","Better Skull","Better Third Choice","Colored Powertips","Hermit","Highlight Path","Jorbs\u0027s Wanderer Trilogy","Key Reminder","Minty Spire (QoL Compilation)","Permanent Neow","Quick Restart","Random Character Button","Relic Stats","Replay The Spire","StSLib","The Construct"],"gold_per_floor":[363,73,92,118,129,159,174,174,174,174,217,217,231,246,246,322,322,322,237,237,237,237,237,237,237,237,237,237,185,185,185,185,185,185,185,4,4,4,4,4,4,4,4,4,4,4,4,4,4,4],"floor_reached":51,"playtime":3501,"items_purged":["stsjorbsmod:Strike_Wanderer","stsjorbsmod:Defend_Wanderer"],"score":1500,"play_id":"e7e41f02-0ad3-49cf-8a10-1a0baf1e3adc","local_time":"20201211204621","is_ascension_mode":true,"campfire_choices":[{"data":"stsjorbsmod:ScorchingRay","floor":8,"key":"SMITH"},{"floor":12,"key":"REST"},{"data":"stsjorbsmod:RefuseToForget","floor":15,"key":"SMITH"},{"data":"stsjorbsmod:DeathThroes","floor":24,"key":"SMITH"},{"data":"stsjorbsmod:TinyHut","floor":27,"key":"SMITH"},{"data":"stsjorbsmod:DoubleCheck","floor":32,"key":"SMITH"},{"data":"stsjorbsmod:MagicMissiles","floor":41,"key":"SMITH"},{"data":"stsjorbsmod:ChainLightning","floor":44,"key":"SMITH"},{"data":"Dark Shackles","floor":46,"key":"SMITH"},{"data":"stsjorbsmod:EyeOfTheStorm","floor":49,"key":"SMITH"}],"circlet_count":0,"master_deck":["AscendersBane","stsjorbsmod:ForbiddenGrimoire+1","stsjorbsmod:Strike_Wanderer","stsjorbsmod:Strike_Wanderer","stsjorbsmod:Strike_Wanderer+1","stsjorbsmod:Defend_Wanderer+1","stsjorbsmod:Defend_Wanderer+1","stsjorbsmod:Defend_Wanderer+1","stsjorbsmod:FreshAdventure","stsjorbsmod:EyeOfTheStorm+1","stsjorbsmod:ChainLightning+1","stsjorbsmod:Mania","stsjorbsmod:ArcaneWeapon","stsjorbsmod:MageArmor+1","stsjorbsmod:Firebolt","stsjorbsmod:TinyHut+1","stsjorbsmod:Mania+1","stsjorbsmod:ScorchingRay+1","stsjorbsmod:Message","stsjorbsmod:RefuseToForget+1","stsjorbsmod:DeathThroes+1","stsjorbsmod:FranticSearch","stsjorbsmod:MagicMissiles+1","stsjorbsmod:DoubleCheck+1","stsjorbsmod:FranticSearch+1","stsjorbsmod:MistyStep","stsjorbsmod:Thorns+1","stsjorbsmod:EyeOfTheStorm+1","stsjorbsmod:IvoryTower+1","AbeCurse","Dark Shackles+1","Blind+1","stsjorbsmod:Message+1","Finesse","Dark Shackles+1"],"relics":["stsjorbsmod:GrimoireRelic","Replay:Accelerometer","ReplayFunnel","Vajra","Replay:Grab Bag","Ectoplasm","SlaversCollar","Golden Egg","Snack Pack","Smiling Mask","War Paint","Abe\u0027s Treasure","ReplayTheSpireMod:ShopPack","Gremlin Food","Replay:Towering Pillar of Hats","Replay:Bottled Eggs","construct:BoolHorns"],"acts_visited":["Exordium","TheCity","TheBeyond"],"potions_floor_usage":[6,11,18,21,25,35,50],"damage_taken":[{"damage":2,"enemies":"Jaw Worm","floor":1,"turns":3},{"damage":0,"enemies":"2 Louse","floor":3,"turns":3},{"damage":0,"enemies":"Cultist","floor":4,"turns":4},{"damage":3,"enemies":"Blue Slaver","floor":5,"turns":6},{"damage":15,"enemies":"3 Sentries","floor":6,"turns":7},{"damage":6,"enemies":"Red Slaver","floor":7,"turns":4},{"damage":23,"enemies":"Lagavulin","floor":11,"turns":6},{"damage":11,"enemies":"3 Louse","floor":13,"turns":4},{"damage":0,"enemies":"Large Slime","floor":14,"turns":3},{"damage":5,"enemies":"Hexaghost","floor":16,"turns":6},{"damage":0,"enemies":"Chosen","floor":18,"turns":6},{"damage":9,"enemies":"Spheric Guardian","floor":20,"turns":4},{"damage":16,"enemies":"Snake Plant","floor":21,"turns":5},{"damage":0,"enemies":"Snecko","floor":22,"turns":5},{"damage":13,"enemies":"Gremlin Leader","floor":23,"turns":5},{"damage":8,"enemies":"Slavers","floor":25,"turns":6},{"damage":9,"enemies":"Shelled Parasite and Fungi","floor":28,"turns":4},{"damage":1,"enemies":"Sentry and Sphere","floor":30,"turns":4},{"damage":4,"enemies":"Collector","floor":33,"turns":5},{"damage":0,"enemies":"3 Darklings","floor":35,"turns":4},{"damage":1,"enemies":"Orb Walker","floor":37,"turns":3},{"damage":4,"enemies":"Transient","floor":39,"turns":6},{"damage":13,"enemies":"Reptomancer","floor":40,"turns":4},{"damage":0,"enemies":"Nemesis","floor":42,"turns":3},{"damage":0,"enemies":"4 Shapes","floor":48,"turns":6},{"damage":15,"enemies":"Awakened One","floor":50,"turns":8}],"seed_played":"6702347876458077398","potions_obtained":[{"floor":3,"key":"CultistPotion"},{"floor":7,"key":"SpeedPotion"},{"floor":11,"key":"Venom Potion"},{"floor":20,"key":"Weak Potion"},{"floor":22,"key":"SpeedPotion"},{"floor":23,"key":"stsjorbsmod:BurningPotion"},{"floor":25,"key":"AttackPotion"},{"floor":40,"key":"stsjorbsmod:BurningPotion"}],"is_trial":false,"path_per_floor":["M","$","M","M","M","E","M","R","T","?","E","R","M","M","R","B",null,"M","?","M","M","M","E","R","E","T","R","M","?","M","?","R","B",null,"M","$","M","T","M","E","R","E","T","R","?","R","?","M","R","B",null],"character_chosen":"WANDERER","items_purchased":["stsjorbsmod:Mania","stsjorbsmod:ArcaneWeapon","Dexterity Potion","Fire Potion","ReplayTheSpireMod:ShopPack"],"campfire_rested":1,"item_purchase_floors":[2,2,2,2,36],"current_hp_per_floor":[57,57,60,60,58,45,42,42,42,42,21,39,34,36,36,35,58,63,63,56,46,48,39,39,39,39,39,39,59,66,66,66,70,70,70,70,72,72,72,65,65,71,71,71,61,61,61,70,70,57],"gold":4,"neow_bonus":"TWO_FIFTY_GOLD","is_daily":false,"chose_seed":false,"campfire_upgraded":9,"win_rate":0.0,"timestamp":1607737581,"path_taken":["M","$","M","M","M","E","M","R","T","?","E","R","M","M","R","BOSS","M","?","M","M","M","E","R","E","T","R","M","?","M","?","R","BOSS","M","$","M","?","M","E","R","E","T","R","?","R","?","?","R","BOSS"],"items_purchased_type":["Card","Card","Potion","Potion","Relic"],"build_version":"2020-11-30","purchased_purges":2,"victory":true,"max_hp_per_floor":[58,58,60,60,60,60,62,62,62,62,62,62,66,66,66,66,66,68,68,68,70,70,70,70,70,70,70,70,70,70,70,70,70,70,70,70,72,72,72,72,72,72,72,72,72,72,72,72,72,72],"relic_stats":{"counters":[26,124],"Ectoplasm":390,"War Paint":["stsjorbsmod:FranticSearch","stsjorbsmod:MageArmor"],"Smiling Mask":50,"obtain_stats":[{"ReplayFunnel":9,"Gremlin Food":38,"construct:BoolHorns":43,"Replay:Accelerometer":6,"Golden Egg":19,"Replay:Towering Pillar of Hats":40,"Replay:Grab Bag":17,"Vajra":11,"stsjorbsmod:GrimoireRelic":0,"War Paint":26,"Smiling Mask":25,"SlaversCollar":17,"Ectoplasm":17,"Snack Pack":23,"Replay:Bottled Eggs":42,"Abe\u0027s Treasure":34,"ReplayTheSpireMod:ShopPack":36},{"ReplayFunnel":6,"Gremlin Food":21,"construct:BoolHorns":24,"Replay:Accelerometer":5,"Golden Egg":11,"Replay:Towering Pillar of Hats":23,"Replay:Grab Bag":10,"Vajra":7,"stsjorbsmod:GrimoireRelic":0,"War Paint":16,"Smiling Mask":16,"SlaversCollar":10,"Ectoplasm":10,"Snack Pack":15,"Replay:Bottled Eggs":24,"Abe\u0027s Treasure":19,"ReplayTheSpireMod:ShopPack":20},{"ReplayFunnel":27,"Gremlin Food":97,"construct:BoolHorns":110,"Replay:Accelerometer":23,"Golden Egg":52,"Replay:Towering Pillar of Hats":107,"Replay:Grab Bag":46,"Vajra":33,"stsjorbsmod:GrimoireRelic":0,"War Paint":77,"Smiling Mask":77,"SlaversCollar":46,"Ectoplasm":46,"Snack Pack":71,"Replay:Bottled Eggs":110,"Abe\u0027s Treasure":90,"ReplayTheSpireMod:ShopPack":94}]},"card_choices":[{"not_picked":["stsjorbsmod:WeightOfMemory","stsjorbsmod:Mending"],"picked":"stsjorbsmod:ChainLightning","floor":1},{"not_picked":["stsjorbsmod:Index","stsjorbsmod:Prepare"],"picked":"stsjorbsmod:MageArmor","floor":3},{"not_picked":["stsjorbsmod:ChatteringStrike","stsjorbsmod:LoseGrip"],"picked":"stsjorbsmod:Firebolt","floor":4},{"not_picked":["stsjorbsmod:ChainLightning","stsjorbsmod:Firebolt"],"picked":"stsjorbsmod:TinyHut","floor":5},{"not_picked":["stsjorbsmod:MageArmor","stsjorbsmod:ArcaneWeapon"],"picked":"stsjorbsmod:Mania","floor":6},{"not_picked":["stsjorbsmod:OldPocket","stsjorbsmod:Will"],"picked":"stsjorbsmod:ScorchingRay","floor":7},{"not_picked":["stsjorbsmod:WeightOfMemory","stsjorbsmod:CorrodingBarrier"],"picked":"stsjorbsmod:Message","floor":11},{"not_picked":["stsjorbsmod:Hurt","stsjorbsmod:ChatteringStrike"],"picked":"stsjorbsmod:RefuseToForget","floor":13},{"not_picked":["stsjorbsmod:BlackTentacles","stsjorbsmod:Index","stsjorbsmod:Hibernate"],"picked":"SKIP","floor":14},{"not_picked":["stsjorbsmod:Entangle","stsjorbsmod:Trauma"],"picked":"stsjorbsmod:DeathThroes","floor":16},{"not_picked":["stsjorbsmod:WeightOfMemory","stsjorbsmod:Stalwart"],"picked":"stsjorbsmod:FranticSearch","floor":18},{"not_picked":["stsjorbsmod:Message","stsjorbsmod:BlackTentacles+1","stsjorbsmod:AnimateObjects"],"picked":"SKIP","floor":20},{"not_picked":["stsjorbsmod:Message","stsjorbsmod:Mending+1"],"picked":"stsjorbsmod:MagicMissiles","floor":21},{"not_picked":["stsjorbsmod:TrueStrike","stsjorbsmod:HoldMonster"],"picked":"stsjorbsmod:DoubleCheck","floor":22},{"not_picked":["stsjorbsmod:Counterspell","stsjorbsmod:Materialize"],"picked":"stsjorbsmod:FranticSearch","floor":23},{"not_picked":["stsjorbsmod:ChatteringStrike","stsjorbsmod:Will"],"picked":"stsjorbsmod:MistyStep","floor":25},{"not_picked":["stsjorbsmod:Index","stsjorbsmod:MagicMissiles","stsjorbsmod:Stalwart"],"picked":"SKIP","floor":28},{"not_picked":["stsjorbsmod:Index","stsjorbsmod:MagicMissiles"],"picked":"stsjorbsmod:Thorns+1","floor":30},{"not_picked":["stsjorbsmod:Banish","stsjorbsmod:ArcaneForm"],"picked":"stsjorbsmod:IvoryTower","floor":33},{"not_picked":["stsjorbsmod:FaerieFire","stsjorbsmod:Hibernate","stsjorbsmod:DoubleCheck"],"picked":"SKIP","floor":35},{"not_picked":["Jack Of All Trades","Replay:Bootleg Shield Generator"],"picked":"Dark Shackles","floor":36},{"not_picked":["Purity","Trip"],"picked":"Blind","floor":36},{"not_picked":["stsjorbsmod:Firebolt+1","stsjorbsmod:OldPocket","stsjorbsmod:Hibernate"],"picked":"SKIP","floor":37},{"not_picked":["stsjorbsmod:BurningFlask","stsjorbsmod:FranticSearch"],"picked":"stsjorbsmod:Message+1","floor":39},{"not_picked":["stsjorbsmod:BurningFlask","stsjorbsmod:Entangle","stsjorbsmod:RayOfFrost"],"picked":"SKIP","floor":40},{"not_picked":["stsjorbsmod:Introspection","stsjorbsmod:TrueStrike+1","stsjorbsmod:DoubleCheck"],"picked":"SKIP","floor":42},{"not_picked":["ReplayTheSpireMod:Private Reserves","Purity"],"picked":"Finesse","floor":45},{"not_picked":["Bandage Up","Specialist"],"picked":"Dark Shackles","floor":45},{"not_picked":["stsjorbsmod:Channel","stsjorbsmod:FracturedMind","stsjorbsmod:Index"],"picked":"SKIP","floor":48}],"player_experience":814383,"relics_obtained":[{"floor":6,"key":"Replay:Accelerometer"},{"floor":9,"key":"ReplayFunnel"},{"floor":11,"key":"Vajra"},{"floor":23,"key":"Snack Pack"},{"floor":25,"key":"Smiling Mask"},{"floor":26,"key":"War Paint"},{"floor":38,"key":"Gremlin Food"},{"floor":40,"key":"Replay:Towering Pillar of Hats"},{"floor":42,"key":"Replay:Bottled Eggs"},{"floor":43,"key":"construct:BoolHorns"}],"event_choices":[{"damage_healed":0,"gold_gain":0,"player_choice":"Obtained Relic","damage_taken":0,"relics_obtained":["Golden Egg"],"max_hp_gain":0,"max_hp_loss":0,"event_name":"Addict","floor":19,"gold_loss":85},{"damage_healed":0,"gold_gain":0,"player_choice":"Copied","damage_taken":0,"max_hp_gain":0,"max_hp_loss":0,"event_name":"Duplicator","floor":31,"gold_loss":0,"cards_obtained":["stsjorbsmod:EyeOfTheStorm"]},{"damage_healed":0,"gold_gain":0,"player_choice":"Memory 3","damage_taken":10,"max_hp_gain":0,"max_hp_loss":0,"event_name":"SensoryStone","floor":45,"gold_loss":0},{"damage_healed":0,"gold_gain":0,"player_choice":"Ignored","damage_taken":0,"max_hp_gain":0,"max_hp_loss":0,"event_name":"Transmorgrifier","floor":47,"gold_loss":0}],"is_beta":false,"boss_relics":[{"not_picked":["Astrolabe","Tiny House"],"picked":"Replay:Grab Bag"},{"not_picked":["Painkiller Herb","ChewingGum"],"picked":"Ectoplasm"},{"not_picked":["Pandora\u0027s Box","construct:WeddingRing"],"picked":"SlaversCollar"},{"not_picked":["Honey Jar","Velvet Choker"],"picked":"Abe\u0027s Treasure"}],"items_purged_floors":[2,36],"is_endless":false,"potions_floor_spawned":[3,5,7,11,20,22,23,25,40,48],"ascension_level":17}}