{"host":"Jinnai","time":1607800817,"event":{"mods":["BaseMod","Bestiary","Block Reminder","Colored Map","Colored Powertips","Highlight Path","Keyboard Shortcuts","Minty Spire (QoL Compilation)","Quick Restart","Relic Stats"],"gold_per_floor":[117,192,212,212,227,252,252,282,306,324,336,336,353,47,47,124,124,134,134,152,171,171,171,171,171],"floor_reached":24,"playtime":1788,"items_purged":[],"score":406,"play_id":"932d1ae8-5790-4440-a9b1-6cec576058d4","local_time":"20201212142017","is_ascension_mode":true,"campfire_choices":[{"floor":7,"key":"REST"},{"floor":12,"key":"REST"},{"floor":15,"key":"REST"},{"data":"Devotion","floor":23,"key":"SMITH"}],"circlet_count":0,"master_deck":["AscendersBane","Strike_P","Strike_P","Strike_P","Strike_P","Defend_P","Defend_P","Defend_P","Defend_P","Eruption","Vigilance","SashWhip","ForeignInfluence","CrushJoints","ThirdEye","JustLucky","Prostrate","SandsOfTime","Halt","LikeWater","Panache","EmptyMind","Devotion+1","Pain","Wallop","Conclude"],"relics":["PureWater","Oddly Smooth Stone","Smiling Mask","Potion Belt","Damaru","Cursed Key","WarpedTongs"],"acts_visited":["Exordium","TheCity"],"potions_floor_usage":[8,18,21,21,24,24,24,24],"damage_taken":[{"damage":0,"enemies":"2 Louse","floor":1,"turns":3},{"damage":0,"enemies":"Small Slimes","floor":3,"turns":4},{"damage":0,"enemies":"Cultist","floor":5,"turns":2},{"damage":15,"enemies":"Lagavulin","floor":6,"turns":5},{"damage":36,"enemies":"3 Sentries","floor":8,"turns":13},{"damage":0,"enemies":"Blue Slaver","floor":10,"turns":2},{"damage":0,"enemies":"Red Slaver","floor":11,"turns":3},{"damage":0,"enemies":"Exordium Thugs","floor":13,"turns":3},{"damage":28,"enemies":"Slime Boss","floor":16,"turns":15},{"damage":18,"enemies":"Spheric Guardian","floor":18,"turns":6},{"damage":7,"enemies":"Shell Parasite","floor":20,"turns":5},{"damage":10,"enemies":"Shelled Parasite and Fungi","floor":21,"turns":4},{"damage":21,"enemies":"Slavers","floor":24,"turns":2}],"seed_played":"-8122444433810915695","potions_obtained":[{"floor":5,"key":"GamblersBrew"},{"floor":6,"key":"Ancient Potion"},{"floor":8,"key":"EssenceOfSteel"},{"floor":10,"key":"Weak Potion"},{"floor":11,"key":"EntropicBrew"},{"floor":13,"key":"PowerPotion"},{"floor":20,"key":"FearPotion"}],"is_trial":false,"path_per_floor":["M","?","M","?","M","E","R","E","T","M","M","R","M","$","R","B",null,"M","?","M","M","T","R","E"],"character_chosen":"WATCHER","items_purchased":["LikeWater","Panache","EmptyMind"],"campfire_rested":3,"item_purchase_floors":[14,14,14],"current_hp_per_floor":[61,50,50,40,40,25,45,9,9,9,9,29,29,29,49,21,56,38,38,31,21,21,21,0,0],"gold":171,"neow_bonus":"RANDOM_COMMON_RELIC","is_daily":false,"chose_seed":false,"campfire_upgraded":1,"win_rate":0.0,"timestamp":1607800817,"path_taken":["M","?","M","?","M","E","R","E","T","M","M","R","?","$","R","BOSS","M","?","?","M","?","R","E"],"items_purchased_type":["Card","Card","Card"],"build_version":"2020-12-07","purchased_purges":0,"victory":false,"max_hp_per_floor":[68,68,68,68,68,68,68,68,68,68,68,68,68,68,68,68,68,68,68,68,68,68,68,68,68],"relic_stats":{"counters":[13,67],"Smiling Mask":0,"Cursed Key":0,"obtain_stats":[{"Potion Belt":8,"Oddly Smooth Stone":0,"Damaru":9,"PureWater":0,"Smiling Mask":6,"Cursed Key":17,"WarpedTongs":19},{"Potion Belt":5,"Oddly Smooth Stone":0,"Damaru":5,"PureWater":0,"Smiling Mask":4,"Cursed Key":9,"WarpedTongs":10},{"Potion Belt":27,"Oddly Smooth Stone":0,"Damaru":27,"PureWater":0,"Smiling Mask":14,"Cursed Key":50,"WarpedTongs":56}],"WarpedTongs":[11]},"card_choices":[{"not_picked":["FlyingSleeves","Protect"],"picked":"SashWhip","floor":1},{"not_picked":["ClearTheMind","PathToVictory"],"picked":"ForeignInfluence","floor":3},{"not_picked":["Evaluate","WindmillStrike"],"picked":"CrushJoints","floor":5},{"not_picked":["CrushJoints","Crescendo"],"picked":"ThirdEye","floor":6},{"not_picked":["ClearTheMind","Prostrate"],"picked":"JustLucky","floor":8},{"not_picked":["EmptyMind","BowlingBash"],"picked":"Prostrate","floor":10},{"not_picked":["Halt","ThirdEye"],"picked":"SandsOfTime","floor":11},{"not_picked":["Alpha","Evaluate"],"picked":"Halt","floor":13},{"not_picked":["Omniscience","Establishment"],"picked":"Devotion","floor":16},{"not_picked":["Consecrate","FollowUp","EmptyFist"],"picked":"SKIP","floor":18},{"not_picked":["CutThroughFate","LikeWater"],"picked":"Wallop","floor":20},{"not_picked":["Evaluate","CrushJoints"],"picked":"Conclude","floor":21}],"player_experience":1476732,"relics_obtained":[{"floor":6,"key":"Smiling Mask"},{"floor":8,"key":"Potion Belt"},{"floor":9,"key":"Damaru"}],"event_choices":[{"damage_healed":0,"gold_gain":75,"player_choice":"Gather Gold","damage_taken":11,"max_hp_gain":0,"max_hp_loss":0,"event_name":"World of Goop","floor":2,"gold_loss":0},{"damage_healed":0,"gold_gain":0,"player_choice":"Damaged","damage_taken":10,"max_hp_gain":0,"max_hp_loss":0,"event_name":"Wheel of Change","floor":4,"gold_loss":0},{"damage_healed":0,"gold_gain":0,"player_choice":"Rummage","damage_taken":0,"relics_obtained":["WarpedTongs"],"max_hp_gain":0,"max_hp_loss":0,"event_name":"Accursed Blacksmith","floor":19,"gold_loss":0,"cards_obtained":["Pain"]}],"is_beta":true,"boss_relics":[{"not_picked":["Runic Dome","Coffee Dripper"],"picked":"Cursed Key"}],"items_purged_floors":[],"is_endless":false,"potions_floor_spawned":[5,6,8,10,11,13,20],"killed_by":"Slavers","ascension_level":19}}