{"host":"Dj","time":1607815766,"event":{"mods":["AchievementEnabler","Aspiration","BaseMod","Better Altar","Better Match","Better Note","Better Sensory Stone","Better Skull","Better Third Choice","BetterRewards","CCEM","Colored Map","Conspire","Downfall","GifTheSpireLib","Highlight Path","Hunter ??","Infinite Spire","Minty Spire (QoL Compilation)","Permanent Neow","Replay The Spire","StSLib","Stuff the Spire","Unceasing Turn Reminder","Waifu the Spire","everything is the same but u backflip on backflip","slay the spire mod where everything is the same but ironclad has a cowboy hat"],"gold_per_floor":[99,99,99,99,99,99,122,156,6,34,19,30,30,43,57,156,156,81,106,116,116,144,144,144,54,69,69,344,357,357,368,388,388,388],"floor_reached":33,"playtime":1412,"items_purged":["Slimebound:FirmFortitude"],"score":341,"play_id":"057601ba-9f94-493a-b40b-f0f0575dc942","local_time":"20201212162926","is_ascension_mode":false,"campfire_choices":[{"data":"Slimebound:Split","floor":1,"key":"SMITH"},{"data":"Slimebound:SplitBruiser","floor":3,"key":"SMITH"},{"data":"Slimebound:PressTheAttack","floor":5,"key":"SMITH"},{"floor":9,"key":"RECALL"},{"data":"Slimebound:MinionMaster","floor":21,"key":"SMITH"}],"circlet_count":0,"master_deck":["Slimebound:Strike_Slimebound","Slimebound:Strike_Slimebound","Slimebound:Strike_Slimebound","Slimebound:Tackle","Slimebound:Defend_Slimebound","Slimebound:Defend_Slimebound","Slimebound:Defend_Slimebound","Slimebound:Defend_Slimebound","Slimebound:Split+1","Slimebound:CorrosiveSpit","Slimebound:SplitBruiser+1","Slimebound:PressTheAttack+1","Slimebound:PressTheAttack","Slimebound:SplitMire","Slimebound:LevelUp","Slimebound:SplitBruiser","Slimebound:Gluttony","Slimebound:MassFeed","Slimebound:MinionMaster+1","Slimebound:SplitAcid+1","Slimebound:SplitMire+1","Regret"],"relics":["Slimebound:AbsorbEndCombat","downfall:HeartsMalice","Replay:Baseball","downfall:HeartBlessingGreen","downfall:HeartBlessingBlue","ReplayTheSpireMod:Lightbulb","Coffee Dripper","downfall:HeartBlessingRed","Ancient Tea Set","Chameleon Ring","infinitespire:CheckeredPen"],"acts_visited":["TheCity"],"potions_floor_usage":[10,11,15,16,19,25,25,25,25,29,29,29,31,32],"damage_taken":[{"damage":0,"enemies":"Small Slimes","floor":2,"turns":1},{"damage":0,"enemies":"Cultist","floor":4,"turns":1},{"damage":0,"enemies":"3 Sentries","floor":8,"turns":1},{"damage":27,"enemies":"Lagavulin","floor":10,"turns":5},{"damage":20,"enemies":"downfall:FleeingMerchant","floor":11,"turns":4},{"damage":10,"enemies":"conspire:RoseBush","floor":12,"turns":3},{"damage":12,"enemies":"2 Fungi Beasts","floor":14,"turns":2},{"damage":20,"enemies":"Exordium Wildlife","floor":15,"turns":2},{"damage":70,"enemies":"downfall:Defect","floor":16,"turns":5},{"damage":23,"enemies":"Gremlin Leader","floor":19,"turns":5},{"damage":26,"enemies":"Spheric Guardian","floor":20,"turns":3},{"damage":27,"enemies":"conspire:Head Lice","floor":22,"turns":4},{"damage":25,"enemies":"downfall:FleeingMerchant","floor":25,"turns":4},{"damage":44,"enemies":"conspire:HollyBat","floor":26,"turns":6},{"damage":9,"enemies":"Shelled Parasite and Fungi","floor":29,"turns":2},{"damage":31,"enemies":"Centurion and Healer","floor":31,"turns":3},{"damage":40,"enemies":"conspire:HollyBat","floor":32,"turns":6},{"damage":91,"enemies":"downfall:Watcher","floor":33,"turns":4}],"seed_played":"-1621467985192680589","potions_obtained":[{"floor":8,"key":"conspire:TimeTravelPotion"},{"floor":10,"key":"ColorlessPotion"},{"floor":14,"key":"AttackPotion"},{"floor":15,"key":"Toxic Potion"},{"floor":18,"key":"Fire Potion"},{"floor":18,"key":"Dexterity Potion"},{"floor":22,"key":"SkillPotion"},{"floor":23,"key":"AttackPotion"},{"floor":23,"key":"EssenceOfSteel"},{"floor":26,"key":"Adrenaline Potion"},{"floor":27,"key":"Block Potion"},{"floor":27,"key":"champ:CounterPotion"},{"floor":30,"key":"downfall:CursedFountainPotion"},{"floor":31,"key":"SkillPotion"},{"floor":32,"key":"Energy Potion"}],"is_trial":false,"path_per_floor":["R","M","R","M","R","?","T","E","R","E","$","M","?","M","M","B",null,"R_BF","E","M","R","E","R","T","$","M","R","?","M","?","M","M","B"],"character_chosen":"SLIMEBOUND","items_purchased":[],"campfire_rested":0,"item_purchase_floors":[],"current_hp_per_floor":[60,60,60,60,60,60,60,60,70,65,70,70,70,70,66,36,70,70,70,60,60,70,70,70,69,56,56,56,69,69,62,58,0,0],"gold":388,"neow_bonus":"THREE_ENEMY_KILL","is_daily":false,"chose_seed":false,"campfire_upgraded":4,"win_rate":0.0,"timestamp":1607815766,"path_taken":["R","M","R","M","R","?","T","E","R","E","$","M","?","?","M","BOSS","R_BF","E","M","R","E","R","T","$","M","R","?","M","?","M","M","BOSS"],"items_purchased_type":[],"build_version":"2020-11-17","purchased_purges":1,"victory":false,"max_hp_per_floor":[60,60,60,60,60,60,60,60,70,70,70,70,70,70,70,70,70,70,70,70,70,70,70,70,70,70,70,70,76,76,76,76,76,76],"card_choices":[{"not_picked":["Slimebound:Schlurp","Slimebound:FinishingTackle"],"picked":"Slimebound:SplitBruiser","floor":2},{"not_picked":["Slimebound:Grow","Slimebound:GrowthPunch"],"picked":"Slimebound:PressTheAttack","floor":4},{"not_picked":["Slimebound:FinishingTackle","Slimebound:SplitAcid"],"picked":"Slimebound:PressTheAttack","floor":8},{"not_picked":["Slimebound:FinishingTackle","Slimebound:DuplicatedForm"],"picked":"Slimebound:SplitMire","floor":10},{"not_picked":["Slimebound:LivingWall","Slimebound:ComboTackle"],"picked":"Slimebound:LevelUp","floor":11},{"not_picked":["Slimebound:FinishingTackle","Slimebound:LeechingTouch","Slimebound:SlimeTap"],"picked":"SKIP","floor":12},{"not_picked":["Slimebound:ComboTackle","Slimebound:Schlurp"],"picked":"Slimebound:SplitBruiser","floor":14},{"not_picked":["Slimebound:RollThrough","Slimebound:SplitMire"],"picked":"Slimebound:Gluttony","floor":15},{"not_picked":["Slimebound:OozeBath","Slimebound:Teamwork"],"picked":"Slimebound:MassFeed","floor":16},{"not_picked":["Slimebound:GoopSpray+1","Slimebound:ViciousTackle"],"picked":"Slimebound:MinionMaster","floor":19},{"not_picked":["Slimebound:Replication","Slimebound:SplitLeeching+1"],"picked":"Slimebound:SplitAcid+1","floor":20},{"not_picked":["Slimebound:ComboTackle","Slimebound:RallyTheTroops"],"picked":"Slimebound:FirmFortitude","floor":22},{"not_picked":["Slimebound:ComboTackle","Slimebound:RollThrough","Slimebound:SplitAcid"],"picked":"SKIP","floor":25},{"not_picked":["Slimebound:SplitBruiser","Slimebound:GoopSpray"],"picked":"Slimebound:SplitMire+1","floor":26},{"not_picked":["Slimebound:SplitBruiser","Slimebound:SamplingLick","Slimebound:GrowthPunch"],"picked":"SKIP","floor":29},{"not_picked":["Slimebound:LeechingTouch","Slimebound:FirmFortitude","Slimebound:SplitAcid"],"picked":"SKIP","floor":31},{"not_picked":["Slimebound:SplitMire","Slimebound:LeechingTouch","Slimebound:AcidTongue+1"],"picked":"SKIP","floor":32}],"player_experience":21835,"relics_obtained":[{"floor":8,"key":"Replay:Baseball"},{"floor":10,"key":"ReplayTheSpireMod:Lightbulb"},{"floor":19,"key":"Ancient Tea Set"},{"floor":22,"key":"Chameleon Ring"},{"floor":24,"key":"infinitespire:CheckeredPen"}],"event_choices":[{"damage_healed":0,"gold_gain":0,"player_choice":"Leave","damage_taken":0,"max_hp_gain":0,"max_hp_loss":0,"event_name":"conspire:Investor","floor":6,"gold_loss":0}],"is_beta":true,"boss_relics":[{"not_picked":["Snecko Eye","ChewingGum"],"picked":"Coffee Dripper"}],"items_purged_floors":[25],"is_endless":false,"potions_floor_spawned":[8,10,14,15,22,26,31,32],"killed_by":"downfall:Watcher","ascension_level":0}}