{"host":"oi1nj6gqzrtwlr6p","time":1607763898,"event":{"mods":["2.2 Compatiblity","BaseMod","Better Match","Better Note","Block Reminder","Colored Powertips","DeckTracker","Downfall","Energized Spire","Koishi","Marisa????????","Minty Spire (QoL Compilation)","Rare Cards Sparkle","Reimu??????","StSLib","Td1madao Mod","The Administrix","The Senshi","The Servant 0.9.4","The Vixen","The Wild Card"],"gold_per_floor":[118,138,37,51,63,63,77,77,100,120,137,68,68,84,84,179,179,192,192,204,204,216,216,251,251,251,251,251,266,77,97,97,195,195,213,263,279,279,29,29,39,51,99,99,116,132,132,57,57,57],"floor_reached":51,"playtime":4433,"items_purged":["Parasite"],"score":638,"play_id":"bbd58376-12d1-4f6f-90ce-6ed189345270","local_time":"20201212030458","is_ascension_mode":false,"campfire_choices":[{"data":"Guardian:PiercingHide","floor":6,"key":"SMITH"},{"data":"theWildCard:Polydeuces","floor":15,"key":"SMITH"},{"data":"Guardian:PrismaticBeam","floor":23,"key":"SMITH"},{"data":"Guardian:CompilePackage","floor":25,"key":"SMITH"},{"data":"Guardian:FierceBash","floor":28,"key":"SMITH"},{"floor":32,"key":"REST"},{"data":"Guardian:CurlUp","floor":40,"key":"SMITH"},{"data":"Guardian:Incinerate","floor":47,"key":"SMITH"},{"data":"Guardian:ShieldCharger","floor":49,"key":"SMITH"}],"circlet_count":0,"master_deck":["Guardian:Strike_Guardian","Guardian:Strike_Guardian","Guardian:Strike_Guardian","Guardian:Defend_Guardian","Guardian:Defend_Guardian","Guardian:Defend_Guardian","Guardian:CurlUp+1","Guardian:TwinSlam","CurseOfTheBell","Guardian:Incinerate+1","Guardian:Reroute","Guardian:VentSteam","Guardian:PiercingHide+1","Guardian:Suspension","Guardian:PrismaticBeam+1","Guardian:FierceBash+1","theWildCard:Polydeuces+1","Guardian:ExploitGems","Guardian:Preprogram","Guardian:Recover+1","Guardian:CompilePackage+1","Guardian:ArmoredProtocol","Guardian:TimeCapacitor","Guardian:TemporalShield+1","Guardian:FastForward","Madness","Madness","Guardian:Suspension","Guardian:Planning+1","Guardian:Gem_Fragmented","Guardian:ChargeCore+1","Guardian:ShieldCharger+1"],"relics":["Calling Bell","Bronze Scales","Letter Opener","Torii","Art of War","RedLine:ReiMu","Anchor","Kunai","Happy Flower","Empty Cage","CatCart","Guardian:BottledStasis","Potion Belt"],"acts_visited":["Exordium","TheCity","TheBeyond"],"potions_floor_usage":[10,36,36,50,50],"damage_taken":[{"damage":0,"enemies":"Cultist","floor":1,"turns":3},{"damage":0,"enemies":"Small Slimes","floor":2,"turns":2},{"damage":0,"enemies":"Jaw Worm","floor":4,"turns":2},{"damage":1,"enemies":"2 Fungi Beasts","floor":5,"turns":3},{"damage":0,"enemies":"Large Slime","floor":7,"turns":5},{"damage":0,"enemies":"Exordium Thugs","floor":10,"turns":3},{"damage":1,"enemies":"Looter","floor":11,"turns":2},{"damage":8,"enemies":"Exordium Wildlife","floor":14,"turns":4},{"damage":5,"enemies":"The Guardian","floor":16,"turns":7},{"damage":0,"enemies":"3 Byrds","floor":18,"turns":1},{"damage":0,"enemies":"Shell Parasite","floor":20,"turns":4},{"damage":13,"enemies":"Shelled Parasite and Fungi","floor":22,"turns":5},{"damage":6,"enemies":"Book of Stabbing","floor":24,"turns":4},{"damage":11,"enemies":"Chosen and Byrds","floor":29,"turns":4},{"damage":0,"enemies":"Centurion and Healer","floor":31,"turns":4},{"damage":1,"enemies":"Champ","floor":33,"turns":7},{"damage":0,"enemies":"3 Shapes","floor":35,"turns":4},{"damage":0,"enemies":"Orin","floor":36,"turns":6},{"damage":0,"enemies":"Orb Walker","floor":37,"turns":3},{"damage":0,"enemies":"Writhing Mass","floor":41,"turns":5},{"damage":1,"enemies":"Sphere and 2 Shapes","floor":42,"turns":3},{"damage":6,"enemies":"4 Shapes","floor":45,"turns":3},{"damage":0,"enemies":"3 Darklings","floor":46,"turns":5},{"damage":31,"enemies":"Awakened One","floor":50,"turns":8}],"seed_played":"5447729581203023438","potions_obtained":[{"floor":1,"key":"Fire Potion"},{"floor":10,"key":"SpeedPotion"},{"floor":14,"key":"Block Potion"},{"floor":22,"key":"Swift Potion"},{"floor":35,"key":"PowerPotion"},{"floor":41,"key":"Fire Potion"},{"floor":42,"key":"Swift Potion"},{"floor":45,"key":"LiquidBronze"}],"is_trial":false,"path_per_floor":["M","M","$","M","M","R","M","?","T","M","M","$","?","M","R","B",null,"M","?","M","?","M","R","E","R","T","?","R","M","$","M","R","B",null,"M","?","M","?","$","R","M","M","T","?","M","M","R","$","R","B",null],"character_chosen":"GUARDIAN","items_purchased":["Guardian:Gem_Red","Guardian:VentSteam","Guardian:FierceBash","Happy Flower","Guardian:TimeCapacitor","Guardian:BottledStasis","Guardian:Suspension","Guardian:Gem_Cyan"],"campfire_rested":1,"item_purchase_floors":[3,3,12,30,30,39,39,39],"current_hp_per_floor":[80,80,80,80,79,79,79,79,79,79,78,78,78,70,70,65,80,80,80,80,80,67,67,61,61,61,61,61,50,50,50,74,73,80,80,80,80,70,70,70,70,69,69,69,63,63,63,63,63,32],"gold":57,"neow_bonus":"BOSS_RELIC","is_daily":false,"chose_seed":false,"campfire_upgraded":8,"win_rate":0.0,"timestamp":1607763898,"path_taken":["M","M","$","?","M","R","M","?","T","M","M","?","?","M","R","BOSS","M","?","M","?","?","R","E","R","T","?","R","M","$","M","R","BOSS","M","?","M","?","?","R","?","M","T","?","M","M","R","?","R","BOSS"],"items_purchased_type":["Card","Card","Card","Relic","Card","Relic","Card","Card"],"build_version":"2020-11-30","purchased_purges":1,"victory":true,"max_hp_per_floor":[80,80,80,80,80,80,80,80,80,80,80,80,80,80,80,80,80,80,80,80,80,80,80,80,80,80,80,80,80,80,80,80,80,80,80,80,80,80,80,80,80,80,80,80,80,80,80,77,77,77],"card_choices":[{"not_picked":["Guardian:CrystalBeam","Guardian:TemporalShield"],"picked":"Guardian:Incinerate","floor":1},{"not_picked":["Guardian:Harden","Guardian:PrismaticBeam"],"picked":"Guardian:Reroute","floor":2},{"not_picked":["Guardian:ChargeCore","Guardian:PolyBeam"],"picked":"Guardian:Gem_Crimson","floor":4},{"not_picked":["Guardian:BronzeOrb","Guardian:Repulse"],"picked":"Guardian:PiercingHide","floor":5},{"not_picked":["Guardian:Incinerate","Guardian:Planning"],"picked":"Guardian:Gem_Green","floor":7},{"not_picked":["Guardian:GemFire","Guardian:TemporalStrike"],"picked":"Guardian:Suspension","floor":10},{"not_picked":["Guardian:TemporalShield","Guardian:Harden"],"picked":"Guardian:PrismaticBeam","floor":11},{"not_picked":["Guardian:DonusPower","Guardian:Reroute"],"picked":"Guardian:Gem_Blue","floor":14},{"not_picked":["Guardian:StasisStrike","Guardian:AncientConstruct"],"picked":"Guardian:ExploitGems","floor":16},{"not_picked":["Guardian:MultiBeam","Guardian:Reroute"],"picked":"Guardian:Preprogram","floor":18},{"not_picked":["Guardian:CrystalBeam+1","Guardian:BronzeArmor"],"picked":"Guardian:Gem_Cyan","floor":20},{"not_picked":["Guardian:Gem_Cyan","Guardian:DecasProtection"],"picked":"Guardian:Recover+1","floor":22},{"not_picked":["Guardian:Preprogram","Guardian:RollAttack+1"],"picked":"Guardian:CompilePackage","floor":24},{"not_picked":["Guardian:Suspension+1","Guardian:PrismaticBeam"],"picked":"Guardian:ArmoredProtocol","floor":29},{"not_picked":["Guardian:ShieldSpikes","Guardian:Recover+1"],"picked":"Guardian:TemporalShield+1","floor":31},{"not_picked":["Guardian:StasisField","Guardian:AncientConstruct"],"picked":"Guardian:FastForward","floor":33},{"not_picked":["Guardian:Gem_Cyan","Guardian:BronzeOrb+1"],"picked":"Guardian:Gem_Crimson","floor":35},{"not_picked":["Guardian:TemporalShield+1","Guardian:RollAttack"],"picked":"Guardian:Gem_Green","floor":36},{"not_picked":["Guardian:PiercingHide","Guardian:Harden"],"picked":"Guardian:Gem_Green","floor":37},{"not_picked":["Guardian:ShieldCharger+1","Guardian:Gem_Yellow"],"picked":"Guardian:Planning+1","floor":41},{"not_picked":["Guardian:FuturePlans","Guardian:TemporalStrike"],"picked":"Guardian:Gem_Fragmented","floor":42},{"not_picked":["Guardian:PrimingBeam+1","Guardian:DecasProtection+1"],"picked":"Guardian:ChargeCore+1","floor":45},{"not_picked":["Guardian:Gem_Crimson","Guardian:ChargeCore+1"],"picked":"Guardian:ShieldCharger","floor":46}],"player_experience":327289,"relics_obtained":[{"floor":0,"key":"Bronze Scales"},{"floor":0,"key":"Letter Opener"},{"floor":0,"key":"Torii"},{"floor":9,"key":"Art of War"},{"floor":24,"key":"Anchor"},{"floor":26,"key":"Kunai"},{"floor":36,"key":"CatCart"},{"floor":43,"key":"Potion Belt"}],"event_choices":[{"damage_healed":0,"gold_gain":0,"player_choice":"Ignored","damage_taken":0,"max_hp_gain":0,"max_hp_loss":0,"event_name":"betterNote:BetterNote","floor":21,"gold_loss":0,"cards_obtained":["SpringWay:ReiMu"]},{"damage_healed":0,"gold_gain":0,"player_choice":"Read","damage_taken":0,"max_hp_gain":0,"max_hp_loss":0,"event_name":"The Library","floor":27,"gold_loss":0,"cards_obtained":["Guardian:Gem_White"]},{"damage_healed":0,"gold_gain":0,"player_choice":"Fight","damage_taken":0,"max_hp_gain":0,"max_hp_loss":0,"event_name":"OrinTheCat","floor":36,"gold_loss":0},{"damage_healed":0,"gold_gain":0,"player_choice":"Embrace Madness","damage_taken":10,"max_hp_gain":0,"max_hp_loss":0,"event_name":"Winding Halls","floor":38,"gold_loss":0,"cards_obtained":["Madness","Madness"]}],"is_beta":false,"boss_relics":[{"not_picked":["Cursed Key","energizedSpire:DeadBattery"],"picked":"RedLine:ReiMu"},{"not_picked":["Runic Pyramid","Runic Dome"],"picked":"Empty Cage"}],"items_purged_floors":[48],"is_endless":false,"potions_floor_spawned":[1,10,14,22,33,35,41,42,45],"ascension_level":0}}