{"host":"6jcxerjfmuawfds2","time":1607770467,"event":{"mods":["BaseMod","Minty Spire (QoL Compilation)","StSLib"],"gold_per_floor":[109,14,14,30,30,30,67,84,107,107,120,132,152,187,187,293,293,321,340,1,46,46,46,64,64,64,73,93,107,138,152,152,256,256,280,29,29,56,56,87,87,131,200,214,225,250,33,53,53,53],"floor_reached":51,"playtime":1571,"items_purged":["Strike_B","Strike_B"],"score":906,"play_id":"295b7059-a4dd-4c06-ada2-542f9bf05340","local_time":"20201212195427","is_ascension_mode":true,"campfire_choices":[{"data":"Static Discharge","floor":6,"key":"SMITH"},{"data":"Zap","floor":10,"key":"SMITH"},{"data":"Thunder Strike","floor":15,"key":"SMITH"},{"data":"Ghostly","floor":23,"key":"SMITH"},{"data":"Static Discharge","floor":25,"key":"SMITH"},{"data":"Ghostly","floor":32,"key":"SMITH"},{"data":"Electrodynamics","floor":41,"key":"SMITH"},{"data":"Apotheosis","floor":49,"key":"SMITH"}],"circlet_count":0,"master_deck":["Defend_B","Defend_B","Defend_B","Defend_B","Zap+1","Dualcast","Ball Lightning","Static Discharge+1","Gash","Thunder Strike+1","Beam Cell","Electrodynamics+1","Conserve Battery","Melter+1","Static Discharge+1","Ghostly+1","Ghostly+1","Ghostly","Ghostly","Ghostly","Electrodynamics","Storm","Seek","Apotheosis+1","Redo+1","Self Repair+1","Echo Form"],"relics":["Cracked Core","NeowsBlessing","CeramicFish","Toy Ornithopter","Girya","Runic Pyramid","Membership Card","Mercury Hourglass","Bottled Tornado","Potion Belt","SlaversCollar","TheAbacus","Blue Candle","Pen Nib","InkBottle","Thread and Needle","ClockworkSouvenir"],"acts_visited":["Exordium","TheCity","TheBeyond"],"potions_floor_usage":[13,16,33,40,50],"damage_taken":[{"damage":0,"enemies":"2 Louse","floor":1,"turns":1},{"damage":0,"enemies":"Cultist","floor":4,"turns":1},{"damage":0,"enemies":"3 Sentries","floor":7,"turns":1},{"damage":0,"enemies":"Small Slimes","floor":8,"turns":3},{"damage":12,"enemies":"Blue Slaver","floor":11,"turns":2},{"damage":7,"enemies":"Large Slime","floor":12,"turns":3},{"damage":8,"enemies":"Gremlin Gang","floor":13,"turns":2},{"damage":16,"enemies":"Lagavulin","floor":14,"turns":6},{"damage":19,"enemies":"The Guardian","floor":16,"turns":7},{"damage":5,"enemies":"Chosen","floor":18,"turns":3},{"damage":0,"enemies":"3 Byrds","floor":19,"turns":3},{"damage":1,"enemies":"Centurion and Healer","floor":24,"turns":6},{"damage":12,"enemies":"Shelled Parasite and Fungi","floor":28,"turns":4},{"damage":3,"enemies":"Snake Plant","floor":29,"turns":4},{"damage":4,"enemies":"Gremlin Leader","floor":30,"turns":4},{"damage":2,"enemies":"Centurion and Healer","floor":31,"turns":4},{"damage":4,"enemies":"Collector","floor":33,"turns":8},{"damage":11,"enemies":"3 Shapes","floor":35,"turns":2},{"damage":22,"enemies":"3 Darklings","floor":38,"turns":3},{"damage":2,"enemies":"Giant Head","floor":40,"turns":7},{"damage":0,"enemies":"Reptomancer","floor":42,"turns":5},{"damage":3,"enemies":"Spire Growth","floor":44,"turns":5},{"damage":4,"enemies":"Jaw Worm Horde","floor":45,"turns":3},{"damage":2,"enemies":"4 Shapes","floor":46,"turns":3},{"damage":0,"enemies":"Maw","floor":48,"turns":6},{"damage":0,"enemies":"Time Eater","floor":50,"turns":8}],"seed_played":"2797757517048496098","potions_obtained":[{"floor":4,"key":"EssenceOfSteel"},{"floor":11,"key":"ColorlessPotion"},{"floor":12,"key":"FocusPotion"},{"floor":13,"key":"Energy Potion"},{"floor":16,"key":"Weak Potion"},{"floor":31,"key":"SkillPotion"},{"floor":40,"key":"Energy Potion"},{"floor":42,"key":"PowerPotion"}],"is_trial":false,"path_per_floor":["M","$","?","M","$","R","E","M","T","R","M","M","M","E","R","B",null,"M","M","$","?","?","R","M","R","T","?","M","M","E","M","R","B",null,"M","$","?","M","?","E","R","E","T","M","M","M","$","M","R","B",null],"character_chosen":"DEFECT","items_purchased":["Static Discharge","Gash","Static Discharge","Membership Card","Mercury Hourglass","Regen Potion","TheAbacus","Apotheosis","Thread and Needle","ClockworkSouvenir"],"campfire_rested":0,"item_purchase_floors":[2,2,20,20,20,36,36,36,47,47],"current_hp_per_floor":[75,75,75,75,75,75,75,75,75,75,63,56,53,37,37,23,75,70,70,70,37,37,37,36,36,36,36,24,21,17,15,15,16,37,26,26,26,4,4,22,22,22,22,19,15,23,23,23,23,37],"gold":53,"neow_bonus":"THREE_ENEMY_KILL","is_daily":false,"chose_seed":false,"campfire_upgraded":8,"win_rate":0.0,"timestamp":1607770467,"path_taken":["M","$","?","?","$","R","E","M","T","R","M","M","?","E","R","BOSS","M","M","$","?","?","R","M","R","T","?","?","M","E","M","R","BOSS","M","$","?","?","?","E","R","E","T","M","M","M","$","M","R","BOSS"],"items_purchased_type":["Card","Card","Card","Relic","Relic","Potion","Relic","Card","Relic","Relic"],"build_version":"2020-11-30","purchased_purges":2,"victory":true,"max_hp_per_floor":[75,75,75,75,75,75,75,75,75,75,75,75,75,75,75,75,75,75,75,75,37,37,37,37,37,37,37,37,37,37,37,37,37,37,37,37,37,37,37,37,37,37,37,37,37,37,37,37,37,37],"card_choices":[{"not_picked":["Turbo","BootSequence"],"picked":"Ball Lightning","floor":1},{"not_picked":["Double Energy","Coolheaded","Barrage"],"picked":"SKIP","floor":4},{"not_picked":["Hologram","Undo"],"picked":"Thunder Strike","floor":7},{"not_picked":["Streamline","Chill","Compile Driver"],"picked":"SKIP","floor":8},{"not_picked":["FTL","Steam","Turbo"],"picked":"SKIP","floor":11},{"not_picked":["Gash","Coolheaded","Streamline"],"picked":"SKIP","floor":12},{"not_picked":["Leap","Streamline","Meteor Strike"],"picked":"SKIP","floor":13},{"not_picked":["Barrage","Force Field"],"picked":"Beam Cell","floor":14},{"not_picked":["Machine Learning","Echo Form"],"picked":"Electrodynamics","floor":16},{"not_picked":["Steam","Stack"],"picked":"Conserve Battery","floor":18},{"not_picked":["Gash","Darkness+1"],"picked":"Melter+1","floor":19},{"not_picked":["Barrage","Cold Snap+1","Force Field+1"],"picked":"SKIP","floor":24},{"not_picked":["Fusion","Turbo+1"],"picked":"Storm","floor":28},{"not_picked":["Stack","Barrage","Turbo+1"],"picked":"SKIP","floor":29},{"not_picked":["Sweeping Beam","Barrage+1","Hyperbeam"],"picked":"SKIP","floor":30},{"not_picked":["Barrage","Cold Snap+1","Sweeping Beam"],"picked":"SKIP","floor":31},{"not_picked":["Creative AI","Fission"],"picked":"Seek","floor":33},{"not_picked":["Sweeping Beam+1","Streamline"],"picked":"Capacitor","floor":35},{"not_picked":["Static Discharge","Glacier+1"],"picked":"Redo+1","floor":38},{"not_picked":["Doom and Gloom","Genetic Algorithm+1","Lockon"],"picked":"SKIP","floor":40},{"not_picked":["Streamline+1","Recycle"],"picked":"Self Repair+1","floor":42},{"not_picked":["Steam","Go for the Eyes+1","Hologram+1"],"picked":"SKIP","floor":44},{"not_picked":["Sunder","Coolheaded","Compile Driver+1"],"picked":"SKIP","floor":45},{"not_picked":["Sweeping Beam+1","Hologram+1"],"picked":"Echo Form","floor":46},{"not_picked":["Compile Driver+1","Go for the Eyes","BootSequence+1"],"picked":"SKIP","floor":48}],"player_experience":126762,"relics_obtained":[{"floor":7,"key":"CeramicFish"},{"floor":9,"key":"Toy Ornithopter"},{"floor":14,"key":"Girya"},{"floor":26,"key":"Bottled Tornado"},{"floor":30,"key":"Potion Belt"},{"floor":40,"key":"Blue Candle"},{"floor":42,"key":"Pen Nib"},{"floor":43,"key":"InkBottle"}],"event_choices":[{"cards_removed":["Strike_B"],"damage_healed":0,"gold_gain":0,"player_choice":"Purged","damage_taken":0,"max_hp_gain":0,"max_hp_loss":0,"event_name":"Purifier","floor":3,"gold_loss":0},{"damage_healed":0,"gold_gain":0,"player_choice":"Became a Ghost","damage_taken":0,"max_hp_gain":0,"max_hp_loss":38,"event_name":"Ghosts","floor":21,"gold_loss":0,"cards_obtained":["Ghostly","Ghostly","Ghostly","Ghostly","Ghostly"]},{"damage_healed":0,"gold_gain":0,"player_choice":"1 cards matched","damage_taken":0,"max_hp_gain":0,"max_hp_loss":0,"event_name":"Match and Keep!","floor":27,"gold_loss":0,"cards_obtained":["Electrodynamics"]},{"cards_removed":["Strike_B"],"damage_healed":0,"gold_gain":0,"player_choice":"Purged","damage_taken":0,"max_hp_gain":0,"max_hp_loss":0,"event_name":"Purifier","floor":37,"gold_loss":0},{"cards_removed":["Capacitor"],"damage_healed":0,"gold_gain":0,"player_choice":"Removed Power","damage_taken":0,"max_hp_gain":0,"max_hp_loss":0,"event_name":"Falling","floor":39,"gold_loss":0}],"is_beta":false,"boss_relics":[{"not_picked":["Busted Crown","Cursed Key"],"picked":"Runic Pyramid"},{"not_picked":["FrozenCore","Empty Cage"],"picked":"SlaversCollar"}],"items_purged_floors":[20,36],"is_endless":false,"potions_floor_spawned":[4,11,12,13,16,18,31,40,42,45,48],"ascension_level":1}}