{"host":"turdyikuxcak11ni","time":1607770694,"event":{"mods":["AchievementEnabler","BaseMod","Colored Map","Minty Spire (QoL Compilation)","Spicy Shops","StSLib","SuperFastMode"],"gold_per_floor":[114,130,130,140,14,41,41,61,137,137,172,172,347,1,1,101,101,113,123,133,133,133,163,183,183,232,232,246,246,246],"floor_reached":29,"playtime":1268,"items_purged":["Clumsy","Doubt"],"score":333,"play_id":"a195c199-457a-4bf4-8f68-28037e67a7f2","local_time":"20201212025814","is_ascension_mode":true,"campfire_choices":[{"floor":7,"key":"REST"},{"floor":10,"key":"REST"},{"floor":12,"key":"REST"},{"data":"White Noise","floor":15,"key":"SMITH"},{"floor":25,"key":"REST"},{"data":"Zap","floor":27,"key":"SMITH"}],"circlet_count":0,"master_deck":["Strike_B+1","Strike_B+1","Defend_B","Defend_B","Defend_B","Defend_B","Zap+1","Dualcast","Electrodynamics","Gash","Redo","White Noise+1","Redo","Steam","Ball Lightning","Gash","All For One","Go for the Eyes+1","Amplify","Buffer","Thunder Strike","Go for the Eyes"],"relics":["Cracked Core","Lizard Tail","InkBottle","Anchor","Lee\u0027s Waffle","Black Star","Gremlin Horn","Mercury Hourglass","Pen Nib"],"acts_visited":["Exordium","TheCity"],"potions_floor_usage":[6,11,19,19,23,23,23,23,23,23,24,28],"damage_taken":[{"damage":5,"enemies":"Cultist","floor":1,"turns":4},{"damage":9,"enemies":"Jaw Worm","floor":2,"turns":4},{"damage":0,"enemies":"Small Slimes","floor":4,"turns":2},{"damage":32,"enemies":"Lagavulin","floor":6,"turns":8},{"damage":3,"enemies":"3 Louse","floor":8,"turns":3},{"damage":32,"enemies":"Gremlin Nob","floor":11,"turns":4},{"damage":0,"enemies":"Slime Boss","floor":16,"turns":6},{"damage":24,"enemies":"2 Thieves","floor":18,"turns":4},{"damage":5,"enemies":"Shell Parasite","floor":19,"turns":5},{"damage":41,"enemies":"Shelled Parasite and Fungi","floor":20,"turns":5},{"damage":5,"enemies":"Book of Stabbing","floor":23,"turns":4},{"damage":13,"enemies":"Snake Plant","floor":24,"turns":5},{"damage":33,"enemies":"Centurion and Healer","floor":28,"turns":7},{"damage":33,"enemies":"Slavers","floor":29,"turns":3}],"seed_played":"-4700884690381573961","potions_obtained":[{"floor":2,"key":"SteroidPotion"},{"floor":6,"key":"GamblersBrew"},{"floor":16,"key":"LiquidMemories"},{"floor":22,"key":"EntropicBrew"},{"floor":22,"key":"BlessingOfTheForge"},{"floor":22,"key":"ColorlessPotion"},{"floor":23,"key":"Swift Potion"},{"floor":24,"key":"Explosive Potion"}],"is_trial":false,"path_per_floor":["M","M","?","M","$","E","R","M","T","R","E","R","?","$","R","B",null,"M","M","M","?","?","E","M","R","T","R","M","E"],"character_chosen":"DEFECT","items_purchased":["Redo","Lee\u0027s Waffle","Gash","PowerPotion"],"campfire_rested":4,"item_purchase_floors":[5,14,14,14],"current_hp_per_floor":[70,61,46,46,46,14,36,33,33,55,23,45,45,82,82,82,82,58,53,12,12,12,7,35,59,59,59,26,0,0],"gold":246,"neow_bonus":"THREE_RARE_CARDS","is_daily":false,"chose_seed":false,"campfire_upgraded":2,"win_rate":0.0,"timestamp":1607770694,"path_taken":["M","M","?","M","?","E","R","M","T","R","E","R","?","$","R","BOSS","M","M","M","?","?","E","M","R","T","R","?","E"],"items_purchased_type":["Card","Relic","Card","Potion"],"build_version":"2020-11-30","purchased_purges":2,"victory":false,"max_hp_per_floor":[75,75,75,75,75,75,75,75,75,75,75,75,75,82,82,82,82,82,82,82,82,82,82,82,82,82,82,82,82,82],"card_choices":[{"not_picked":["Meteor Strike","Creative AI"],"picked":"Electrodynamics","floor":0},{"not_picked":["Auto Shields","Hologram"],"picked":"Gash","floor":1},{"not_picked":["Turbo","Cold Snap"],"picked":"Redo","floor":2},{"not_picked":["Steam","Chill"],"picked":"White Noise","floor":4},{"not_picked":["Coolheaded","Recycle"],"picked":"Steam","floor":6},{"not_picked":["Barrage","Melter","Beam Cell"],"picked":"SKIP","floor":8},{"not_picked":["Aggregate","Storm"],"picked":"Ball Lightning","floor":11},{"not_picked":["Buffer","Amplify"],"picked":"All For One","floor":16},{"not_picked":["Hologram","Conserve Battery+1"],"picked":"Go for the Eyes+1","floor":18},{"not_picked":["Conserve Battery","Streamline","Compile Driver+1"],"picked":"SKIP","floor":19},{"not_picked":["Aggregate","Rebound","Sunder"],"picked":"SKIP","floor":20},{"not_picked":["Hologram","Leap"],"picked":"Thunder Strike","floor":23},{"not_picked":["Barrage+1","Melter"],"picked":"Go for the Eyes","floor":24},{"not_picked":["Turbo+1","Darkness+1","Ball Lightning+1"],"picked":"SKIP","floor":28}],"player_experience":206735,"relics_obtained":[{"floor":6,"key":"Lizard Tail"},{"floor":9,"key":"InkBottle"},{"floor":11,"key":"Anchor"},{"floor":23,"key":"Gremlin Horn"},{"floor":23,"key":"Mercury Hourglass"},{"floor":26,"key":"Pen Nib"}],"event_choices":[{"damage_healed":0,"gold_gain":0,"player_choice":"Entered Light","damage_taken":15,"max_hp_gain":0,"max_hp_loss":0,"event_name":"Shining Light","floor":3,"gold_loss":0,"cards_upgraded":["Strike_B","Strike_B"]},{"damage_healed":0,"gold_gain":175,"player_choice":"AGREE","damage_taken":0,"max_hp_gain":0,"max_hp_loss":0,"event_name":"Liars Game","floor":13,"gold_loss":0,"cards_obtained":["Doubt"]},{"damage_healed":0,"gold_gain":0,"cards_transformed":["Strike_B","Strike_B"],"player_choice":"Became Test Subject","damage_taken":0,"max_hp_gain":0,"max_hp_loss":0,"event_name":"Drug Dealer","floor":21,"gold_loss":0,"cards_obtained":["Amplify","Buffer"]},{"damage_healed":0,"gold_gain":0,"player_choice":"Got Potions","damage_taken":0,"max_hp_gain":0,"max_hp_loss":0,"event_name":"Lab","floor":22,"gold_loss":0}],"is_beta":false,"boss_relics":[{"not_picked":["Philosopher\u0027s Stone","Astrolabe"],"picked":"Black Star"}],"items_purged_floors":[5,14],"is_endless":false,"potions_floor_spawned":[2,6,16,23,24],"killed_by":"Slavers","ascension_level":2}}