{"host":"ftc0tgnuzn0d2s6e","time":1607747575,"event":{"mods":["Act Like it!","Ascension Reborn","BaseMod","CapriCore","Colored Powertips","Conspire","Downfall","Gensokyo","GifTheSpireLib","KinomotoSakuraMod(Ä¾Ö®±¾Ó£)","Lobotomy","LobotomyExtend","Marisa£¨ìFÓê¡¡Ä§ÀíÉ³£©","Minty Spire (QoL Compilation)","Quick Restart","Reimu£¨²©ÀöÁéÃÎ£©","Replay The Spire","Shop Mod","StSLib","TestMod","The Administrix","The Animator","The Immortal","The Jungle","The Servant 0.9.4","vexMod"],"gold_per_floor":[111,125,125,138,162,162,197,197,286,320,320,338,358,358,358,480,480,492,492,492,972,972,1013,1013,1025,1025,1059,537,554,554,600,600,732,732,757,785,486,528,528,542,542,559,574,592,629,645,645,690,723,736,736,736,753,753,758],"floor_reached":56,"playtime":3454,"items_purged":["BigBird","PunishingBird"],"score":691,"play_id":"462695b6-320f-456b-abad-0d390d47f60c","local_time":"20201212123255","is_ascension_mode":true,"campfire_choices":[{"floor":6.0,"key":"RECALL"},{"data":"Bloodletting","floor":15.0,"key":"SMITH"},{"data":"Limit Break","floor":24.0,"key":"SMITH"},{"data":"Rupture","floor":30.0,"key":"SMITH"},{"data":"Inflame","floor":32.0,"key":"SMITH"},{"floor":47,"key":"REST"},{"floor":51,"key":"REST"},{"floor":54,"key":"REST"}],"circlet_count":0,"master_deck":["BlueStar","Funeral","Woodsman","ApocalypseBird","LongBird","Strike_R+1","Strike_R+1","Strike_R+1","Strike_R+1","Strike_R+1","Defend_R+1","Bash+1","Scorched","Bloodletting+1","Limit Break+1","FieryBird","Rupture+1","Inflame+1","Inflame+1","OSAHOGD"],"relics":["Burning Blood","testmod-Fanaticism","CogitoBucket","RabbitCall","testmod-Fortitude","Justitia_r","Replay:Mystery Machine","Mango","Singing Bowl","Gremlin Horn","testmod-Hope","BackwardClock","HonorFeather","MagicBullet_r","Charon\u0027s Ashes","Replay:Bronze Core","Twilight","Pen Nib","SkinProphecy","InkBottle","testmod-Acrobat","Question Card","TentaclePot:ReiMu","MerchantsRug","Bag of Preparation","RuthlessExorcism:ReiMu","vexMod:CardConverter","Busted Crown","AspirationHeart","TungstenRod","testmod-IndustrialRevolution","Gaze_r","LetterFromLob","Logging_r","Smiling Mask","Dream Catcher","Divine Protection","SolemnVow_r","SoundOfStar_r"],"acts_visited":["Exordium","Gensokyo:Gensokyo","TheBeyond"],"potions_floor_usage":[56],"damage_taken":[{"damage":0.0,"enemies":"Gensokyo:Python","floor":1.0,"turns":2.0},{"damage":0.0,"enemies":"Gensokyo:2_Kodama","floor":2.0,"turns":1.0},{"damage":0.0,"enemies":"Gensokyo:Gryphon","floor":4.0,"turns":1.0},{"damage":0.0,"enemies":"Gensokyo:2_Rabbits","floor":5.0,"turns":1.0},{"damage":0.0,"enemies":"Gensokyo:Cirno","floor":7.0,"turns":4.0},{"damage":0.0,"enemies":"Gensokyo:Aya","floor":10.0,"turns":2.0},{"damage":16.0,"enemies":"Gensokyo:5_Fairies","floor":12.0,"turns":5.0},{"damage":0.0,"enemies":"Gensokyo:VengefulSpirit","floor":13.0,"turns":1.0},{"damage":32.0,"enemies":"Gensokyo:LivingMonolith","floor":14.0,"turns":2.0},{"damage":1.0,"enemies":"Gensokyo:Reimu","floor":16.0,"turns":2.0},{"damage":4.0,"enemies":"Gensokyo:CosmicMonolith","floor":18.0,"turns":2.0},{"damage":120.0,"enemies":"Gensokyo:AngelMirror","floor":20.0,"turns":6.0},{"damage":19.0,"enemies":"Gensokyo:Koishi","floor":23.0,"turns":3.0},{"damage":69.0,"enemies":"Gensokyo:AngelMirror","floor":25.0,"turns":4.0},{"damage":23.0,"enemies":"Gensokyo:Reisen","floor":27.0,"turns":1.0},{"damage":0.0,"enemies":"Gensokyo:Chomper_and_Gloop","floor":29.0,"turns":2.0},{"damage":1.0,"enemies":"Gensokyo:Koishi","floor":31.0,"turns":2.0},{"damage":271.0,"enemies":"Gensokyo:Eternal_Rivals","floor":33.0,"turns":4.0},{"damage":83.0,"enemies":"Orb Walker","floor":36.0,"turns":2.0},{"damage":19.0,"enemies":"Orb Walker","floor":39.0,"turns":1.0},{"damage":0,"enemies":"Small Slimes","floor":40,"turns":1},{"damage":0,"enemies":"Jaw Worm","floor":42,"turns":1},{"damage":0,"enemies":"2 Louse","floor":43,"turns":1},{"damage":2,"enemies":"Exordium Wildlife","floor":44,"turns":1},{"damage":10,"enemies":"3 Sentries","floor":45,"turns":2},{"damage":2,"enemies":"Looter","floor":46,"turns":1},{"damage":9,"enemies":"Lagavulin","floor":49,"turns":1},{"damage":0,"enemies":"3 Louse","floor":50,"turns":1},{"damage":0,"enemies":"Large Slime","floor":53,"turns":1},{"damage":3,"enemies":"The Guardian","floor":55,"turns":2},{"damage":125,"enemies":"Malkuth","floor":56,"turns":4},{"damage":50,"enemies":"Netzach","floor":56,"turns":4},{"damage":297,"enemies":"Geburah","floor":56,"turns":5},{"damage":145,"enemies":"Binah","floor":56,"turns":5},{"damage":21,"enemies":"Angela","floor":56,"turns":4}],"seed_played":"8432713112902692876","potions_obtained":[{"floor":1.0,"key":"testmod-TimePotion"},{"floor":5.0,"key":"Fire Potion"},{"floor":5.0,"key":"AttackPotion"},{"floor":13.0,"key":"FairyPotion"},{"floor":33.0,"key":"GrandPatriotsElixir:ReiMu"}],"is_trial":false,"path_per_floor":["M","M","?","M","M","R","E","?","T","E","?","M","M","M","R","B",null,"M","?","M","?","?","E","R","M","T","E","$","M","R","E","R","B",null,"M","M","$","?","?","M","?","M","M","M","E","M","R","T","E","M","R","?","M","R","B",null],"character_chosen":"IRONCLAD","items_purchased":["Question Card","TentaclePot:ReiMu","Inflame","MerchantsRug","TungstenRod"],"campfire_rested":3,"item_purchase_floors":[28,28,28,28,37],"current_hp_per_floor":[85,85,85,85,85,85,85,84,84,92,92,101,103,103,103,108,108,110,110,112,112,112,112,112,114,114,118,118,120,120,122,122,91,133,149,153,153,99,159,163,163,167,173,177,185,191,191,191,195,199,201,201,207,209,213],"gold":810,"neow_bonus":"","is_daily":false,"chose_seed":false,"campfire_upgraded":4,"win_rate":0.0,"timestamp":1607747575,"path_taken":["M","M","?","M","M","R","E","?","T","E","?","?","M","M","R","BOSS","M","?","M","?","?","E","R","?","T","E","$","M","R","E","R","BOSS","M","M","$","?","?","M","?","M","M","M","E","M","R","T","E","M","R","?","?","R","BOSS"],"items_purchased_type":["Relic","Relic","Card","Relic","Relic"],"build_version":"2020-11-30","purchased_purges":2,"victory":true,"max_hp_per_floor":[85,85,85,85,85,85,85,99,99,99,99,101,103,103,103,108,108,110,110,112,112,112,112,112,114,114,118,118,120,120,122,122,133,133,149,153,153,157,159,163,163,167,173,179,185,191,191,191,195,199,201,201,207,209,213],"card_choices":[{"not_picked":["Murderer","BigBadWolf"],"picked":"Scorched","floor":1.0},{"not_picked":["Defy Death","Iron Wave","Run Through"],"picked":"SKIP","floor":1.0},{"not_picked":["CrumblingArmor","LittleHelper","SpiderBud"],"picked":"Singing Bowl","floor":2.0},{"not_picked":["MHz","ShyLook"],"picked":"QueenOfHatred","floor":2.0},{"not_picked":["Thunderclap","Warcry","Flame Barrier"],"picked":"SKIP","floor":2.0},{"not_picked":["OldLady","VoidDream","Bloodbath"],"picked":"Singing Bowl","floor":4.0},{"not_picked":["Havoc","ReplayTheSpireMod:Muscle Training","True Grit"],"picked":"SKIP","floor":4.0},{"not_picked":["OldLady","ShyLook","CrumblingArmor"],"picked":"Singing Bowl","floor":5.0},{"not_picked":["QueenBee","Porccubus"],"picked":"LongBird","floor":5.0},{"not_picked":["Armaments","Body Slam","ReplayTheSpireMod:Stacked"],"picked":"SKIP","floor":5.0},{"not_picked":["LaLuna","UniverseFragment","Freischutz"],"picked":"Singing Bowl","floor":7.0},{"not_picked":["Replay:Undeath\u0027s Touch","Iron Wave","conspire:HitWhereItHurts"],"picked":"SKIP","floor":7.0},{"not_picked":["CherryBlossoms","RedShoes","Laetitia"],"picked":"Singing Bowl","floor":10.0},{"not_picked":["CherryBlossoms","Freischutz"],"picked":"PunishingBird","floor":10.0},{"not_picked":["Twin Strike","Fire Breathing"],"picked":"Bloodletting","floor":10.0},{"not_picked":["Replay:Undeath\u0027s Touch","Run Through","Thunderclap"],"picked":"Singing Bowl","floor":12.0},{"not_picked":["ShyLook","OSAHOGD","QueenBee"],"picked":"Singing Bowl","floor":12.0},{"not_picked":["UniverseFragment","SpiderBud","CrumblingArmor"],"picked":"Singing Bowl","floor":13.0},{"not_picked":["ReplayTheSpireMod:Corrosion Curse","Power Through","Sword Boomerang"],"picked":"Singing Bowl","floor":13.0},{"not_picked":["OldLady","BeautyBeast","SpiderBud"],"picked":"Singing Bowl","floor":16.0},{"not_picked":["Double Tap","Replay:Many Hands"],"picked":"Brutality","floor":16.0},{"not_picked":["MeatLantern","UniverseFragment"],"picked":"BigBird","floor":18.0},{"not_picked":["Body Slam+1","Shockwave","ReplayReversal"],"picked":"Singing Bowl","floor":18.0},{"not_picked":["Murderer","MHz"],"picked":"FieryBird","floor":20.0},{"not_picked":["Iron Wave","Body Slam","Replay:Undeath\u0027s Touch"],"picked":"Singing Bowl","floor":20.0},{"not_picked":["Scarecrow","MHz","Alriune"],"picked":"Singing Bowl","floor":23.0},{"not_picked":["Defy Death+1","Massacre"],"picked":"Rupture","floor":23.0},{"not_picked":["ReplayTheSpireMod:Strike From Hell+1","Iron Wave","Flex"],"picked":"Singing Bowl","floor":25.0},{"not_picked":["ShyLook","Laetitia","CrumblingArmor"],"picked":"Singing Bowl","floor":25.0},{"not_picked":["Shrug It Off","Headbutt+1","Thunderclap"],"picked":"Singing Bowl","floor":27.0},{"not_picked":["FairyFestival","LittleHelper","Yin"],"picked":"Singing Bowl","floor":27.0},{"not_picked":["BlackSwan","WhiteNight","CherryBlossoms"],"picked":"Singing Bowl","floor":29.0},{"not_picked":["Dual Wield","conspire:Charge","Flex","Heavy Blade"],"picked":"SKIP","floor":29.0},{"not_picked":["HappyTeddy","Bloodbath","SnowQueen"],"picked":"Singing Bowl","floor":31.0},{"not_picked":["Cleave","Replay:Many Hands","Dropkick+1","Clash"],"picked":"SKIP","floor":31.0},{"not_picked":["NakedNest","DreamingCurrent","OSAHOGD"],"picked":"Singing Bowl","floor":33.0},{"not_picked":["Wellcheers","DespairKnight"],"picked":"CENSORED","floor":33.0},{"not_picked":["Fiend Fire","Demon Form","Brutality"],"picked":"Berserk","floor":33.0},{"not_picked":["Sever Soul+1"],"picked":"Inflame+1","floor":35.0},{"not_picked":["HeroicMonk","BlackArmy","LittlePrince"],"picked":"Singing Bowl","floor":36.0},{"not_picked":["Run Through+1","Spot Weakness+1"],"picked":"Singing Bowl","floor":36.0},{"not_picked":["Iron Wave","Shrug It Off+1"],"picked":"Singing Bowl","floor":38.0},{"not_picked":["Fiend Fire","Havoc+1"],"picked":"Singing Bowl","floor":38.0},{"not_picked":["BlackArmy","Scarecrow","QueenBee"],"picked":"Singing Bowl","floor":40},{"not_picked":["HappyTeddy","CrumblingArmor"],"picked":"DespairKnight","floor":40},{"not_picked":["Rupture","Sword Boomerang"],"picked":"SKIP","floor":40},{"not_picked":["Porccubus","SnowQueen","BeautyBeast"],"picked":"Singing Bowl","floor":42},{"not_picked":["Second Wind","ReplayTheSpireMod:Strike From Hell"],"picked":"Singing Bowl","floor":42},{"not_picked":["NothingThere","GreedKing","LittlePrince"],"picked":"Singing Bowl","floor":43},{"not_picked":["QueenBee","DreamingCurrent"],"picked":"MeltingLove","floor":43},{"not_picked":["Iron Wave","Feel No Pain"],"picked":"Singing Bowl","floor":43},{"not_picked":["BeautyBeast","Rudolta","NothingThere"],"picked":"Singing Bowl","floor":44},{"not_picked":["SpiderBud","RedShoes"],"picked":"Woodsman","floor":44},{"not_picked":["Perfected Strike","Battle Trance"],"picked":"Singing Bowl","floor":44},{"not_picked":["PunishingBird","Scarecrow","FairyFestival"],"picked":"Singing Bowl","floor":45},{"not_picked":["Rudolta","HeroicMonk"],"picked":"Funeral","floor":45},{"not_picked":["Clothesline","Twin Strike"],"picked":"Singing Bowl","floor":45},{"not_picked":["Yin","SingingMachine"],"picked":"OSAHOGD","floor":46},{"not_picked":["Run Through","Entrench"],"picked":"Singing Bowl","floor":46},{"not_picked":["SnowQueen","OldLady","QueenBee"],"picked":"Singing Bowl","floor":49},{"not_picked":["ReplayTheSpireMod:Corrosion Curse","Uppercut"],"picked":"Singing Bowl","floor":49},{"not_picked":["Laetitia","RedShoes","CrumblingArmor"],"picked":"Singing Bowl","floor":50},{"not_picked":["Flex","Anger"],"picked":"Singing Bowl","floor":50},{"not_picked":["Armaments","Perfected Strike"],"picked":"Singing Bowl","floor":51},{"not_picked":["SingingMachine","SnowQueen","Mercenary"],"picked":"Singing Bowl","floor":53},{"not_picked":["WhiteNight","Variant"],"picked":"BlueStar","floor":53},{"not_picked":["Entrench","Intimidate"],"picked":"Singing Bowl","floor":53},{"not_picked":["Iron Wave","Pummel"],"picked":"Singing Bowl","floor":54},{"not_picked":["HappyTeddy","BigBadWolf","WhiteNight"],"picked":"Singing Bowl","floor":55},{"not_picked":["Offering","Demonic Infusion"],"picked":"Singing Bowl","floor":55}],"player_experience":168450,"relics_obtained":[{"floor":1.0,"key":"LetterFromLob"},{"floor":4.0,"key":"testmod-Fortitude"},{"floor":7.0,"key":"Replay:Mystery Machine"},{"floor":9.0,"key":"Singing Bowl"},{"floor":9.0,"key":"Gremlin Horn"},{"floor":10.0,"key":"testmod-Hope"},{"floor":16.0,"key":"Charon\u0027s Ashes"},{"floor":20.0,"key":"Twilight"},{"floor":23.0,"key":"Pen Nib"},{"floor":26.0,"key":"InkBottle"},{"floor":27.0,"key":"testmod-Acrobat"},{"floor":29.0,"key":"Bag of Preparation"},{"floor":31.0,"key":"RuthlessExorcism:ReiMu"},{"floor":33.0,"key":"vexMod:CardConverter"},{"floor":38.0,"key":"testmod-IndustrialRevolution"},{"floor":40,"key":"LetterFromLob"},{"floor":45,"key":"Smiling Mask"},{"floor":48,"key":"Dream Catcher"},{"floor":49,"key":"Divine Protection"}],"event_choices":[{"damage_healed":0.0,"max_hp_gain":0.0,"max_hp_loss":0.0,"gold_gain":0.0,"event_name":"conspire:Investor","player_choice":"Leave","floor":3.0,"gold_loss":0.0,"damage_taken":0.0},{"damage_healed":0.0,"max_hp_gain":0.0,"max_hp_loss":0.0,"gold_gain":400.0,"event_name":"¶÷ÂåË¹µÄÅÌ×Ó","player_choice":"Sell","floor":21.0,"relics_lost":["testmod-TestBox"],"gold_loss":0.0,"damage_taken":0.0},{"damage_healed":0,"gold_gain":0,"player_choice":"Ignored","damage_taken":0,"max_hp_gain":0,"max_hp_loss":0,"event_name":"Shining Light","floor":41,"gold_loss":0}],"is_beta":false,"boss_relics":[{"not_picked":["Kintsugi","conspire:RunicOctahedron"],"picked":"Replay:Bronze Core"},{"not_picked":["Fusion Hammer","Runic Dome"],"picked":"Busted Crown"}],"items_purged_floors":[28,37],"is_endless":false,"potions_floor_spawned":[5,13,14,20,36,39,42,46,49,50,53],"ascension_level":0}}