{"host":"qr1bwouox9un7py1","time":1607779820,"event":{"mods":["2.2 Compatiblity","AchievementEnabler","BaseMod","Colored Map","Colored Powertips","GifTheSpireLib","Lobotomy","LobotomyExtend","Minty Spire (QoL Compilation)","Quick Restart","Shop Mod","StSLib","Unceasing Turn Reminder"],"gold_per_floor":[117,130,130,146,146,180,32,32,32,65,85,50,89,89,89,215,215,229,243,158,158,13,13,13,13],"floor_reached":24,"playtime":741,"items_purged":[],"score":286,"play_id":"d06abf49-1ab0-4dd5-b025-2e12c373c84c","local_time":"20201213003020","is_ascension_mode":true,"campfire_choices":[{"floor":15,"key":"REST"},{"data":"Double Tap","floor":23,"key":"SMITH"}],"circlet_count":0,"master_deck":["Strike_R","Strike_R","Strike_R","Strike_R+1","Strike_R","Defend_R","Defend_R","Defend_R","Defend_R+1","Bash","PunishingBird","Hemokinesis+1","UniverseFragment","Offering","MeatLantern","Rampage","Injury","Wellcheers","Shockwave","BigBird","Infernal Blade","Bloodbath","Cleave","OSAHOGD","Fire Breathing+1","WallGazer","Double Tap+1","Woodsman","Rupture+1","Feed"],"relics":["Burning Blood","CogitoBucket","Golden Idol","Paper Frog","Akabeko","Frozen Egg 2","Ginger","SkinProphecy","Darkstone Periapt","LetterFromLob","Mark of Pain","MealTicket","MutagenicStrength","Oddly Smooth Stone"],"acts_visited":["Exordium","TheCity"],"potions_floor_usage":[10,10],"damage_taken":[{"damage":19,"enemies":"Jaw Worm","floor":1,"turns":5},{"damage":10,"enemies":"2 Louse","floor":2,"turns":3},{"damage":8,"enemies":"Cultist","floor":4,"turns":3},{"damage":27,"enemies":"Gremlin Nob","floor":6,"turns":4},{"damage":12,"enemies":"Lagavulin","floor":10,"turns":5},{"damage":15,"enemies":"Large Slime","floor":11,"turns":4},{"damage":27,"enemies":"Gremlin Nob","floor":13,"turns":4},{"damage":38,"enemies":"Hexaghost","floor":16,"turns":11},{"damage":5,"enemies":"Chosen","floor":18,"turns":3},{"damage":1,"enemies":"3 Byrds","floor":19,"turns":2}],"seed_played":"8363644728120453914","potions_obtained":[{"floor":4,"key":"EssenceOfSteel"},{"floor":8,"key":"FairyPotion"},{"floor":8,"key":"Weak Potion"},{"floor":13,"key":"CultistPotion"},{"floor":19,"key":"Strength Potion"}],"is_trial":false,"path_per_floor":["M","M","?","M","?","E","$","?","T","E","M","?","E","?","R","B",null,"M","M","?","?","$","R","M"],"character_chosen":"IRONCLAD","items_purchased":["Akabeko","Oddly Smooth Stone"],"campfire_rested":1,"item_purchase_floors":[7,22],"current_hp_per_floor":[59,55,55,53,53,32,32,32,32,29,23,43,19,3,27,24,69,67,86,86,86,88,88,88,88],"gold":13,"neow_bonus":"","is_daily":false,"chose_seed":false,"campfire_upgraded":1,"win_rate":0.0,"timestamp":1607779820,"path_taken":["M","M","?","M","?","E","$","?","T","E","M","?","E","?","R","BOSS","M","M","?","?","$","R","M"],"items_purchased_type":["Relic","Relic"],"build_version":"2020-11-30","purchased_purges":0,"victory":false,"max_hp_per_floor":[80,80,80,80,80,80,80,80,80,80,80,80,82,82,82,84,84,86,88,88,88,88,88,88,88],"card_choices":[{"not_picked":["Scorched","ShyLook","Murderer"],"picked":"Singing Bowl","floor":1},{"not_picked":["CherryBlossoms","Scarecrow"],"picked":"PunishingBird","floor":1},{"not_picked":["Searing Blow","Ghostly Armor"],"picked":"Hemokinesis","floor":1},{"not_picked":["CherryBlossoms","WallGazer","OldLady"],"picked":"Singing Bowl","floor":2},{"not_picked":["CherryBlossoms","VoidDream"],"picked":"UniverseFragment","floor":2},{"not_picked":["Clothesline","Dropkick"],"picked":"Offering","floor":2},{"not_picked":["OldLady","CherryBlossoms","NakedNest"],"picked":"Singing Bowl","floor":4},{"not_picked":["Rudolta","SpiderBud"],"picked":"MeatLantern","floor":4},{"not_picked":["Havoc","Sever Soul"],"picked":"Rampage","floor":4},{"not_picked":["Bloodbath","OldLady","DreamingCurrent"],"picked":"Singing Bowl","floor":6},{"not_picked":["SnowQueen","Murderer"],"picked":"Wellcheers","floor":6},{"not_picked":["Anger","Perfected Strike"],"picked":"Shockwave","floor":6},{"not_picked":["Mercenary","Freischutz"],"picked":"BigBird","floor":10},{"not_picked":["Uppercut","Iron Wave"],"picked":"Infernal Blade","floor":10},{"not_picked":["LittlePrince","FairyFestival"],"picked":"Bloodbath","floor":11},{"not_picked":["True Grit","Sever Soul"],"picked":"Cleave","floor":11},{"not_picked":["OldLady","BeautyBeast","SpiderBud"],"picked":"Singing Bowl","floor":13},{"not_picked":["VoidDream","BeautyBeast"],"picked":"OSAHOGD","floor":13},{"not_picked":["Flex","Fiend Fire"],"picked":"Fire Breathing+1","floor":13},{"not_picked":["CherryBlossoms","Alriune","Murderer"],"picked":"Singing Bowl","floor":16},{"not_picked":["Alriune","VoidDream"],"picked":"WallGazer","floor":16},{"not_picked":["Fiend Fire","Demon Form+1"],"picked":"Double Tap","floor":16},{"not_picked":["MHz","NakedNest"],"picked":"Woodsman","floor":18},{"not_picked":["Wild Strike","Flex"],"picked":"Rupture+1","floor":18},{"not_picked":["FairyFestival","MHz","BeautyBeast"],"picked":"Singing Bowl","floor":19},{"not_picked":["Body Slam","Carnage"],"picked":"Feed","floor":19}],"player_experience":239226,"relics_obtained":[{"floor":6,"key":"Paper Frog"},{"floor":9,"key":"Frozen Egg 2"},{"floor":10,"key":"Ginger"},{"floor":13,"key":"Darkstone Periapt"},{"floor":13,"key":"LetterFromLob"}],"event_choices":[{"damage_healed":0,"gold_gain":0,"player_choice":"Grow","damage_taken":0,"max_hp_gain":0,"max_hp_loss":0,"event_name":"Living Wall","floor":3,"gold_loss":0,"cards_upgraded":["Hemokinesis"]},{"damage_healed":0,"gold_gain":0,"player_choice":"Take Wound","damage_taken":0,"relics_obtained":["Golden Idol"],"max_hp_gain":0,"max_hp_loss":0,"event_name":"Golden Idol","floor":5,"gold_loss":0,"cards_obtained":["Injury"]},{"damage_healed":0,"gold_gain":0,"player_choice":"Got Potions","damage_taken":0,"max_hp_gain":0,"max_hp_loss":0,"event_name":"Lab","floor":8,"gold_loss":0},{"damage_healed":20,"gold_gain":0,"player_choice":"Healed","damage_taken":0,"max_hp_gain":0,"max_hp_loss":0,"event_name":"The Cleric","floor":12,"gold_loss":35},{"damage_healed":0,"gold_gain":0,"player_choice":"Entered Light","damage_taken":16,"max_hp_gain":0,"max_hp_loss":0,"event_name":"Shining Light","floor":14,"gold_loss":0,"cards_upgraded":["Defend_R","Strike_R"]},{"damage_healed":0,"gold_gain":0,"player_choice":"Obtained Relic","damage_taken":0,"relics_obtained":["MealTicket"],"max_hp_gain":0,"max_hp_loss":0,"event_name":"Addict","floor":20,"gold_loss":85},{"damage_healed":0,"gold_gain":0,"player_choice":"Inject Mutagens","damage_taken":0,"relics_obtained":["MutagenicStrength"],"max_hp_gain":0,"max_hp_loss":0,"event_name":"Drug Dealer","floor":21,"gold_loss":0}],"is_beta":false,"boss_relics":[{"not_picked":["Tiny House","Runic Cube"],"picked":"Mark of Pain"}],"items_purged_floors":[],"is_endless":false,"potions_floor_spawned":[4,13,18,19],"ascension_level":7}}