{"host":"n7mxhpjy89lltbhc","time":1607769318,"event":{"mods":["2.2 Compatiblity","Act Like it!","Bard","BaseMod","Better Match","Better Sensory Stone","Better Synergies","Better Third Choice","Better Vampires","BetterRewards","Challenge The Spire","Colored Map","Colored Powertips","Displayed Cursed Tome","Gensokyo","Hubris","Infinite Spire","Jedi Mod","Marisa????????","Marked Mod","Mimic Mod","Minty Spire (QoL Compilation)","Permanent Neow","Rare Cards Sparkle","Relic Sorter","Relic Stats","Replay The Spire","Shop Mod","Small Relic Pack","Spicy Shops","StSLib","Strawberry Spire","The Alterego","The Blue Laboratory","The Disciple","The Runesmith","The Servant 0.9.4","Uncapped","Waifu the Spire","Wandering Minibosses","vexMod","???????????mod"],"gold_per_floor":[215,75,89,107,107,107,133,133,164,177,202,219,219,232,232,232,232],"floor_reached":16,"playtime":810,"items_purged":[],"score":247,"play_id":"cf84260c-9734-4408-bb43-480771e89653","local_time":"25631212173518","is_ascension_mode":true,"campfire_choices":[{"data":"Read","floor":6,"key":"SMITH"},{"floor":13,"key":"REST"},{"data":"Luminosity","floor":15,"key":"SMITH"}],"circlet_count":0,"master_deck":["AscendersBane","Strike_S","Strike_S","Strike_S","Strike_S","Defend_S","Defend_S","Defend_S","Defend_S","KidneyShot","Exchange","Read+1","DualDimension","Luminosity+1","Injury","KillingDoll","FastForward","Foresight","TrueSight","Ricochet","DancingSilver"],"relics":["Uniform","hubris:CuriousFeather","jedi:shrinkray","Replay:Bottled Snecko","Replay:Rubber Ducky","infinitespire:EmpoweringShard"],"acts_visited":["Gensokyo:Gensokyo"],"potions_floor_usage":[7,11,16],"damage_taken":[{"damage":2,"enemies":"Gensokyo:3_Fairies","floor":1,"turns":6},{"damage":4,"enemies":"Gensokyo:2_Kodama","floor":3,"turns":8},{"damage":1,"enemies":"Gensokyo:Gryphon","floor":4,"turns":6},{"damage":0,"enemies":"Gensokyo:Mamizou","floor":7,"turns":8},{"damage":0,"enemies":"Gensokyo:5_Fairies","floor":9,"turns":7},{"damage":44,"enemies":"Gensokyo:5_Fairies","floor":10,"turns":8},{"damage":0,"enemies":"Gensokyo:Aya","floor":11,"turns":8},{"damage":0,"enemies":"Gensokyo:LivingMonolith","floor":12,"turns":3},{"damage":4,"enemies":"Gensokyo:VengefulSpirit","floor":14,"turns":5},{"damage":42,"enemies":"Gensokyo:Yukari","floor":16,"turns":5}],"seed_played":"-4160247420273041533","potions_obtained":[{"floor":1,"key":"blueLaboratory:BottleOfRum"},{"floor":3,"key":"Fire Potion"},{"floor":10,"key":"blueLaboratory:HummingbirdPotion"},{"floor":11,"key":"blueLaboratory:Moonshine"},{"floor":12,"key":"Ancient Potion"}],"is_trial":false,"path_per_floor":["M","?","M","M","?","R","E","?","MIM","M","E","M","R","M","R","B"],"character_chosen":"THE_SERVANT","items_purchased":[],"campfire_rested":1,"item_purchase_floors":[],"current_hp_per_floor":[57,57,53,52,52,52,52,52,52,8,8,8,27,23,23,0,0],"gold":232,"neow_bonus":"HUNDRED_GOLD","is_daily":false,"chose_seed":false,"campfire_upgraded":2,"win_rate":0.0,"timestamp":1607769318,"path_taken":["M","?","M","M","?","R","E","?","MIM","?","E","M","R","M","R","BOSS"],"items_purchased_type":[],"build_version":"2020-11-30","purchased_purges":0,"victory":false,"max_hp_per_floor":[65,65,65,65,65,65,65,65,65,65,65,65,65,65,65,65,65],"relic_stats":{"counters":[10,64],"obtain_stats":[{"hubris:CuriousFeather":2,"Uniform":0,"infinitespire:EmpoweringShard":11,"Replay:Bottled Snecko":7,"jedi:shrinkray":5,"Replay:Rubber Ducky":9},{"hubris:CuriousFeather":1,"Uniform":0,"infinitespire:EmpoweringShard":7,"Replay:Bottled Snecko":4,"jedi:shrinkray":3,"Replay:Rubber Ducky":5},{"hubris:CuriousFeather":6,"Uniform":0,"infinitespire:EmpoweringShard":51,"Replay:Bottled Snecko":28,"jedi:shrinkray":20,"Replay:Rubber Ducky":35}]},"card_choices":[{"not_picked":["DoubleEdge","Unruled"],"picked":"Read","floor":1},{"not_picked":["Potential","GearUp"],"picked":"DualDimension","floor":3},{"not_picked":["RealityMarble","BottledTime"],"picked":"Luminosity","floor":4},{"not_picked":["SpecialFormula","Luminosity"],"picked":"KillingDoll","floor":7},{"not_picked":["Replace","Revamp"],"picked":"FastForward","floor":8},{"not_picked":["Barrier","FastForward"],"picked":"Foresight","floor":9},{"not_picked":["Potential","Read"],"picked":"TrueSight","floor":10},{"not_picked":["RealityMarble","Replace","Deny"],"picked":"SKIP","floor":11},{"not_picked":["FanOfKnives","ReturningBlade"],"picked":"Ricochet","floor":12},{"not_picked":["FastForward","DoubleEdge"],"picked":"DancingSilver","floor":14}],"player_experience":890827,"relics_obtained":[{"floor":7,"key":"Replay:Bottled Snecko"},{"floor":9,"key":"Replay:Rubber Ducky"},{"floor":11,"key":"infinitespire:EmpoweringShard"}],"event_choices":[],"is_beta":false,"boss_relics":[],"items_purged_floors":[],"is_endless":false,"potions_floor_spawned":[1,3,10,11,12],"killed_by":"Gensokyo:Yukari","ascension_level":12}}