{"host":"rjmu5g8hpiele53d","time":1607803715,"event":{"mods":["2.2 Compatiblity","BaseMod","Downfall","GifTheSpireLib","Minty Spire (QoL Compilation)","StSLib"],"gold_per_floor":[99,3,3,13,27,56,82,108,124,124,124],"floor_reached":10,"playtime":855,"items_purged":[],"score":76,"play_id":"00c72e5a-083d-432c-9036-84a7f10c5f9e","local_time":"20201212200835","is_ascension_mode":false,"campfire_choices":[{"data":"sneckomod:TailWhip","floor":1,"key":"SMITH"}],"circlet_count":0,"master_deck":["sneckomod:Strike","sneckomod:Strike","sneckomod:Strike","sneckomod:Defend","sneckomod:Defend","sneckomod:TailWhip+1","sneckomod:SnekBite","sneckomod:Unknown","sneckomod:Unknown","sneckomod:UnknownUncommonPower","sneckomod:WideSting","Iron Wave","sneckomod:SlitherStrike","sneckomod:DiceBoulder","sneckomod:UnknownUncommonSkill","sneckomod:Mudshield","sneckomod:UnknownCommonSkill"],"relics":["sneckomod:SneckoSoul","The Courier","Bag of Marbles","Sundial"],"acts_visited":["Exordium"],"potions_floor_usage":[],"damage_taken":[{"damage":0,"enemies":"downfall:FleeingMerchant","floor":2,"turns":4},{"damage":2,"enemies":"Cultist","floor":4,"turns":4},{"damage":14,"enemies":"2 Louse","floor":5,"turns":3},{"damage":10,"enemies":"Gremlin Nob","floor":6,"turns":4},{"damage":24,"enemies":"Lagavulin","floor":8,"turns":6},{"damage":23,"enemies":"Jaw Worm","floor":9,"turns":6},{"damage":47,"enemies":"3 Sentries","floor":10,"turns":5}],"seed_played":"-9011437311424900543","potions_obtained":[],"is_trial":false,"path_per_floor":["R","$","?","M","M","E","T","E","M","E"],"character_chosen":"THE_SNECKO","items_purchased":["sneckomod:UnknownUncommonPower","sneckomod:WideSting"],"campfire_rested":0,"item_purchase_floors":[2,2],"current_hp_per_floor":[99,100,100,100,86,77,77,53,31,0,0],"gold":124,"neow_bonus":"TEN_PERCENT_HP_BONUS","is_daily":false,"chose_seed":false,"campfire_upgraded":1,"win_rate":0.0,"timestamp":1607803715,"path_taken":["R","$","?","M","M","E","T","E","?","E"],"items_purchased_type":["Card","Card"],"build_version":"2020-11-30","purchased_purges":0,"victory":false,"max_hp_per_floor":[99,100,100,100,100,101,101,101,102,102,102],"card_choices":[{"not_picked":["sneckomod:ImprovisedAttack","sneckomod:UnknownStrike"],"picked":"sneckomod:SlitherStrike","floor":4},{"not_picked":["sneckomod:RainOfDice","sneckomod:DiceBlock"],"picked":"sneckomod:DiceBoulder","floor":5},{"not_picked":["sneckomod:Nope","sneckomod:DiceCrush"],"picked":"sneckomod:UnknownUncommonSkill","floor":6},{"not_picked":["sneckomod:MasterEye","sneckomod:UnknownClassRED"],"picked":"sneckomod:Mudshield","floor":8},{"not_picked":["sneckomod:WideSting","sneckomod:MasterEye"],"picked":"sneckomod:UnknownCommonSkill","floor":9}],"player_experience":1518330,"relics_obtained":[{"floor":6,"key":"The Courier"},{"floor":7,"key":"Bag of Marbles"},{"floor":8,"key":"Sundial"}],"event_choices":[{"cards_removed":["sneckomod:Defend"],"damage_healed":0,"gold_gain":0,"player_choice":"Took Card","damage_taken":0,"max_hp_gain":0,"max_hp_loss":0,"event_name":"NoteForYourself","floor":3,"gold_loss":0,"cards_obtained":["Iron Wave"]}],"is_beta":false,"boss_relics":[],"items_purged_floors":[],"is_endless":false,"potions_floor_spawned":[],"killed_by":"3 Sentries","ascension_level":0}}