{"host":"y89x8uui45kcjy42","time":1607770248,"event":{"mods":["2.2 Compatiblity","BaseMod","Colored Map","Colored Powertips","Friendly Minions","Highlight Path","Keyboard Shortcuts","Minty Spire (QoL Compilation)","StSLib","SuperFastMode","The Bug Knight","Waifu the Spire"],"gold_per_floor":[116,116,116,186,408,408,873,893,893,893,920,920,920,945,945,1047,1047,1061,986,986,1015,1039,1072,1072,1072,1072,1072,46,72,72,92,92,195,195,207,207,67,117,117,117,14,14,14,14,63,63,98,139,139,139,139,139,247,273,273],"floor_reached":56,"playtime":1538,"items_purged":["HollowMod:QuickDashStart","HollowMod:NailStrikeStart","HollowMod:NailStrikeStart","HollowMod:QuickDashStart","HollowMod:PogoStrike"],"score":2085,"play_id":"8e2d5e46-436a-4250-82a8-2cc85dc0d234","local_time":"20201212195048","is_ascension_mode":true,"campfire_choices":[{"data":"HollowMod:HuntersJournal","floor":6,"key":"SMITH"},{"data":"HollowMod:SoulSplash","floor":12,"key":"SMITH"},{"data":"HollowMod:Grubsong","floor":13,"key":"SMITH"},{"data":"HollowMod:SoulVessel","floor":15,"key":"SMITH"},{"data":"HollowMod:Weaversong","floor":25,"key":"SMITH"},{"data":"HollowMod:MylasSalvation","floor":27,"key":"SMITH"},{"floor":30,"key":"RECALL"},{"data":"HollowMod:SoulStrike","floor":32,"key":"SMITH"},{"data":"HollowMod:CloakDash","floor":40,"key":"SMITH"},{"data":"HollowMod:GoodIntentions","floor":42,"key":"SMITH"},{"data":"HollowMod:PureVessel","floor":44,"key":"SMITH"},{"data":"HollowMod:BaldurShell","floor":46,"key":"SMITH"}],"circlet_count":0,"master_deck":["HollowMod:NailStrikeStart+1","HollowMod:NailStrikeStart+1","HollowMod:PureVessel+1","HollowMod:BaldurShell+1","HollowMod:CloakDash+1","HollowMod:SoulSplash+1","HollowMod:HuntersJournal+1","HollowMod:SoulVessel+1","HollowMod:Grubsong+1","HollowMod:Weaversong+1","HollowMod:MylasSalvation+1","HollowMod:Grubsong+1","HollowMod:HuntersJournal+1","HollowMod:GoodIntentions+1","HollowMod:SoulStrike+1","HollowMod:Grubsong+1","HollowMod:Grubsong+1","HollowMod:AwokenDreamNail+1"],"relics":["HollowMod:KingsSoulRelic","HollowMod:DelicateFlower","Letter Opener","StrikeDummy","Orichalcum","Orrery","Bag of Preparation","CaptainsWheel","The Courier","HollowMod:KingsBrand","Coffee Dripper","Coffee Dripper","Coffee Dripper","Red Mask","Dream Catcher","Frozen Egg 2","Omamori","Enchiridion","Bronze Scales","Vajra","DollysMirror","Matryoshka","Bird Faced Urn","Strawberry","Happy Flower","Kunai","Empty Cage","PreservedInsect","Unceasing Top","Centennial Puzzle","HornCleat","HollowMod:JonisBlessing","HollowMod:QueensCombRelic","HollowMod:PaleOreRelic","Ancient Tea Set","HollowMod:IsmasTear","Pear","CeramicFish","Prayer Wheel","Torii","TungstenRod","Mummified Hand","Toy Ornithopter","WingedGreaves","HollowMod:MillibellesNoteRelic","Bag of Marbles","Medical Kit","Whetstone"],"acts_visited":["Exordium","TheCity","TheBeyond","TheEnding"],"potions_floor_usage":[11,16,16,23,33,55,55,55],"damage_taken":[{"damage":9,"enemies":"2 Louse","floor":1,"turns":4},{"damage":0,"enemies":"Small Slimes","floor":8,"turns":3},{"damage":10,"enemies":"Gremlin Nob","floor":11,"turns":3},{"damage":4,"enemies":"3 Sentries","floor":14,"turns":5},{"damage":32,"enemies":"Hexaghost","floor":16,"turns":5},{"damage":6,"enemies":"2 Thieves","floor":18,"turns":2},{"damage":0,"enemies":"Masked Bandits","floor":21,"turns":2},{"damage":16,"enemies":"Slavers","floor":23,"turns":4},{"damage":1,"enemies":"Book of Stabbing","floor":29,"turns":3},{"damage":0,"enemies":"Chosen","floor":31,"turns":3},{"damage":12,"enemies":"Champ","floor":33,"turns":5},{"damage":5,"enemies":"Orb Walker","floor":35,"turns":2},{"damage":25,"enemies":"Mind Bloom Boss Battle","floor":38,"turns":3},{"damage":0,"enemies":"2 Orb Walkers","floor":45,"turns":4},{"damage":0,"enemies":"Nemesis","floor":47,"turns":1},{"damage":0,"enemies":"Giant Head","floor":48,"turns":2},{"damage":0,"enemies":"Donu and Deca","floor":50,"turns":5},{"damage":0,"enemies":"Shield and Spear","floor":54,"turns":2},{"damage":0,"enemies":"The Heart","floor":55,"turns":5}],"seed_played":"2640205579950141125","potions_obtained":[{"floor":11,"key":"DuplicationPotion"},{"floor":14,"key":"PowerPotion"},{"floor":16,"key":"Weak Potion"},{"floor":31,"key":"DuplicationPotion"},{"floor":33,"key":"ColorlessPotion"}],"is_trial":false,"path_per_floor":["M","?","?","T","$","R","$","M","T","?","E","R","R","E","R","B",null,"M","?","?","?","T","E","?","R","T","R","$","E","R","M","R","B",null,"M","?","$","?","T","R","$","R","T","R","?","R","E","E","R","B",null,"R","$","E","B",null],"character_chosen":"THE_BUGKNIGHT","items_purchased":["StrikeDummy","Orichalcum","HollowMod:CloakDash","Orrery","Fire Potion","Energy Potion","Bag of Preparation","CaptainsWheel","Vajra","DollysMirror","Matryoshka","Bird Faced Urn","Strawberry","Happy Flower","PreservedInsect","HollowMod:JonisBlessing","HollowMod:Grubsong+1","HollowMod:QueensCombRelic","HollowMod:PaleOreRelic","Ancient Tea Set","HollowMod:IsmasTear","Pear","Bag of Marbles","Medical Kit","HollowMod:AwokenDreamNail","Regen Potion"],"campfire_rested":0,"item_purchase_floors":[5,5,5,5,5,5,7,7,28,28,28,28,28,28,37,41,41,41,41,41,41,41,53,53,53,53],"current_hp_per_floor":[72,72,69,69,69,69,69,69,69,54,75,75,75,75,75,43,67,67,67,67,67,67,51,35,35,35,35,42,65,65,82,82,82,82,79,79,79,57,57,57,64,64,64,64,64,64,64,64,64,64,64,64,64,64,64],"gold":273,"neow_bonus":"THREE_RARE_CARDS","is_daily":false,"chose_seed":false,"campfire_upgraded":11,"win_rate":0.0,"timestamp":1607770248,"path_taken":["M","?","?","?","$","R","$","?","T","?","E","R","R","E","R","BOSS","M","?","?","?","?","E","?","R","T","R","$","E","R","?","R","BOSS","M","?","?","?","?","R","?","R","T","R","?","R","E","E","R","BOSS","R","$","E","BOSS"],"items_purchased_type":["Relic","Relic","Card","Relic","Potion","Potion","Relic","Relic","Relic","Relic","Relic","Relic","Relic","Relic","Relic","Relic","Card","Relic","Relic","Relic","Relic","Relic","Relic","Relic","Card","Potion"],"build_version":"2020-11-30","purchased_purges":5,"victory":true,"max_hp_per_floor":[75,75,75,75,75,75,75,75,75,75,75,75,75,75,75,75,75,75,75,75,75,75,75,75,75,75,75,82,82,82,82,82,82,82,82,82,82,82,82,82,64,64,64,64,64,64,64,64,64,64,64,64,64,64,64],"card_choices":[{"not_picked":["HollowMod:SoulMaster","HollowMod:RadiancesLament"],"picked":"HollowMod:PureVessel","floor":0},{"not_picked":["HollowMod:WraithStrike","HollowMod:MonarchWings"],"picked":"HollowMod:BaldurShell","floor":1},{"not_picked":["HollowMod:GoodIntentions","HollowMod:MothsMistake"],"picked":"HollowMod:SoulSplash","floor":5},{"not_picked":["HollowMod:LifebloodCocoon","HollowMod:DoubleDash"],"picked":"HollowMod:HuntersJournal","floor":5},{"not_picked":["HollowMod:InfectedAttack","HollowMod:MonarchWings"],"picked":"HollowMod:SoulVessel","floor":5},{"not_picked":["HollowMod:SharpenedNail","HollowMod:GoodIntentions","HollowMod:InfectedAttack"],"picked":"SKIP","floor":8},{"not_picked":["HollowMod:NewLittleFool","HollowMod:SoulSplash"],"picked":"HollowMod:Grubsong","floor":11},{"not_picked":["HollowMod:SharpenedShadows","HollowMod:VengefulVoid","HollowMod:MothsMistake"],"picked":"SKIP","floor":14},{"not_picked":["HollowMod:PaleKingsBlessing","HollowMod:AwokenDreamNail"],"picked":"HollowMod:Weaversong","floor":16},{"not_picked":["HollowMod:WraithStrike+1","HollowMod:BlackTendrils","HollowMod:Grubsong"],"picked":"SKIP","floor":18},{"not_picked":["HollowMod:VengefulVoid","HollowMod:GreatSlash"],"picked":"HollowMod:Grubsong+1","floor":23},{"not_picked":["HollowMod:CornifersMapStart","HollowMod:DashSlash"],"picked":"HollowMod:GoodIntentions","floor":29},{"not_picked":["HollowMod:DoubleDash","HollowMod:MawleksShell"],"picked":"HollowMod:SoulStrike","floor":31},{"not_picked":["HollowMod:CornifersMapStart+1","HollowMod:TaintedHusks","HollowMod:MawleksShell"],"picked":"SKIP","floor":35},{"not_picked":["HollowMod:SharpenedNail+1","HollowMod:InfectedAttack+1","HollowMod:ElderbugsWisdom+1"],"picked":"SKIP","floor":47},{"not_picked":["HollowMod:SiblingsShadow","HollowMod:FallenFury+1"],"picked":"HollowMod:Grubsong+1","floor":48},{"not_picked":["HollowMod:MonarchWings+1","HollowMod:SharpenedNail","HollowMod:ShadowDash"],"picked":"SKIP","floor":54}],"player_experience":509961,"relics_obtained":[{"floor":4,"key":"Letter Opener"},{"floor":11,"key":"The Courier"},{"floor":14,"key":"HollowMod:KingsBrand"},{"floor":21,"key":"Red Mask"},{"floor":22,"key":"Dream Catcher"},{"floor":23,"key":"Frozen Egg 2"},{"floor":24,"key":"Enchiridion"},{"floor":26,"key":"Bronze Scales"},{"floor":29,"key":"Kunai"},{"floor":38,"key":"Unceasing Top"},{"floor":39,"key":"Centennial Puzzle"},{"floor":39,"key":"HornCleat"},{"floor":43,"key":"CeramicFish"},{"floor":43,"key":"Prayer Wheel"},{"floor":45,"key":"Torii"},{"floor":47,"key":"Toy Ornithopter"},{"floor":48,"key":"HollowMod:MillibellesNoteRelic"},{"floor":54,"key":"Whetstone"}],"event_choices":[{"damage_healed":0,"gold_gain":0,"player_choice":"Success","damage_taken":3,"relics_obtained":["HollowMod:DelicateFlower"],"max_hp_gain":0,"max_hp_loss":0,"event_name":"Scrap Ooze","floor":3,"gold_loss":0},{"damage_healed":0,"gold_gain":0,"player_choice":"Entered Light","damage_taken":15,"max_hp_gain":0,"max_hp_loss":0,"event_name":"Shining Light","floor":10,"gold_loss":0,"cards_upgraded":["HollowMod:NailStrikeStart","HollowMod:NailStrikeStart"]},{"cards_removed":["HollowMod:QuickDashStart"],"damage_healed":0,"gold_gain":0,"player_choice":"Gave Gold","damage_taken":0,"max_hp_gain":0,"max_hp_loss":0,"event_name":"Beggar","floor":19,"gold_loss":75},{"damage_healed":0,"gold_gain":0,"player_choice":"Fought Bandits","damage_taken":0,"max_hp_gain":0,"max_hp_loss":0,"event_name":"Masked Bandits","floor":21,"gold_loss":0},{"damage_healed":0,"gold_gain":0,"player_choice":"Obtained Book","damage_taken":16,"max_hp_gain":0,"max_hp_loss":0,"event_name":"Cursed Tome","floor":24,"gold_loss":0},{"damage_healed":0,"gold_gain":0,"player_choice":"Memory 1","damage_taken":0,"max_hp_gain":0,"max_hp_loss":0,"event_name":"SensoryStone","floor":36,"gold_loss":0},{"damage_healed":0,"gold_gain":0,"player_choice":"Fight","damage_taken":0,"max_hp_gain":0,"max_hp_loss":0,"event_name":"MindBloom","floor":38,"gold_loss":0},{"damage_healed":0,"gold_gain":0,"player_choice":"Fight","damage_taken":0,"max_hp_gain":0,"max_hp_loss":0,"event_name":"Mysterious Sphere","floor":45,"gold_loss":0}],"is_beta":false,"boss_relics":[{"not_picked":["Sozu","Cursed Key"],"picked":"HollowMod:KingsSoulRelic"},{"not_picked":["Pandora\u0027s Box","Busted Crown"],"picked":"Empty Cage"}],"items_purged_floors":[5,7,28,37,41],"is_endless":false,"potions_floor_spawned":[11,14,16,31,33],"ascension_level":9}}