{"host":"nj06ypb01n3s9mn8","time":1607740961,"event":{"mods":["2.2 Compatiblity","BaseMod","Colored Map","Downfall","Highlight Path","Minty Spire (QoL Compilation)","Replay The Spire","StSLib","The Animator","The Bug Knight","The Necromancer","The Servant 0.9.4","Waifu the Spire"],"gold_per_floor":[111,111,111,129,129,160,178,191,237,258,283,283,324,338,338,461,461,475,475,494,57,75,75,109,128,153,194,294,315,315,358,358,478,478,501,501,517,623,636,675,675,698,723,473,473,473,473,498,498,498,498,498,32,73,73],"floor_reached":56,"playtime":4871,"items_purged":["Regret","Doubt"],"score":1397,"play_id":"cdf062c4-621d-42f6-935f-baf1ae187119","local_time":"20201211234241","is_ascension_mode":false,"campfire_choices":[{"floor":12,"key":"REST"},{"data":"MurderousAura","floor":15,"key":"SMITH"},{"floor":23,"key":"RECALL"},{"floor":32,"key":"REST"},{"data":"Foresight","floor":41,"key":"SMITH"},{"data":"Exchange","floor":45,"key":"SMITH"},{"data":"Rewind","floor":49,"key":"SMITH"},{"data":"KidneyShot","floor":52,"key":"SMITH"}],"circlet_count":0,"master_deck":["Strike_S","Strike_S","Strike_S","Defend_S","Defend_S","Defend_S","Defend_S","KidneyShot+1","Exchange+1","Rewind+1","FanOfKnives","Solidify+1","InstantArmor+1","Potential","Rearm+1","Ricochet","Rewind+1","MurderousAura+1","BottledTime+1","MurderousAura+1","Replace+1","Misdirection+1","Desolation","Replace+1","Foresight+1","Shame","TimeWarp+1","Revamp+1","Solidify+1","Rewind+1","LightFlow","Misdirection+1","LightFlow","StarChef+1","FastForward+1","Advance+1","ShatteredReality+1","BottledTime+1","DualDimension+1","FlawlessForm","Madness+1","Good Instincts+1","Swift Strike","Slimebound:Icky","MurderousAura","DualDimension+1","BottledTime+1"],"relics":["Uniform","NeowsBlessing","Golden Idol","Toxic Egg 2","Ancient Tea Set","Dream Catcher","Potion Belt","Cursed Key","Unceasing Top","Ginger","Nunchaku","InkBottle","Replay:Mystery Machine","StoneMask","Pet Ghost","Mirror","MealTicket","Blood Vial","Lizard Tail","Mercury Hourglass"],"acts_visited":["Exordium","TheCity","TheBeyond","TheEnding"],"potions_floor_usage":[7,13,16,24,24,33,33,33,55,55,55,55],"damage_taken":[{"damage":0,"enemies":"Small Slimes","floor":1,"turns":1},{"damage":0,"enemies":"2 Louse","floor":4,"turns":1},{"damage":0,"enemies":"Lagavulin","floor":6,"turns":1},{"damage":0,"enemies":"Jaw Worm","floor":7,"turns":3},{"damage":0,"enemies":"Looter","floor":8,"turns":3},{"damage":0,"enemies":"Gremlin Gang","floor":10,"turns":3},{"damage":0,"enemies":"Blue Slaver","floor":11,"turns":2},{"damage":1,"enemies":"Gremlin Nob","floor":13,"turns":3},{"damage":0,"enemies":"Large Slime","floor":14,"turns":4},{"damage":51,"enemies":"Hexaghost","floor":16,"turns":10},{"damage":4,"enemies":"Shell Parasite","floor":18,"turns":5},{"damage":13,"enemies":"Spheric Guardian","floor":20,"turns":4},{"damage":0,"enemies":"Snecko","floor":22,"turns":3},{"damage":0,"enemies":"Replay:Snechameleon","floor":24,"turns":3},{"damage":24,"enemies":"3 Cultists","floor":25,"turns":5},{"damage":0,"enemies":"HollowMod:Nosk","floor":27,"turns":6},{"damage":6,"enemies":"Chosen and Byrds","floor":29,"turns":4},{"damage":17,"enemies":"Gremlin Leader","floor":31,"turns":4},{"damage":12,"enemies":"Automaton","floor":33,"turns":8},{"damage":0,"enemies":"3 Darklings","floor":35,"turns":3},{"damage":0,"enemies":"Orb Walker","floor":37,"turns":3},{"damage":2,"enemies":"4 Shapes","floor":39,"turns":3},{"damage":0,"enemies":"Nemesis","floor":40,"turns":5},{"damage":0,"enemies":"3 Darklings","floor":42,"turns":1},{"damage":2,"enemies":"Awakened One","floor":50,"turns":8},{"damage":18,"enemies":"Shield and Spear","floor":54,"turns":6},{"damage":2,"enemies":"The Heart","floor":55,"turns":6}],"seed_played":"-5285595451244061323","potions_obtained":[{"floor":1,"key":"Energy Potion"},{"floor":6,"key":"PowerPotion"},{"floor":13,"key":"FearPotion"},{"floor":16,"key":"Energy Potion"},{"floor":18,"key":"SteroidPotion"},{"floor":24,"key":"Ancient Potion"},{"floor":25,"key":"Weak Potion"},{"floor":27,"key":"DuplicationPotion"},{"floor":29,"key":"Cursed Concoction"},{"floor":37,"key":"Elixir"},{"floor":39,"key":"Elixir"},{"floor":40,"key":"BlessingOfTheForge"}],"is_trial":false,"path_per_floor":["M","?","?","M","?","E","M","M","T","M","M","R","E","M","R","B",null,"M","?","M","$","M","R","E","M","T","E","?","M","?","E","R","B",null,"M","?","M","?","M","E","R","M","T","$","R","?","?","T","R","B",null,"R","$","E","B",null],"character_chosen":"THE_SERVANT","items_purchased":["Unceasing Top","Desolation","FlawlessForm","MurderousAura","Lizard Tail","DualDimension+1"],"campfire_rested":2,"item_purchase_floors":[21,21,44,53,53,53],"current_hp_per_floor":[65,49,37,37,37,37,37,37,37,37,37,56,55,55,55,4,65,61,61,48,48,48,48,48,24,24,24,24,18,39,22,41,29,65,66,66,67,51,61,64,64,67,67,73,73,73,63,63,63,75,77,77,77,65,68],"gold":73,"neow_bonus":"THREE_ENEMY_KILL","is_daily":false,"chose_seed":false,"campfire_upgraded":5,"win_rate":0.0,"timestamp":1607740961,"path_taken":["M","?","?","M","?","E","M","M","T","M","?","R","E","M","R","BOSS","M","?","M","$","?","R","E","M","T","E","?","?","?","E","R","BOSS","M","?","?","?","M","E","R","?","T","$","R","?","?","?","R","BOSS","R","$","E","BOSS"],"items_purchased_type":["Relic","Card","Card","Card","Relic","Card"],"build_version":"2020-11-29","purchased_purges":2,"victory":true,"max_hp_per_floor":[65,65,65,65,65,65,65,65,65,65,65,65,65,65,65,65,65,65,65,65,65,65,65,65,65,65,65,65,65,65,65,65,65,65,66,66,67,67,71,72,72,73,73,73,73,73,73,73,73,77,77,77,77,79,80],"card_choices":[{"not_picked":["Gouge","ShatteredReality"],"picked":"Rewind","floor":1},{"not_picked":["Rearm+1","Alleviate+1"],"picked":"FanOfKnives","floor":4},{"not_picked":["MoonPhase","Rewind+1"],"picked":"Solidify+1","floor":6},{"not_picked":["Shuttle+1","FanOfKnives"],"picked":"InstantArmor+1","floor":7},{"not_picked":["Rewind+1","ShatteredReality"],"picked":"Potential","floor":8},{"not_picked":["Unruled","ShatteredReality"],"picked":"Rearm+1","floor":10},{"not_picked":["Read+1","Potential"],"picked":"Ricochet","floor":11},{"not_picked":["Starlight","Spin"],"picked":"Rewind+1","floor":12},{"not_picked":["FlawlessForm","WasteNot"],"picked":"MurderousAura","floor":13},{"not_picked":["Alleviate+1","Rearm+1"],"picked":"BottledTime+1","floor":14},{"not_picked":["ForgedInTime+1","Initiator"],"picked":"MurderousAura","floor":16},{"not_picked":["Reset+1","Starlight"],"picked":"Replace+1","floor":18},{"not_picked":["Starlight","Potential"],"picked":"Misdirection+1","floor":20},{"not_picked":["Barrier+1","FanOfKnives+1"],"picked":"Replace+1","floor":22},{"not_picked":["Reset+1","DualDimension+1"],"picked":"Foresight","floor":24},{"not_picked":["Potential","Rearm+1","Collapse"],"picked":"SKIP","floor":25},{"not_picked":["Rearm+1","DoubleEdge"],"picked":"TimeWarp+1","floor":27},{"not_picked":["Potential","Starlight"],"picked":"Revamp+1","floor":29},{"not_picked":["Misdirection+1","Revamp+1"],"picked":"Solidify+1","floor":31},{"not_picked":["Barrier+1","Starlight"],"picked":"Rewind+1","floor":32},{"not_picked":["Sunlight","ForgedInTime+1"],"picked":"LightFlow","floor":33},{"not_picked":["Rearm+1","DoubleEdge+1"],"picked":"Misdirection+1","floor":35},{"not_picked":["Revamp+1","ReturningBlade+1"],"picked":"StarChef+1","floor":37},{"not_picked":["Unruled+1","Potential"],"picked":"FastForward+1","floor":38},{"not_picked":["Reset+1","FanOfKnives+1"],"picked":"Advance+1","floor":38},{"not_picked":["SpecialFormula+1","Revamp+1"],"picked":"ShatteredReality+1","floor":39},{"not_picked":["TimeWarp","Replace+1"],"picked":"BottledTime+1","floor":40},{"not_picked":["Foresight","Rearm+1"],"picked":"DualDimension+1","floor":42},{"not_picked":["Replay:SS_fish_3","Transmutation+1"],"picked":"Madness+1","floor":47},{"not_picked":["Jack Of All Trades+1","Mind Blast"],"picked":"Good Instincts+1","floor":47},{"not_picked":["Mind Blast","Specialist"],"picked":"Swift Strike","floor":47},{"not_picked":["Read+1","ShatteredReality+1"],"picked":"BottledTime+1","floor":54}],"player_experience":2537,"relics_obtained":[{"floor":6,"key":"Dream Catcher"},{"floor":13,"key":"Potion Belt"},{"floor":24,"key":"Ginger"},{"floor":26,"key":"Nunchaku"},{"floor":27,"key":"InkBottle"},{"floor":31,"key":"Replay:Mystery Machine"},{"floor":38,"key":"Pet Ghost"},{"floor":40,"key":"Mirror"},{"floor":43,"key":"MealTicket"},{"floor":48,"key":"Blood Vial"},{"floor":54,"key":"Mercury Hourglass"}],"event_choices":[{"damage_healed":0,"gold_gain":0,"player_choice":"Take Damage","damage_taken":16,"relics_obtained":["Golden Idol"],"max_hp_gain":0,"max_hp_loss":0,"event_name":"Golden Idol","floor":2,"gold_loss":0},{"damage_healed":0,"gold_gain":0,"player_choice":"Success","damage_taken":12,"relics_obtained":["Toxic Egg 2"],"max_hp_gain":0,"max_hp_loss":0,"event_name":"Scrap Ooze","floor":3,"gold_loss":0},{"damage_healed":0,"gold_gain":0,"player_choice":"Box","damage_taken":0,"relics_obtained":["Ancient Tea Set"],"max_hp_gain":0,"max_hp_loss":0,"event_name":"Big Fish","floor":5,"gold_loss":0,"cards_obtained":["Regret"]},{"damage_healed":0,"gold_gain":0,"player_choice":"Upgraded","damage_taken":0,"max_hp_gain":0,"max_hp_loss":0,"event_name":"Upgrade Shrine","floor":19,"gold_loss":0,"cards_upgraded":["MurderousAura"]},{"damage_healed":0,"gold_gain":100,"player_choice":"Pray","damage_taken":0,"max_hp_gain":0,"max_hp_loss":0,"event_name":"Golden Shrine","floor":28,"gold_loss":0},{"damage_healed":21,"gold_gain":0,"player_choice":"Heal","damage_taken":0,"max_hp_gain":0,"max_hp_loss":0,"event_name":"The Library","floor":30,"gold_loss":0},{"damage_healed":0,"gold_gain":0,"player_choice":"1 cards matched","damage_taken":0,"max_hp_gain":0,"max_hp_loss":0,"event_name":"Match and Keep!","floor":36,"gold_loss":0,"cards_obtained":["LightFlow"]},{"cards_removed":["Strike_S"],"damage_healed":0,"gold_gain":0,"player_choice":"Removed Attack","damage_taken":0,"max_hp_gain":0,"max_hp_loss":0,"event_name":"Falling","floor":46,"gold_loss":0},{"damage_healed":0,"gold_gain":0,"player_choice":"Memory 3","damage_taken":10,"max_hp_gain":0,"max_hp_loss":0,"event_name":"SensoryStone","floor":47,"gold_loss":0}],"is_beta":false,"boss_relics":[{"not_picked":["ChewingGum","Ring of Chaos"],"picked":"Cursed Key"},{"not_picked":["MysterySword","SplendidAttire"],"picked":"StoneMask"}],"items_purged_floors":[21,44],"is_endless":false,"potions_floor_spawned":[1,6,13,16,18,24,25,27,29,37,39,40],"ascension_level":0}}