{"host":"k5dhp0bkccqfauyu","time":1607744105,"event":{"mods":["BaseMod","Better Note","Better Skull","Better Vampires","Colored Map","Colored Powertips","DeckTracker","Minty Spire (QoL Compilation)","Permanent Neow","StSLib","SuperFastMode"],"gold_per_floor":[118,131,44,57,57,90,90,120,147,147,158,158,158,198,198,294,294,314,229,229,245,245,245,245,245],"floor_reached":24,"playtime":515,"items_purged":[],"score":474,"play_id":"c05be720-ad3e-4323-b4cd-c7376f3a84af","local_time":"20201212143505","is_ascension_mode":true,"campfire_choices":[{"data":"Eruption","floor":7,"key":"SMITH"},{"data":"Adaptation","floor":10,"key":"SMITH"},{"data":"Meditate","floor":15,"key":"SMITH"},{"floor":23,"key":"REST"}],"circlet_count":0,"master_deck":["AscendersBane","Strike_P","Strike_P","Strike_P","Strike_P","Defend_P","Defend_P","Defend_P","Defend_P","Eruption+1","Vigilance","Halt","WindmillStrike","Wallop","WheelKick+1","Adaptation+1","Tantrum","Meditate+1","TalkToTheHand","DevaForm+1","FlurryOfBlows","Indignation","Consecrate","JustLucky+1"],"relics":["PureWater","Bronze Scales","Dream Catcher","Juzu Bracelet","Boot","Golden Idol","Prayer Wheel","Black Star","Ancient Tea Set","Nilry\u0027s Codex"],"acts_visited":["Exordium","TheCity"],"potions_floor_usage":[8,18,24],"damage_taken":[{"damage":4,"enemies":"Small Slimes","floor":1,"turns":3},{"damage":0,"enemies":"2 Louse","floor":2,"turns":3},{"damage":0,"enemies":"Cultist","floor":4,"turns":3},{"damage":13,"enemies":"Lagavulin","floor":6,"turns":7},{"damage":0,"enemies":"3 Sentries","floor":8,"turns":2},{"damage":0,"enemies":"2 Fungi Beasts","floor":11,"turns":2},{"damage":14,"enemies":"Gremlin Nob","floor":14,"turns":3},{"damage":10,"enemies":"Slime Boss","floor":16,"turns":4},{"damage":8,"enemies":"3 Byrds","floor":18,"turns":4},{"damage":17,"enemies":"Chosen","floor":21,"turns":4},{"damage":29,"enemies":"Snecko","floor":24,"turns":5}],"seed_played":"4801174961150615307","potions_obtained":[{"floor":2,"key":"Ambrosia"},{"floor":8,"key":"BottledMiracle"},{"floor":11,"key":"Block Potion"},{"floor":16,"key":"EssenceOfSteel"}],"is_trial":false,"path_per_floor":["M","M","$","M","?","E","R","E","T","R","M","?","?","E","R","B",null,"M","?","?","M","?","R","M"],"character_chosen":"WATCHER","items_purchased":["Wallop"],"campfire_rested":1,"item_purchase_floors":[3],"current_hp_per_floor":[57,57,57,57,57,44,44,44,44,44,44,44,44,30,30,20,52,44,44,23,6,6,24,0,0],"gold":245,"neow_bonus":"RANDOM_COMMON_RELIC","is_daily":false,"chose_seed":false,"campfire_upgraded":3,"win_rate":0.0,"timestamp":1607744105,"path_taken":["M","M","$","M","?","E","R","E","T","R","M","?","?","E","R","BOSS","M","?","?","M","?","R","M"],"items_purchased_type":["Card"],"build_version":"2020-11-30","purchased_purges":0,"victory":false,"max_hp_per_floor":[68,68,68,68,68,68,68,68,68,68,68,68,62,62,62,62,62,62,62,62,62,62,62,62,62],"card_choices":[{"not_picked":["ClearTheMind","Protect"],"picked":"Halt","floor":1},{"not_picked":["FollowUp","Protect"],"picked":"WindmillStrike","floor":2},{"not_picked":["JustLucky","ClearTheMind"],"picked":"WheelKick","floor":4},{"not_picked":["Protect","Meditate"],"picked":"Adaptation","floor":6},{"not_picked":["EmptyBody","CarveReality"],"picked":"Tantrum","floor":8},{"not_picked":["Perseverance","Adaptation"],"picked":"Meditate","floor":11},{"not_picked":["Establishment","Wireheading"],"picked":"TalkToTheHand","floor":14},{"not_picked":["SpiritShield","Brilliance"],"picked":"DevaForm","floor":16},{"not_picked":["Protect","Sanctity"],"picked":"FlurryOfBlows","floor":18},{"not_picked":["CutThroughFate","Evaluate","EmptyFist"],"picked":"SKIP","floor":18},{"not_picked":["DevaForm","Adaptation"],"picked":"Indignation","floor":21},{"not_picked":["Vengeance","Study"],"picked":"Consecrate","floor":21},{"not_picked":["ClearTheMind","Prostrate"],"picked":"JustLucky+1","floor":23}],"player_experience":1752093,"relics_obtained":[{"floor":6,"key":"Dream Catcher"},{"floor":8,"key":"Juzu Bracelet"},{"floor":9,"key":"Boot"},{"floor":14,"key":"Prayer Wheel"},{"floor":20,"key":"Nilry\u0027s Codex"}],"event_choices":[{"damage_healed":0,"gold_gain":0,"player_choice":"Leave","damage_taken":0,"max_hp_gain":0,"max_hp_loss":0,"event_name":"The Cleric","floor":5,"gold_loss":0},{"damage_healed":0,"gold_gain":0,"player_choice":"Grow","damage_taken":0,"max_hp_gain":0,"max_hp_loss":0,"event_name":"Living Wall","floor":12,"gold_loss":0,"cards_upgraded":["WheelKick"]},{"damage_healed":0,"gold_gain":0,"player_choice":"Lose Max HP","damage_taken":0,"relics_obtained":["Golden Idol"],"max_hp_gain":0,"max_hp_loss":6,"event_name":"Golden Idol","floor":13,"gold_loss":0},{"damage_healed":0,"gold_gain":0,"player_choice":"Obtained Relic","damage_taken":0,"relics_obtained":["Ancient Tea Set"],"max_hp_gain":0,"max_hp_loss":0,"event_name":"Addict","floor":19,"gold_loss":85},{"damage_healed":0,"gold_gain":0,"player_choice":"Obtained Book","damage_taken":21,"max_hp_gain":0,"max_hp_loss":0,"event_name":"Cursed Tome","floor":20,"gold_loss":0},{"damage_healed":0,"gold_gain":0,"player_choice":"Upgraded","damage_taken":0,"max_hp_gain":0,"max_hp_loss":0,"event_name":"Upgrade Shrine","floor":22,"gold_loss":0,"cards_upgraded":["DevaForm"]}],"is_beta":false,"boss_relics":[{"not_picked":["Busted Crown","Runic Dome"],"picked":"Black Star"}],"items_purged_floors":[],"is_endless":false,"potions_floor_spawned":[2,8,11,16],"killed_by":"Snecko","ascension_level":20}}