{"host":"p6y17sixyu8q9v1f","time":1607779377,"event":{"mods":["BaseMod","Colored Map","Minty Spire (QoL Compilation)"],"gold_per_floor":[116,133,133,147,164,193,40,52,97,97,108,135,135,35,35,130,130,148,148,161,176,176,176,176],"floor_reached":23,"playtime":896,"items_purged":["Defend_B","Strike_B"],"score":244,"play_id":"44b7365b-d4a7-475c-a965-3731cb09005c","local_time":"20201212072257","is_ascension_mode":true,"campfire_choices":[{"floor":13,"key":"REST"},{"data":"Zap","floor":15,"key":"SMITH"}],"circlet_count":0,"master_deck":["Strike_B","Strike_B","Strike_B","Defend_B","Defend_B","Defend_B","Zap+1","Dualcast","Coolheaded","Cold Snap","Streamline","Genetic Algorithm","Machine Learning","Blizzard","Loop","Redo","Melter","Buffer","Chill","Coolheaded","Consume"],"relics":["Cracked Core","Dream Catcher","MealTicket","Art of War","Pantograph","Ancient Tea Set","Cursed Key"],"acts_visited":["Exordium","TheCity"],"potions_floor_usage":[6,8,21],"damage_taken":[{"damage":6,"enemies":"2 Louse","floor":1,"turns":2},{"damage":2,"enemies":"Cultist","floor":2,"turns":5},{"damage":0,"enemies":"Small Slimes","floor":4,"turns":3},{"damage":11,"enemies":"Red Slaver","floor":5,"turns":3},{"damage":23,"enemies":"3 Sentries","floor":6,"turns":8},{"damage":0,"enemies":"3 Louse","floor":8,"turns":3},{"damage":0,"enemies":"Large Slime","floor":11,"turns":5},{"damage":31,"enemies":"Lagavulin","floor":12,"turns":9},{"damage":59,"enemies":"Hexaghost","floor":16,"turns":11},{"damage":23,"enemies":"2 Thieves","floor":18,"turns":4},{"damage":0,"enemies":"Spheric Guardian","floor":20,"turns":3},{"damage":13,"enemies":"Shelled Parasite and Fungi","floor":21,"turns":7},{"damage":25,"enemies":"Book of Stabbing","floor":23,"turns":3}],"seed_played":"-3790512265395830073","potions_obtained":[{"floor":2,"key":"Fire Potion"},{"floor":4,"key":"Swift Potion"},{"floor":6,"key":"Regen Potion"},{"floor":11,"key":"SteroidPotion"},{"floor":20,"key":"Fire Potion"}],"is_trial":false,"path_per_floor":["M","M","?","M","M","E","$","M","T","?","M","E","R","$","R","B",null,"M","?","M","M","?","E"],"character_chosen":"DEFECT","items_purchased":["Loop"],"campfire_rested":1,"item_purchase_floors":[7],"current_hp_per_floor":[69,67,67,67,56,33,48,48,48,48,48,17,39,54,54,16,75,52,52,52,39,25,0,0],"gold":176,"neow_bonus":"RANDOM_COMMON_RELIC","is_daily":false,"chose_seed":false,"campfire_upgraded":1,"win_rate":0.0,"timestamp":1607779377,"path_taken":["M","M","?","?","M","E","?","?","T","?","M","E","R","$","R","BOSS","M","?","M","M","?","E"],"items_purchased_type":["Card"],"build_version":"2020-11-30","purchased_purges":2,"victory":false,"max_hp_per_floor":[75,75,75,75,75,75,75,75,75,75,75,75,75,75,75,75,75,75,75,75,75,80,80,80],"card_choices":[{"not_picked":["Chaos","Rip and Tear"],"picked":"Coolheaded","floor":1},{"not_picked":["Sweeping Beam","Turbo"],"picked":"Cold Snap","floor":2},{"not_picked":["Rebound","Hologram","Reprogram"],"picked":"SKIP","floor":4},{"not_picked":["Coolheaded","Barrage"],"picked":"Machine Learning","floor":5},{"not_picked":["Consume","Go for the Eyes"],"picked":"Blizzard","floor":6},{"not_picked":["Steam Power","Streamline","Stack"],"picked":"SKIP","floor":8},{"not_picked":["Conserve Battery","Auto Shields"],"picked":"Redo","floor":11},{"not_picked":["Go for the Eyes","Hologram"],"picked":"Melter","floor":12},{"not_picked":["Biased Cognition","Hyperbeam"],"picked":"Buffer","floor":16},{"not_picked":["Leap","Hologram","Melter"],"picked":"SKIP","floor":18},{"not_picked":["Redo","Cold Snap"],"picked":"Coolheaded","floor":20},{"not_picked":["Redo","Chaos"],"picked":"Consume","floor":21}],"player_experience":739083,"relics_obtained":[{"floor":6,"key":"MealTicket"},{"floor":9,"key":"Art of War"},{"floor":12,"key":"Ancient Tea Set"}],"event_choices":[{"damage_healed":0,"gold_gain":0,"player_choice":"2 cards matched","damage_taken":0,"max_hp_gain":0,"max_hp_loss":0,"event_name":"Match and Keep!","floor":3,"gold_loss":0,"cards_obtained":["Streamline","Genetic Algorithm"]},{"damage_healed":0,"gold_gain":0,"player_choice":"Gave Potion","damage_taken":0,"relics_obtained":["Pantograph"],"max_hp_gain":0,"max_hp_loss":0,"event_name":"WeMeetAgain","floor":10,"gold_loss":0},{"damage_healed":0,"gold_gain":0,"player_choice":"Read","damage_taken":0,"max_hp_gain":0,"max_hp_loss":0,"event_name":"The Library","floor":19,"gold_loss":0,"cards_obtained":["Chill"]},{"damage_healed":0,"gold_gain":0,"player_choice":"Shed Blood","damage_taken":19,"max_hp_gain":5,"max_hp_loss":0,"event_name":"Forgotten Altar","floor":22,"gold_loss":0}],"is_beta":false,"boss_relics":[{"not_picked":["Snecko Eye","Calling Bell"],"picked":"Cursed Key"}],"items_purged_floors":[7,14],"is_endless":false,"potions_floor_spawned":[2,4,6,11,20],"killed_by":"Book of Stabbing","ascension_level":4}}