{"host":"rhi1xaphgh1gkral","time":1607814794,"event":{"mods":["Aspiration","BaseMod","Conspire","Downfall","Energized Spire","GifTheSpireLib","Halation","Hubris","Infinite Spire","Ironclad Rager","Jedi Mod","Minty Spire (QoL Compilation)","Replay The Spire","StSLib","Stuff the Spire","vexMod"],"gold_per_floor":[99,99,99,99,99,99,169,169,169,169],"floor_reached":9,"playtime":556,"items_purged":[],"score":45,"play_id":"3e2f0357-a69d-4355-b499-c78bc5d0d0b3","local_time":"20201212201314","is_ascension_mode":false,"campfire_choices":[{"data":"champ:Taunt","floor":8,"key":"SMITH"}],"circlet_count":0,"master_deck":["champ:Strike","champ:Strike","champ:Strike","champ:Strike","champ:Defend","champ:Defend","champ:Defend","champ:Defend","champ:Execute","champ:Taunt+1","champ:Encircle","champ:FaceSlap","champ:FanOfKnives+1"],"relics":["champ:ChampionCrown","downfall:HeartsMalice","conspire:Dentures"],"acts_visited":["Exordium"],"potions_floor_usage":[],"damage_taken":[{"damage":0,"enemies":"2 Louse","floor":2,"turns":1},{"damage":0,"enemies":"Cultist","floor":3,"turns":1},{"damage":0,"enemies":"Jaw Worm","floor":4,"turns":1},{"damage":102,"enemies":"3 Sentries","floor":9,"turns":12}],"seed_played":"5042809011126970868","potions_obtained":[],"is_trial":false,"path_per_floor":["R","M","M","M","?","?","T","R","E"],"character_chosen":"THE_CHAMP","items_purchased":[],"campfire_rested":0,"item_purchase_floors":[],"current_hp_per_floor":[90,90,90,90,90,90,90,90,0,0],"gold":169,"neow_bonus":"THREE_ENEMY_KILL","is_daily":false,"chose_seed":false,"campfire_upgraded":1,"win_rate":0.0,"timestamp":1607814794,"path_taken":["R","M","M","M","?","?","T","R","E"],"items_purchased_type":[],"build_version":"2020-11-30","purchased_purges":0,"victory":false,"max_hp_per_floor":[90,90,90,90,90,90,90,90,90,90],"card_choices":[{"not_picked":["champ:ShieldWall","champ:StanceDance"],"picked":"champ:Encircle","floor":2},{"not_picked":["champ:Backstep","champ:StanceDance"],"picked":"champ:FaceSlap","floor":3},{"not_picked":["champ:AdrenalArmor","champ:FightOn"],"picked":"champ:FanOfKnives","floor":4}],"player_experience":129416,"relics_obtained":[{"floor":7,"key":"conspire:Dentures"}],"event_choices":[{"damage_healed":0,"gold_gain":0,"player_choice":"Ignored","damage_taken":0,"max_hp_gain":0,"max_hp_loss":0,"event_name":"Purifier","floor":6,"gold_loss":0}],"is_beta":false,"boss_relics":[],"items_purged_floors":[],"is_endless":false,"potions_floor_spawned":[],"killed_by":"3 Sentries","ascension_level":0}}