{"host":"9tzam4717zt8ei1o","time":1607779907,"event":{"mods":["BaseMod","Colored Map","Keyboard Shortcuts","Minty Spire (QoL Compilation)","Quick Restart","StSLib","SuperFastMode"],"gold_per_floor":[118,16,16,16,31,58,77,108,132,132,142,142,160,174,174,271,271,285,301,79,94,94,128,128,155,155,155,180,9,9,109,109,207,207,220,57,69,69,84,116,116,132,156,156,171,171,204,218,218,218],"floor_reached":51,"playtime":1535,"items_purged":["Strike_G","Strike_G","Defend_G"],"score":1058,"play_id":"17e8be9f-53e4-43b3-ae9e-14748dfa11b7","local_time":"20201212223147","is_ascension_mode":true,"campfire_choices":[{"data":"Noxious Fumes","floor":10.0,"key":"SMITH"},{"data":"Footwork","floor":12.0,"key":"SMITH"},{"floor":15.0,"key":"REST"},{"floor":24.0,"key":"REST"},{"floor":27.0,"key":"REST"},{"data":"Bouncing Flask","floor":30.0,"key":"SMITH"},{"data":"Footwork","floor":32.0,"key":"SMITH"},{"floor":41.0,"key":"REST"},{"data":"Reflex","floor":46,"key":"SMITH"},{"data":"Defend_G","floor":49,"key":"PURGE"}],"circlet_count":0,"master_deck":["Defend_G","Defend_G","Defend_G","Survivor","Neutralize","Backflip","Footwork+1","Deadly Poison","Noxious Fumes+1","Deadly Poison","Dodge and Roll","Footwork+1","Venomology","Tactician","Backflip","Escape Plan","Calculated Gamble+1","Bouncing Flask+1","Adrenaline","Bullet Time+1","Sucker Punch+1","A Thousand Cuts+1","Acrobatics+1","Reflex+1","Tactician+1"],"relics":["Ring of the Snake","NeowsBlessing","Snake Skull","Regal Pillow","Strawberry","Whetstone","SacredBark","Medical Kit","Blood Vial","Nunchaku","Darkstone Periapt","Letter Opener","Astrolabe","Mummified Hand","Toy Ornithopter","Peace Pipe"],"acts_visited":["Exordium","TheCity","TheBeyond"],"potions_floor_usage":[45,45,47,48,48,50,50,50],"damage_taken":[{"damage":0.0,"enemies":"Small Slimes","floor":1.0,"turns":1.0},{"damage":0.0,"enemies":"2 Louse","floor":5.0,"turns":1.0},{"damage":0.0,"enemies":"Lagavulin","floor":6.0,"turns":1.0},{"damage":3.0,"enemies":"Cultist","floor":7.0,"turns":4.0},{"damage":5.0,"enemies":"3 Sentries","floor":8.0,"turns":6.0},{"damage":20.0,"enemies":"Lots of Slimes","floor":11.0,"turns":3.0},{"damage":14.0,"enemies":"Large Slime","floor":13.0,"turns":6.0},{"damage":1.0,"enemies":"3 Louse","floor":14.0,"turns":4.0},{"damage":28.0,"enemies":"Slime Boss","floor":16.0,"turns":11.0},{"damage":21.0,"enemies":"3 Byrds","floor":18.0,"turns":5.0},{"damage":25.0,"enemies":"Spheric Guardian","floor":19.0,"turns":4.0},{"damage":18.0,"enemies":"Snecko","floor":21.0,"turns":8.0},{"damage":22.0,"enemies":"Book of Stabbing","floor":23.0,"turns":7.0},{"damage":43.0,"enemies":"Slavers","floor":25.0,"turns":7.0},{"damage":25.0,"enemies":"Book of Stabbing","floor":28.0,"turns":6.0},{"damage":26.0,"enemies":"Champ","floor":33.0,"turns":11.0},{"damage":20.0,"enemies":"3 Shapes","floor":35.0,"turns":4.0},{"damage":3.0,"enemies":"Orb Walker","floor":37.0,"turns":4.0},{"damage":24.0,"enemies":"Spire Growth","floor":39.0,"turns":6.0},{"damage":6.0,"enemies":"Giant Head","floor":40.0,"turns":8.0},{"damage":25,"enemies":"Jaw Worm Horde","floor":42,"turns":3},{"damage":9,"enemies":"Transient","floor":45,"turns":5},{"damage":0,"enemies":"Nemesis","floor":47,"turns":7},{"damage":0,"enemies":"Maw","floor":48,"turns":7},{"damage":22,"enemies":"Awakened One","floor":50,"turns":12}],"seed_played":"32972049072150947","potions_obtained":[{"floor":1.0,"key":"Ancient Potion"},{"floor":4.0,"key":"Energy Potion"},{"floor":4.0,"key":"Swift Potion"},{"floor":14.0,"key":"ColorlessPotion"},{"floor":16.0,"key":"GhostInAJar"},{"floor":21.0,"key":"SteroidPotion"},{"floor":25.0,"key":"CunningPotion"},{"floor":28.0,"key":"SkillPotion"},{"floor":37.0,"key":"LiquidMemories"},{"floor":42,"key":"SteroidPotion"},{"floor":47,"key":"DuplicationPotion"}],"is_trial":false,"path_per_floor":["M","$","?","?","M","E","M","E","T","R","M","R","M","M","R","B",null,"M","M","$","M","?","E","R","E","T","R","E","$","R","?","R","B",null,"M","$","M","$","M","E","R","M","T","?","M","R","E","M","R","B",null],"character_chosen":"THE_SILENT","items_purchased":["Footwork","Dagger Throw","Medical Kit","Bouncing Flask","Reflex"],"campfire_rested":4,"item_purchase_floors":[2,2,20,29,36],"current_hp_per_floor":[63,63,45,45,45,45,42,44,44,44,24,24,10,9,47,19,63,42,17,17,48,34,12,51,10,10,49,26,26,26,26,26,2,62,44,44,43,43,21,17,56,33,33,33,36,36,43,55,55,74],"gold":218,"neow_bonus":"THREE_ENEMY_KILL","is_daily":false,"chose_seed":false,"campfire_upgraded":5,"win_rate":0.0,"timestamp":1607779907,"path_taken":["M","$","?","?","M","E","M","E","T","R","?","R","M","?","R","BOSS","M","M","$","M","?","E","R","E","T","R","E","$","R","?","R","BOSS","M","?","M","$","M","E","R","M","T","?","M","R","E","M","R","BOSS"],"items_purchased_type":["Card","Card","Relic","Card","Card"],"build_version":"2020-11-30","purchased_purges":3,"victory":true,"max_hp_per_floor":[70,70,70,70,70,70,70,77,77,77,77,77,77,77,77,77,77,77,77,77,77,82,82,82,82,82,82,82,82,82,82,82,82,82,82,82,82,82,82,82,82,82,82,82,82,82,82,82,82,82],"card_choices":[{"not_picked":["Blade Dance","Bane"],"picked":"Backflip","floor":1.0},{"not_picked":["Bane","Sucker Punch"],"picked":"Deadly Poison","floor":5.0},{"not_picked":["Dagger Spray","Footwork"],"picked":"Noxious Fumes","floor":6.0},{"not_picked":["Acrobatics","Dash"],"picked":"Deadly Poison","floor":7.0},{"not_picked":["Underhanded Strike","Dodge and Roll","Masterful Stab"],"picked":"SKIP","floor":8.0},{"not_picked":["Underhanded Strike","Masterful Stab"],"picked":"Dodge and Roll","floor":8.0},{"not_picked":["Slice","Flying Knee","Dodge and Roll"],"picked":"SKIP","floor":11.0},{"not_picked":["Prepared","Flying Knee"],"picked":"Footwork","floor":13.0},{"not_picked":["Predator","Underhanded Strike","Cloak And Dagger"],"picked":"SKIP","floor":14.0},{"not_picked":["Burst","After Image"],"picked":"Venomology","floor":16.0},{"not_picked":["Accuracy","Quick Slash"],"picked":"Tactician","floor":18.0},{"not_picked":["Endless Agony","Noxious Fumes"],"picked":"Backflip","floor":19.0},{"not_picked":["Crippling Poison","Poisoned Stab","Finisher"],"picked":"SKIP","floor":21.0},{"not_picked":["Corpse Explosion","Expertise"],"picked":"Escape Plan","floor":23.0},{"not_picked":["Deflect","Heel Hook"],"picked":"Calculated Gamble+1","floor":25.0},{"not_picked":["Flying Knee","Outmaneuver","Flechettes"],"picked":"SKIP","floor":28.0},{"not_picked":["Doppelganger","Bullet Time"],"picked":"Adrenaline","floor":33.0},{"not_picked":["Prepared+1","Poisoned Stab"],"picked":"Acrobatics+1","floor":35.0},{"not_picked":["Slice","Bane","Acrobatics"],"picked":"SKIP","floor":37.0},{"not_picked":["Tactician","Acrobatics","Cloak And Dagger"],"picked":"SKIP","floor":39.0},{"not_picked":["Infinite Blades+1","PiercingWail+1"],"picked":"Tactician+1","floor":40.0},{"not_picked":["Prepared","All Out Attack","Flying Knee"],"picked":"SKIP","floor":42},{"not_picked":["Unload","Terror+1","Slice+1"],"picked":"SKIP","floor":45},{"not_picked":["Backflip","Calculated Gamble","Dodge and Roll"],"picked":"SKIP","floor":47},{"not_picked":["Sucker Punch+1","PiercingWail","Concentrate"],"picked":"SKIP","floor":48}],"player_experience":61233,"relics_obtained":[{"floor":6.0,"key":"Regal Pillow"},{"floor":8.0,"key":"Strawberry"},{"floor":9.0,"key":"Whetstone"},{"floor":23.0,"key":"Blood Vial"},{"floor":25.0,"key":"Nunchaku"},{"floor":26.0,"key":"Darkstone Periapt"},{"floor":28.0,"key":"Letter Opener"},{"floor":40.0,"key":"Mummified Hand"},{"floor":43,"key":"Toy Ornithopter"},{"floor":47,"key":"Peace Pipe"}],"event_choices":[{"damage_healed":0.0,"max_hp_gain":0.0,"max_hp_loss":0.0,"gold_gain":0.0,"event_name":"Scrap Ooze","player_choice":"Success","floor":3.0,"gold_loss":0.0,"damage_taken":18.0,"relics_obtained":["Snake Skull"]},{"damage_healed":0.0,"max_hp_gain":0.0,"max_hp_loss":0.0,"gold_gain":0.0,"event_name":"Lab","player_choice":"Got Potions","floor":4.0,"gold_loss":0.0,"damage_taken":0.0},{"damage_healed":0.0,"max_hp_gain":5.0,"max_hp_loss":0.0,"gold_gain":0.0,"event_name":"Forgotten Altar","player_choice":"Shed Blood","floor":22.0,"gold_loss":0.0,"damage_taken":19.0},{"damage_healed":0.0,"max_hp_gain":0.0,"max_hp_loss":0.0,"gold_gain":100.0,"event_name":"Golden Shrine","player_choice":"Pray","floor":31.0,"gold_loss":0.0,"damage_taken":0.0},{"cards_removed":["Dagger Throw"],"damage_healed":0,"gold_gain":0,"player_choice":"Removed Attack","damage_taken":0,"max_hp_gain":0,"max_hp_loss":0,"event_name":"Falling","floor":44,"gold_loss":0}],"is_beta":false,"boss_relics":[{"not_picked":["WristBlade","Coffee Dripper"],"picked":"SacredBark"},{"not_picked":["Fusion Hammer","Sozu"],"picked":"Astrolabe"}],"items_purged_floors":[20,29,36],"is_endless":false,"potions_floor_spawned":[1,5,6,14,16,21,25,28,37,42,47],"ascension_level":6}}