{"host":"DOLBYTIME","time":1607786523,"event":{"mods":["BaseMod","Block Reminder","Minty Spire (QoL Compilation)"],"gold_per_floor":[119,130,144,164,181,181,206,223,223,242,242,242,87,100,100,177,177,191,191,24,35,35,35],"floor_reached":22,"playtime":856,"items_purged":["Strike_B"],"score":380,"play_id":"7243b722-7c9c-4acd-b7d2-99330d65fcea","local_time":"20201212092203","is_ascension_mode":true,"campfire_choices":[{"floor":6,"key":"REST"},{"data":"Zap","floor":12,"key":"SMITH"},{"floor":15,"key":"REST"}],"circlet_count":0,"master_deck":["AscendersBane","Defend_B","Defend_B","Defend_B","Zap+1","Dualcast","FTL","Leap","Ball Lightning","Undo","Glacier","Thunder Strike","Self Repair","Genetic Algorithm","Auto Shields","Seek","Go for the Eyes","BootSequence","Cold Snap","Loop"],"relics":["Cracked Core","Potion Belt","Pear","Runic Pyramid","OrangePellets"],"acts_visited":["Exordium","TheCity"],"potions_floor_usage":[10,16,16],"damage_taken":[{"damage":4,"enemies":"2 Louse","floor":1,"turns":2},{"damage":13,"enemies":"Small Slimes","floor":2,"turns":4},{"damage":0,"enemies":"Jaw Worm","floor":3,"turns":3},{"damage":11,"enemies":"Looter","floor":4,"turns":3},{"damage":5,"enemies":"Red Slaver","floor":5,"turns":3},{"damage":25,"enemies":"Lagavulin","floor":7,"turns":7},{"damage":2,"enemies":"Blue Slaver","floor":8,"turns":3},{"damage":0,"enemies":"3 Louse","floor":10,"turns":2},{"damage":7,"enemies":"Looter","floor":14,"turns":4},{"damage":57,"enemies":"Hexaghost","floor":16,"turns":12},{"damage":5,"enemies":"Chosen","floor":18,"turns":7},{"damage":24,"enemies":"3 Byrds","floor":21,"turns":6},{"damage":55,"enemies":"Masked Bandits","floor":22,"turns":4}],"seed_played":"5388946516976624400","potions_obtained":[{"floor":4,"key":"FocusPotion"},{"floor":5,"key":"Swift Potion"},{"floor":8,"key":"Explosive Potion"},{"floor":16,"key":"Strength Potion"},{"floor":21,"key":"Dexterity Potion"}],"is_trial":false,"path_per_floor":["M","M","M","M","M","R","E","M","T","M","?","R","$","M","R","B",null,"M","?","$","M","?"],"character_chosen":"DEFECT","items_purchased":["Genetic Algorithm","OrangePellets"],"campfire_rested":2,"item_purchase_floors":[13,20],"current_hp_per_floor":[60,47,47,36,31,52,27,25,35,42,35,35,35,35,59,9,63,65,65,65,48,0,0],"gold":35,"neow_bonus":"REMOVE_CARD","is_daily":false,"chose_seed":false,"campfire_upgraded":1,"win_rate":0.0,"timestamp":1607786523,"path_taken":["M","M","M","M","M","R","E","M","T","M","?","R","$","M","R","BOSS","M","?","$","M","?"],"items_purchased_type":["Card","Relic"],"build_version":"2020-12-07","purchased_purges":1,"victory":false,"max_hp_per_floor":[71,71,71,71,71,71,71,71,81,81,81,81,81,81,81,81,81,81,81,81,81,81,81],"card_choices":[{"not_picked":["Turbo","Compile Driver"],"picked":"FTL","floor":1},{"not_picked":["White Noise","Chaos"],"picked":"Leap","floor":2},{"not_picked":["Coolheaded","Streamline"],"picked":"Ball Lightning","floor":3},{"not_picked":["Melter","Conserve Battery"],"picked":"Undo","floor":4},{"not_picked":["Streamline","Scrape"],"picked":"Glacier","floor":5},{"not_picked":["Skim","Lockon"],"picked":"Thunder Strike","floor":7},{"not_picked":["Go for the Eyes","Ball Lightning"],"picked":"Self Repair","floor":8},{"not_picked":["Rebound","Compile Driver","Skim"],"picked":"SKIP","floor":10},{"not_picked":["Skim","Rebound"],"picked":"Auto Shields","floor":14},{"not_picked":["Hyperbeam","Core Surge"],"picked":"Seek","floor":16},{"not_picked":["Lockon","Gash"],"picked":"Go for the Eyes","floor":18},{"not_picked":["Go for the Eyes","Auto Shields"],"picked":"Loop","floor":21}],"player_experience":1697487,"relics_obtained":[{"floor":7,"key":"Potion Belt"},{"floor":9,"key":"Pear"}],"event_choices":[{"cards_removed":["Strike_B"],"damage_healed":0,"gold_gain":0,"player_choice":"Card Removal","damage_taken":7,"max_hp_gain":0,"max_hp_loss":0,"event_name":"Golden Wing","floor":11,"gold_loss":0},{"damage_healed":0,"gold_gain":0,"cards_transformed":["Strike_B","Strike_B"],"player_choice":"Became Test Subject","damage_taken":0,"max_hp_gain":0,"max_hp_loss":0,"event_name":"Drug Dealer","floor":19,"gold_loss":0,"cards_obtained":["BootSequence","Cold Snap"]},{"damage_healed":0,"gold_gain":0,"player_choice":"Fought Bandits","damage_taken":0,"max_hp_gain":0,"max_hp_loss":0,"event_name":"Masked Bandits","floor":22,"gold_loss":0}],"is_beta":true,"boss_relics":[{"not_picked":["Black Star","Philosopher\u0027s Stone"],"picked":"Runic Pyramid"}],"items_purged_floors":[13],"is_endless":false,"potions_floor_spawned":[4,5,8,16,21],"killed_by":"Masked Bandits","ascension_level":20}}