{"host":"29mhc2ja7u6lu5r0","time":1607771462,"event":{"mods":["AchievementEnabler","BaseMod","Block Reminder","Colored Map","Colored Powertips","Highlight Path","Minty Spire (QoL Compilation)","Quick Restart","SuperFastMode","slay the spire mod where everything is the same but ironclad has a cowboy hat"],"gold_per_floor":[113,38,38,38,57,96,21,46,71,71,71],"floor_reached":10,"playtime":271,"items_purged":["Decay"],"score":106,"play_id":"8ec19b74-cd4b-4afe-ba51-1b295609addc","local_time":"20201212141102","is_ascension_mode":true,"campfire_choices":[],"circlet_count":0,"master_deck":["AscendersBane","Strike_G","Strike_G","Strike_G","Strike_G","Strike_G","Defend_G","Defend_G","Defend_G","Defend_G","Defend_G","Survivor","Neutralize","Poisoned Stab","Skewer","Catalyst","Deadly Poison"],"relics":["Ring of the Snake","Golden Idol","Blood Vial","PreservedInsect"],"acts_visited":[],"potions_floor_usage":[10],"damage_taken":[{"damage":2,"enemies":"2 Louse","floor":1,"turns":5},{"damage":1,"enemies":"Small Slimes","floor":5,"turns":4},{"damage":41,"enemies":"Gremlin Nob","floor":6,"turns":5},{"damage":1,"enemies":"Cultist","floor":8,"turns":4},{"damage":13,"enemies":"3 Sentries","floor":10,"turns":2}],"seed_played":"-199355269897004249","potions_obtained":[{"floor":5,"key":"Dexterity Potion"}],"is_trial":false,"path_per_floor":["M","$","?","?","M","E","$","M","T","E"],"character_chosen":"THE_SILENT","items_purchased":["Skewer"],"campfire_rested":0,"item_purchase_floors":[2],"current_hp_per_floor":[61,61,44,49,48,7,7,8,8,0,0],"gold":71,"neow_bonus":"THREE_RARE_CARDS","is_daily":false,"chose_seed":false,"campfire_upgraded":0,"win_rate":0.0,"timestamp":1607771462,"path_taken":["M","$","?","?","M","E","$","M","T","E"],"items_purchased_type":["Card"],"build_version":"2020-11-30","purchased_purges":1,"victory":false,"max_hp_per_floor":[70,70,70,75,75,75,75,75,75,75,75],"card_choices":[{"not_picked":["A Thousand Cuts","Burst"],"picked":"Venomology","floor":0.0},{"not_picked":["Outmaneuver","Calculated Gamble"],"picked":"Poisoned Stab","floor":1},{"not_picked":["Dodge and Roll","Underhanded Strike"],"picked":"Catalyst","floor":5},{"not_picked":["Acrobatics","Dagger Throw","Blade Dance"],"picked":"SKIP","floor":6},{"not_picked":["Choke","Outmaneuver"],"picked":"Deadly Poison","floor":8}],"player_experience":962401,"relics_obtained":[{"floor":6,"key":"Blood Vial"},{"floor":9,"key":"PreservedInsect"}],"event_choices":[{"damage_healed":0,"gold_gain":0,"player_choice":"Take Damage","damage_taken":17,"relics_obtained":["Golden Idol"],"max_hp_gain":0,"max_hp_loss":0,"event_name":"Golden Idol","floor":3,"gold_loss":0},{"damage_healed":0,"gold_gain":0,"player_choice":"Donut","damage_taken":0,"max_hp_gain":5,"max_hp_loss":0,"event_name":"Big Fish","floor":4,"gold_loss":0}],"is_beta":false,"boss_relics":[],"items_purged_floors":[7],"is_endless":false,"potions_floor_spawned":[5],"killed_by":"3 Sentries","ascension_level":12}}