{"host":"jm9833yuloeli2yd","time":1607799870,"event":{"mods":["AchievementEnabler","BaseMod","Better Altar","Better Match","Better Note","Better Sensory Stone","Better Skull","Better Vampires","Colored Map","Colored Powertips","DeckTracker","Minty Spire (QoL Compilation)","Permanent Neow","Quick Restart","StSLib","SuperFastMode"],"gold_per_floor":[10,10,10,33,183,218,218,45,45,45,120,156,176,190,190,283,283,266,266,266,290,290,290,321,321,321],"floor_reached":25,"playtime":598,"items_purged":["Doubt"],"score":554,"play_id":"c36fc80a-1f78-43e9-a988-82be93f86ae4","local_time":"20201212140430","is_ascension_mode":true,"campfire_choices":[{"floor":7,"key":"REST"},{"data":"Sweeping Beam","floor":10,"key":"SMITH"},{"data":"Zap","floor":15,"key":"SMITH"},{"data":"FTL","floor":23,"key":"SMITH"}],"circlet_count":0,"master_deck":["AscendersBane","Defend_B","Defend_B","Defend_B","Defend_B","Zap+1","Dualcast","Barrage","Sweeping Beam+1","Ball Lightning","FTL+1","Glacier+1","Steam+1","Double Energy+1","Core Surge","Hologram+1","Master of Strategy+1","Good Instincts+1","Writhe","Bite","Bite","Bite","BootSequence+1"],"relics":["Cracked Core","Golden Idol","StoneCalendar","Akabeko","Toxic Egg 2","Philosopher\u0027s Stone","Pear","Gremlin Horn"],"acts_visited":["Exordium","TheCity"],"potions_floor_usage":[6,12,16,24],"damage_taken":[{"damage":1,"enemies":"Cultist","floor":1,"turns":3},{"damage":13,"enemies":"Small Slimes","floor":4,"turns":3},{"damage":40,"enemies":"3 Sentries","floor":6,"turns":8},{"damage":3,"enemies":"Gremlin Nob","floor":12,"turns":3},{"damage":1,"enemies":"2 Louse","floor":13,"turns":2},{"damage":6,"enemies":"2 Fungi Beasts","floor":14,"turns":2},{"damage":0,"enemies":"Slime Boss","floor":16,"turns":7},{"damage":12,"enemies":"2 Thieves","floor":18,"turns":4},{"damage":0,"enemies":"Spheric Guardian","floor":21,"turns":3},{"damage":61,"enemies":"Slavers","floor":24,"turns":7},{"damage":20,"enemies":"Snecko","floor":25,"turns":3}],"seed_played":"8696149330009234179","potions_obtained":[{"floor":4,"key":"GamblersBrew"},{"floor":13,"key":"Block Potion"},{"floor":14,"key":"BlessingOfTheForge"}],"is_trial":false,"path_per_floor":["M","?","?","M","?","E","R","$","T","R","?","E","M","M","R","B",null,"M","?","?","M","?","R","E","M"],"character_chosen":"DEFECT","items_purchased":["FTL","Weak Potion"],"campfire_rested":1,"item_purchase_floors":[8,8],"current_hp_per_floor":[77,70,70,57,57,17,40,40,40,40,29,26,25,19,19,19,63,51,51,61,61,61,61,12,0,0],"gold":321,"neow_bonus":"TWENTY_PERCENT_HP_BONUS","is_daily":false,"chose_seed":false,"campfire_upgraded":3,"win_rate":0.0,"timestamp":1607799870,"path_taken":["M","?","?","M","?","E","R","$","T","R","?","E","M","M","R","BOSS","M","?","?","?","?","R","E","M"],"items_purchased_type":["Card","Potion"],"build_version":"2020-11-30","purchased_purges":1,"victory":false,"max_hp_per_floor":[85,85,77,77,77,77,77,77,77,77,77,77,77,77,77,77,77,77,77,87,87,71,71,71,71,71],"card_choices":[{"not_picked":["Steam","Redo"],"picked":"Barrage","floor":1},{"not_picked":["Coolheaded","Turbo"],"picked":"Sweeping Beam","floor":4},{"not_picked":["Skim","Conserve Battery"],"picked":"Ball Lightning","floor":6},{"not_picked":["Cold Snap","Sweeping Beam"],"picked":"Glacier+1","floor":12},{"not_picked":["Hello World","Beam Cell"],"picked":"Steam+1","floor":13},{"not_picked":["Turbo+1","Leap+1"],"picked":"Double Energy+1","floor":14},{"not_picked":["Creative AI","Reboot+1"],"picked":"Core Surge","floor":16},{"not_picked":["Loop","Stack+1"],"picked":"Hologram+1","floor":18},{"not_picked":["Panache","The Bomb+1"],"picked":"Master of Strategy+1","floor":19},{"not_picked":["Secret Technique+1","The Bomb+1"],"picked":"Good Instincts+1","floor":19},{"not_picked":["Reprogram+1","Beam Cell","Sweeping Beam"],"picked":"SKIP","floor":21},{"not_picked":["Glacier+1","Steam Power+1"],"picked":"BootSequence+1","floor":24}],"player_experience":1028090,"relics_obtained":[{"floor":6,"key":"StoneCalendar"},{"floor":9,"key":"Akabeko"},{"floor":12,"key":"Toxic Egg 2"},{"floor":24,"key":"Gremlin Horn"}],"event_choices":[{"cards_removed":["Strike_B"],"damage_healed":0,"gold_gain":0,"player_choice":"Card Removal","damage_taken":7,"max_hp_gain":0,"max_hp_loss":0,"event_name":"Golden Wing","floor":2,"gold_loss":0},{"damage_healed":0,"gold_gain":0,"player_choice":"Lose Max HP","damage_taken":0,"relics_obtained":["Golden Idol"],"max_hp_gain":0,"max_hp_loss":8,"event_name":"Golden Idol","floor":3,"gold_loss":0},{"damage_healed":0,"gold_gain":150,"player_choice":"AGREE","damage_taken":0,"max_hp_gain":0,"max_hp_loss":0,"event_name":"Liars Game","floor":5,"gold_loss":0,"cards_obtained":["Doubt"]},{"damage_healed":0,"gold_gain":75,"player_choice":"Gather Gold","damage_taken":11,"max_hp_gain":0,"max_hp_loss":0,"event_name":"World of Goop","floor":11,"gold_loss":0},{"damage_healed":0,"gold_gain":2,"player_choice":"1","damage_taken":0,"max_hp_gain":0,"max_hp_loss":0,"event_name":"betterStone:BetterStone","floor":19,"gold_loss":0},{"damage_healed":0,"gold_gain":0,"player_choice":"Opened","damage_taken":0,"relics_obtained":["Pear"],"max_hp_gain":0,"max_hp_loss":0,"event_name":"The Mausoleum","floor":20,"gold_loss":0,"cards_obtained":["Writhe"]},{"damage_healed":0,"gold_gain":0,"player_choice":"Became a vampire","damage_taken":0,"max_hp_gain":0,"max_hp_loss":16,"event_name":"Vampires","floor":22,"gold_loss":0,"cards_obtained":["Bite","Bite","Bite"]}],"is_beta":false,"boss_relics":[{"not_picked":["Calling Bell","Runic Pyramid"],"picked":"Philosopher\u0027s Stone"}],"items_purged_floors":[8],"is_endless":false,"potions_floor_spawned":[4,13,14],"killed_by":"Snecko","ascension_level":20}}