{"host":"wshh0nphwn6jv7vj","time":1607811016,"event":{"mods":["BaseMod","Bestiary","Minty Spire (QoL Compilation)"],"gold_per_floor":[115,36,36,36,60,105,105,147,196,205,258,291,324,113,122,229,229,253,95,117,146,146,146,146,146],"floor_reached":24,"playtime":1808,"items_purged":["Strike_G","Strike_G"],"score":418,"play_id":"b9a1b583-cd02-4a12-9517-fb11ab490fe0","local_time":"20201212171016","is_ascension_mode":true,"campfire_choices":[{"floor":7,"key":"REST"},{"floor":10,"key":"REST"},{"floor":15,"key":"REST"},{"floor":23,"key":"REST"}],"circlet_count":0,"master_deck":["AscendersBane","Strike_G","Strike_G","Strike_G","Defend_G","Defend_G","Defend_G","Defend_G","Defend_G","Survivor","Neutralize","Deadly Poison","Noxious Fumes","Dagger Spray","Deadly Poison","Footwork","PiercingWail","Poisoned Stab","Glass Knife","Backstab","Well Laid Plans","Glass Knife","Crippling Poison","Corpse Explosion","Footwork+1","Calculated Gamble","PiercingWail","Glass Knife"],"relics":["Ring of the Snake","NeowsBlessing","Golden Idol","Strawberry","CeramicFish","Dream Catcher","Happy Flower","Toy Ornithopter","Black Star"],"acts_visited":["Exordium","TheCity"],"potions_floor_usage":[8,8,18,20,24],"damage_taken":[{"damage":0,"enemies":"2 Louse","floor":1,"turns":1},{"damage":0,"enemies":"Jaw Worm","floor":5,"turns":1},{"damage":0,"enemies":"3 Sentries","floor":6,"turns":1},{"damage":25,"enemies":"Lagavulin","floor":8,"turns":6},{"damage":28,"enemies":"3 Sentries","floor":11,"turns":9},{"damage":0,"enemies":"Small Slimes","floor":12,"turns":3},{"damage":1,"enemies":"3 Louse","floor":13,"turns":3},{"damage":4,"enemies":"Hexaghost","floor":16,"turns":8},{"damage":14,"enemies":"2 Thieves","floor":18,"turns":3},{"damage":11,"enemies":"Spheric Guardian","floor":20,"turns":5},{"damage":24,"enemies":"Snake Plant","floor":21,"turns":5},{"damage":46,"enemies":"Sentry and Sphere","floor":24,"turns":5}],"seed_played":"-7377269496907155464","potions_obtained":[{"floor":1,"key":"AttackPotion"},{"floor":6,"key":"Weak Potion"},{"floor":12,"key":"Weak Potion"},{"floor":13,"key":"Swift Potion"},{"floor":18,"key":"Poison Potion"},{"floor":21,"key":"BlessingOfTheForge"}],"is_trial":false,"path_per_floor":["M","$","?","?","M","E","R","E","T","R","E","M","M","$","R","B",null,"M","$","M","M","?","R","M"],"character_chosen":"THE_SILENT","items_purchased":["Noxious Fumes","Well Laid Plans","Glass Knife","Calculated Gamble"],"campfire_rested":4,"item_purchase_floors":[2,14,14,19],"current_hp_per_floor":[59,59,59,31,31,31,51,26,26,46,18,18,17,17,37,33,59,50,50,44,20,20,40,0,0],"gold":146,"neow_bonus":"THREE_ENEMY_KILL","is_daily":false,"chose_seed":false,"campfire_upgraded":0,"win_rate":0.0,"timestamp":1607811016,"path_taken":["M","$","?","?","M","E","R","E","T","R","E","M","M","$","R","BOSS","M","$","M","M","?","R","M"],"items_purchased_type":["Card","Card","Card","Card"],"build_version":"2020-11-30","purchased_purges":2,"victory":false,"max_hp_per_floor":[66,66,60,67,67,67,67,67,67,67,67,67,67,67,67,67,67,67,67,67,67,67,67,67,67],"card_choices":[{"not_picked":["All Out Attack","Underhanded Strike"],"picked":"Deadly Poison","floor":1},{"not_picked":["Acrobatics","Outmaneuver"],"picked":"Dagger Spray","floor":5},{"not_picked":["Flying Knee","All Out Attack"],"picked":"Deadly Poison","floor":6},{"not_picked":["Underhanded Strike","PiercingWail"],"picked":"Footwork","floor":8},{"not_picked":["Acrobatics","Quick Slash"],"picked":"PiercingWail","floor":10},{"not_picked":["Expertise","Underhanded Strike"],"picked":"Poisoned Stab","floor":11},{"not_picked":["Reflex","Blade Dance"],"picked":"Glass Knife","floor":12},{"not_picked":["Deadly Poison","Bane"],"picked":"Backstab","floor":13},{"not_picked":["Quick Slash","Masterful Stab"],"picked":"Crippling Poison","floor":15},{"not_picked":["Malaise","Burst"],"picked":"Corpse Explosion","floor":16},{"not_picked":["Underhanded Strike","Blade Dance"],"picked":"Footwork+1","floor":18},{"not_picked":["Outmaneuver","Blade Dance"],"picked":"PiercingWail","floor":20},{"not_picked":["Dagger Throw","Dagger Spray"],"picked":"Glass Knife","floor":21}],"player_experience":1394985,"relics_obtained":[{"floor":6,"key":"CeramicFish"},{"floor":8,"key":"Dream Catcher"},{"floor":9,"key":"Happy Flower"},{"floor":11,"key":"Toy Ornithopter"}],"event_choices":[{"damage_healed":0,"gold_gain":0,"player_choice":"Lose Max HP","damage_taken":0,"relics_obtained":["Golden Idol"],"max_hp_gain":0,"max_hp_loss":6,"event_name":"Golden Idol","floor":3,"gold_loss":0},{"damage_healed":0,"gold_gain":0,"player_choice":"Success","damage_taken":35,"relics_obtained":["Strawberry"],"max_hp_gain":0,"max_hp_loss":0,"event_name":"Scrap Ooze","floor":4,"gold_loss":0},{"damage_healed":0,"gold_gain":0,"player_choice":"Ignored","damage_taken":0,"max_hp_gain":0,"max_hp_loss":0,"event_name":"Cursed Tome","floor":22,"gold_loss":0}],"is_beta":false,"boss_relics":[{"not_picked":["Calling Bell","Busted Crown"],"picked":"Black Star"}],"items_purged_floors":[14,19],"is_endless":false,"potions_floor_spawned":[1,6,12,13,18,21],"killed_by":"Sentry and Sphere","ascension_level":15}}