{"host":"7zb9v22qptw5vuf6","time":1607774734,"event":{"mods":["BaseMod","Luminous","Marisa（F雨　魔理沙）","Minty Spire (QoL Compilation)","Reimu（博丽灵梦）","Replay The Spire","Say the Spire","StSLib","The Jungle","Yuyuko","【东方二次创作】八云紫mod"],"gold_per_floor":[115,115,69,87,87,122,132,132,179,179,195,215,246,263,263,263,263,366,366,380,404,679,691,711,711,736,682,682,698,502,515,525,231,231,326,326,336,346,346,361,385,385,72,72,145,156,156,168,13,43,43,43,43,43,43,71,79],"floor_reached":58,"playtime":4172,"items_purged":["Regret","Dying Sakura"],"score":1269,"play_id":"5fe1598f-d0e8-4ebb-828d-9d21779167fd","local_time":"20201212200534","is_ascension_mode":false,"campfire_choices":[{"floor":8.0,"key":"REST"},{"data":"Sweet of Phantom","floor":10.0,"key":"SMITH"},{"data":"Mirror of Mind","floor":25.0,"key":"SMITH"},{"floor":34.0,"key":"DIG"},{"data":"Monster Cherry Tree","floor":42.0,"key":"SMITH"},{"floor":51.0,"key":"RECALL"},{"data":"Open The Fan","floor":54.0,"key":"SMITH"},{"data":"Remain Here","floor":54.0,"key":"SMITH"}],"circlet_count":0,"master_deck":["Fantasy Butterflies","Fantasy Butterflies+1","Fantasy Butterflies+1","Fantasy Butterflies","Fantasy Butterflies","Dreamy Sakura","Dreamy Sakura","Dreamy Sakura","Dreamy Sakura","Dreamy Sakura","Deathly Ground","Faramita\u0027s Temptation","Trap Lamp+1","Open The Fan+1","Dancing Butterflies","Sweet of Phantom+1","Remain Here+1","Bloom","The Forgotten Winter","Mini Ghostdom","Phantom Butterflies","Mirror of Mind+1","Gather the Spring+1","Monster Cherry Tree+1","Dying Butterflies","Become Phantom","Unstable Ward","Become Phantom","Wandering Soul","Sakura Sakura","Ghost Lead","Ghostdom Sakura+1","Scenery of Papilio","Become Phantom+1","Sweet of Phantom","Sweet of Phantom+1","Suicide","Phantom Gift+1","Bloom+1","Pot Of Greed","Pot Of Greed","Pot Of Greed","Pot Of Greed","Postpone Bloom+1"],"relics":["Coronal","Yuyuko\u0027s fan","Sundial","Pondfish Scales","ReplayFunnel","Matryoshka","Blue Kimono (Butterfly)","Pen Nib","Smiling Mask","MealTicket","Quantum Egg","Orrery","Frozen Egg 2","Blood Vial","Black Star","Omamori","Replay:Arrowhead","Meat on the Bone","Lantern","Bronze Scales","Whetstone","Replay:Bandana","Grinning Jar"],"acts_visited":["Exordium","Exordium","TheBeyond","TheEnding"],"potions_floor_usage":[57],"damage_taken":[{"damage":22.0,"enemies":"Cultist","floor":1.0,"turns":4.0},{"damage":15.0,"enemies":"Small Slimes","floor":4.0,"turns":4.0},{"damage":69.0,"enemies":"3 Sentries","floor":6.0,"turns":9.0},{"damage":9.0,"enemies":"2 Louse","floor":7.0,"turns":2.0},{"damage":12.0,"enemies":"Red Slaver","floor":11.0,"turns":3.0},{"damage":19.0,"enemies":"Exordium Thugs","floor":12.0,"turns":4.0},{"damage":25.0,"enemies":"Lagavulin","floor":13.0,"turns":5.0},{"damage":11.0,"enemies":"Gremlin Gang","floor":14.0,"turns":5.0},{"damage":11.0,"enemies":"Hexaghost","floor":18.0,"turns":7.0},{"damage":33.0,"enemies":"theJungle:Flameango_and_Byrd","floor":20.0,"turns":9.0},{"damage":31.0,"enemies":"theJungle:MUSHROOMGANG","floor":23.0,"turns":4.0},{"damage":19.0,"enemies":"theJungle:Snecko_Cultist_And_Trap","floor":24.0,"turns":5.0},{"damage":21.0,"enemies":"theJungle:MamaSnecko","floor":26.0,"turns":7.0},{"damage":26.0,"enemies":"theJungle:JungleHuntersEncounter","floor":29.0,"turns":7.0},{"damage":76.0,"enemies":"theJungle:Lyon","floor":31.0,"turns":8.0},{"damage":16.0,"enemies":"theJungle:Snecko_Cultist_And_Trap","floor":32.0,"turns":6.0},{"damage":46.0,"enemies":"theJungle:FunGuy","floor":35.0,"turns":12.0},{"damage":67.0,"enemies":"3 Darklings","floor":37.0,"turns":7.0},{"damage":23.0,"enemies":"3 Shapes","floor":38.0,"turns":3.0},{"damage":60.0,"enemies":"Writhing Mass","floor":40.0,"turns":7.0},{"damage":41.0,"enemies":"Spire Growth","floor":46.0,"turns":5.0},{"damage":18.0,"enemies":"Sphere and 2 Shapes","floor":48.0,"turns":6.0},{"damage":40.0,"enemies":"R_Hoarder","floor":50.0,"turns":8.0},{"damage":48.0,"enemies":"Time Eater","floor":52.0,"turns":11.0},{"damage":85.0,"enemies":"Shield and Spear","floor":56.0,"turns":5.0},{"damage":148,"enemies":"The Heart","floor":57,"turns":9}],"seed_played":"625533073807120853","potions_obtained":[{"floor":4.0,"key":"FearPotion"},{"floor":7.0,"key":"FearPotion"},{"floor":12.0,"key":"FairyPotion"},{"floor":14.0,"key":"Block Potion"},{"floor":26.0,"key":"Swift Potion"},{"floor":29.0,"key":"Firefly"},{"floor":38.0,"key":"Fruit Juice"},{"floor":50.0,"key":"SteroidPotion"}],"is_trial":false,"path_per_floor":["M","T","$","M","?","E","M","R","T","R","M","M","E","M","PTL","PTL","R","B",null,"M","T","?","M","M","R","E","$","T","M","$","M","M","$","R","B",null,"M","M","?","M","T","R","$","?","T","M","$","M","$","E","R","B",null,"R","$","E","B",null],"character_chosen":"YUYOKO","items_purchased":["Dancing Butterflies","Become Phantom","Orrery","Frozen Egg 2","Replay:Arrowhead","Lantern"],"campfire_rested":1,"item_purchase_floors":[3,27,30,33,43,49],"current_hp_per_floor":[29,29,29,32,32,8,6,18,18,18,25,36,31,35,35,35,40,33,40,31,31,31,33,32,32,33,33,33,33,40,23,34,40,40,28,40,33,33,33,33,33,33,40,40,40,35,40,39,45,17,17,34,45,45,45,40,25],"gold":79,"neow_bonus":"THREE_CARDS","is_daily":false,"chose_seed":false,"campfire_upgraded":5,"win_rate":0.0,"timestamp":1607774734,"path_taken":["M","?","$","M","?","E","M","R","T","R","M","M","E","M","PTL","PTL","R","BOSS","M","?","?","M","?","R","E","?","T","M","$","M","M","$","R","BOSS","M","M","?","?","?","R","$","?","T","M","$","?","?","E","R","BOSS","R","$","E","BOSS"],"items_purchased_type":["Card","Card","Relic","Relic","Relic","Relic"],"build_version":"2020-11-30","purchased_purges":2,"victory":true,"max_hp_per_floor":[40,40,40,40,40,40,40,40,40,40,40,40,40,40,40,40,40,40,40,40,40,40,40,40,40,40,40,40,40,40,40,40,40,40,40,40,40,40,40,40,40,40,40,40,40,40,40,45,45,45,45,45,45,45,45,45,45],"card_choices":[{"not_picked":["Death Dancing","Phantom Gift"],"picked":"Trap Lamp","floor":0.0},{"not_picked":["Dark Wind","Serene Spring"],"picked":"Open The Fan","floor":1.0},{"not_picked":["Reverse The Screen","Serene Spring"],"picked":"Sweet of Phantom","floor":4.0},{"not_picked":["Dying Butterflies","City of Death"],"picked":"Bloom","floor":6.0},{"not_picked":["Mini Ghostdom","Steamed Phantom"],"picked":"The Forgotten Winter","floor":7.0},{"not_picked":["Unborn Light","Steamed Phantom","Dark Wind"],"picked":"SKIP","floor":11.0},{"not_picked":["End of Faramita","Snow"],"picked":"Mini Ghostdom","floor":12.0},{"not_picked":["Postpone Bloom","Unreal"],"picked":"Phantom Butterflies","floor":13.0},{"not_picked":["Gone","Redemption of Death","Showy Withering"],"picked":"SKIP","floor":14.0},{"not_picked":["Bury in The Template","Snowing Sakura"],"picked":"Mirror of Mind","floor":18.0},{"not_picked":["Butterflies Rainbow","Bomb+1"],"picked":"Gather the Spring+1","floor":20.0},{"not_picked":["Bloom+1","Phantom Village"],"picked":"Monster Cherry Tree","floor":23.0},{"not_picked":["Phantom Butterflies+1","Cerasus Subhirtella"],"picked":"Dying Butterflies","floor":24.0},{"not_picked":["Monster Cherry Tree+1","Phantom Village","Serene Spring"],"picked":"SKIP","floor":26.0},{"not_picked":["Elegance","Dancing Butterflies+1"],"picked":"Dying Sakura","floor":29.0},{"not_picked":["Unreal","Full Moon"],"picked":"Unstable Ward","floor":30.0},{"not_picked":["Childlike","Redemption of Death+1"],"picked":"Become Phantom","floor":30.0},{"not_picked":["Gauzy Sakura","Immigrant Phantom"],"picked":"Wandering Soul","floor":30.0},{"not_picked":["Open The Fan","Infinite Sin"],"picked":"Sakura Sakura","floor":30.0},{"not_picked":["Unpaved Way","The Forgotten Winter"],"picked":"Ghost Lead","floor":30.0},{"not_picked":["Phantom Butterflies","End of Faramita+1","The Forgotten Winter"],"picked":"SKIP","floor":31.0},{"not_picked":["Unreal","Stifle"],"picked":"Ghostdom Sakura+1","floor":32.0},{"not_picked":["Infinite Reviving","Ghost Lead+1"],"picked":"Scenery of Papilio","floor":35.0},{"not_picked":["Dancing Butterflies+1","Phantom Butterflies+1"],"picked":"Become Phantom+1","floor":37.0},{"not_picked":["Final of Final","The Nether"],"picked":"Sweet of Phantom","floor":38.0},{"not_picked":["Sweet of Phantom","Open The Fan"],"picked":"Suicide","floor":40.0},{"not_picked":["Redemption of Death+1","Unreal+1"],"picked":"Phantom Gift+1","floor":46.0},{"not_picked":["Spear of Papilio+1","Cerasus Subhirtella+1"],"picked":"Bloom+1","floor":48.0},{"not_picked":["Reverse The Screen","End of Faramita","Dying Butterflies+1"],"picked":"SKIP","floor":50.0},{"not_picked":["City of Death+1","Song of Papilio+1"],"picked":"Postpone Bloom+1","floor":56.0}],"player_experience":227526,"relics_obtained":[{"floor":2.0,"key":"Sundial"},{"floor":6.0,"key":"Pondfish Scales"},{"floor":9.0,"key":"ReplayFunnel"},{"floor":13.0,"key":"Matryoshka"},{"floor":21.0,"key":"Pen Nib"},{"floor":26.0,"key":"Smiling Mask"},{"floor":28.0,"key":"MealTicket"},{"floor":28.0,"key":"Quantum Egg"},{"floor":34.0,"key":"Blood Vial"},{"floor":41.0,"key":"Omamori"},{"floor":45.0,"key":"Meat on the Bone"},{"floor":50.0,"key":"Bronze Scales"},{"floor":50.0,"key":"Whetstone"},{"floor":56.0,"key":"Replay:Bandana"},{"floor":56.0,"key":"Grinning Jar"}],"event_choices":[{"damage_healed":0.0,"max_hp_gain":0.0,"max_hp_loss":0.0,"gold_gain":0.0,"event_name":"Match and Keep!","player_choice":"1 cards matched","floor":5.0,"gold_loss":0.0,"damage_taken":0.0,"cards_obtained":["Remain Here"]},{"damage_healed":0.0,"max_hp_gain":0.0,"max_hp_loss":0.0,"gold_gain":275.0,"event_name":"Golden Shrine","player_choice":"Desecrate","floor":22.0,"gold_loss":0.0,"damage_taken":0.0,"cards_obtained":["Regret"]},{"damage_healed":0.0,"max_hp_gain":0.0,"max_hp_loss":0.0,"gold_gain":0.0,"event_name":"Duplicator","player_choice":"Copied","floor":39.0,"gold_loss":0.0,"damage_taken":0.0,"cards_obtained":["Sweet of Phantom"]},{"damage_healed":0.0,"max_hp_gain":0.0,"max_hp_loss":0.0,"gold_gain":0.0,"event_name":"The Woman in Blue","player_choice":"Bought 0 Potions","floor":44.0,"gold_loss":0.0,"damage_taken":0.0}],"is_beta":false,"boss_relics":[{"not_picked":["SlaversCollar","Runic Pyramid"],"picked":"Blue Kimono"},{"not_picked":["Runic Dome","Tiny House"],"picked":"Black Star"}],"items_purged_floors":[30,33],"is_endless":false,"potions_floor_spawned":[4,7,12,14,26,29,31,38,40,50],"ascension_level":0}}