{"host":"msmkw03x1o7nq45i","time":1607780839,"event":{"mods":["BaseMod","Bestiary","Colored Powertips","GifTheSpireLib","Highlight Path","Minty Spire (QoL Compilation)","Random Character Button","StSLib","everything is the same but u backflip on backflip"],"gold_per_floor":[10,27,27,47,47,72,72,22,22,61,84,104,138,163,163,284,284,297,297,377,21,39,39,39,72,136,171,199,211,241,278,290,425,437,474,299,322,337,356,356,387,387,414,449,449,493,517,40,40,40,40,40,14,45,45,45],"floor_reached":55,"playtime":4009,"items_purged":["Zap","Dualcast"],"score":1131,"play_id":"e536beb7-7b44-435f-b1fb-ca98ce724874","local_time":"20201212154719","is_ascension_mode":true,"campfire_choices":[{"data":"Doom and Gloom","floor":7,"key":"SMITH"},{"data":"Reprogram","floor":15,"key":"SMITH"},{"data":"Hyperbeam","floor":23,"key":"SMITH"},{"data":"Go for the Eyes","floor":32,"key":"SMITH"},{"data":"Hologram","floor":40,"key":"SMITH"},{"data":"Conserve Battery","floor":42,"key":"SMITH"},{"data":"Undo","floor":45,"key":"SMITH"},{"floor":49,"key":"RECALL"},{"data":"Beam Cell","floor":52,"key":"SMITH"}],"circlet_count":0,"master_deck":["Strike_B","Strike_B","Strike_B","Strike_B","Defend_B","Defend_B","Defend_B","Gash","Doom and Gloom+1","Injury","Undo+1","Hyperbeam+1","Reprogram+1","Rip and Tear","Rebound","Shame","Genetic Algorithm","FTL","Hologram+1","Conserve Battery+1","Gash+1","Rebound+1","Go for the Eyes+1","Echo Form","Gash+1","Steam","Rebound+1","Stack+1","Gash","Gash","Steam","Beam Cell+1","Leap","Discovery"],"relics":["Cracked Core","Du-Vu Doll","Golden Idol","Dream Catcher","Tiny Chest","Nunchaku","Pen Nib","Centennial Puzzle","SacredBark","Singing Bowl","Mummified Hand","Membership Card","Blue Candle","Question Card","MawBank","DataDisk","Coffee Dripper","Oddly Smooth Stone","Vajra","Akabeko","Lantern","Pear","CaptainsWheel","PreservedInsect","Frozen Eye","Orichalcum"],"acts_visited":["Exordium","TheCity","TheBeyond","TheEnding"],"potions_floor_usage":[16,18,25,28,30,33,38,39,39,41,44,44,50,55,55,55],"damage_taken":[{"damage":0,"enemies":"2 Louse","floor":1,"turns":1},{"damage":4,"enemies":"Jaw Worm","floor":2,"turns":3},{"damage":0,"enemies":"Cultist","floor":4,"turns":3},{"damage":18,"enemies":"Gremlin Nob","floor":10,"turns":4},{"damage":0,"enemies":"Lots of Slimes","floor":12,"turns":1},{"damage":12,"enemies":"3 Sentries","floor":13,"turns":3},{"damage":0,"enemies":"3 Louse","floor":14,"turns":1},{"damage":19,"enemies":"Hexaghost","floor":16,"turns":9},{"damage":0,"enemies":"Chosen","floor":18,"turns":3},{"damage":10,"enemies":"3 Byrds","floor":22,"turns":4},{"damage":45,"enemies":"Book of Stabbing","floor":25,"turns":5},{"damage":1,"enemies":"Cultist and Chosen","floor":27,"turns":4},{"damage":4,"enemies":"Snake Plant","floor":28,"turns":3},{"damage":7,"enemies":"Sentry and Sphere","floor":30,"turns":3},{"damage":2,"enemies":"Chosen and Byrds","floor":31,"turns":3},{"damage":33,"enemies":"Champ","floor":33,"turns":9},{"damage":0,"enemies":"Orb Walker","floor":35,"turns":2},{"damage":0,"enemies":"3 Shapes","floor":37,"turns":6},{"damage":0,"enemies":"3 Darklings","floor":38,"turns":3},{"damage":20,"enemies":"Maw","floor":39,"turns":6},{"damage":17,"enemies":"Nemesis","floor":41,"turns":7},{"damage":2,"enemies":"Reptomancer","floor":44,"turns":4},{"damage":0,"enemies":"Nemesis","floor":46,"turns":5},{"damage":57,"enemies":"Time Eater","floor":50,"turns":12},{"damage":16,"enemies":"Shield and Spear","floor":54,"turns":2},{"damage":93,"enemies":"The Heart","floor":55,"turns":8}],"seed_played":"3148800037683369980","potions_obtained":[{"floor":2,"key":"EssenceOfSteel"},{"floor":12,"key":"Energy Potion"},{"floor":14,"key":"GamblersBrew"},{"floor":18,"key":"Dexterity Potion"},{"floor":25,"key":"Explosive Potion"},{"floor":30,"key":"ColorlessPotion"},{"floor":33,"key":"EntropicBrew"},{"floor":35,"key":"DistilledChaos"},{"floor":39,"key":"DistilledChaos"},{"floor":44,"key":"Block Potion"},{"floor":46,"key":"BlessingOfTheForge"}],"is_trial":false,"path_per_floor":["M","M","?","M","?","T","R","?","T","E","T","M","E","M","R","B",null,"M","?","T","$","M","R","?","E","T","M","M","?","M","M","R","B",null,"M","$","M","M","M","R","E","R","T","E","R","E","T","$","R","B",null,"R","$","E","B"],"character_chosen":"DEFECT","items_purchased":["Membership Card","Blue Candle","Genetic Algorithm","FTL","Hologram","Fruit Juice","Steam","Oddly Smooth Stone","Beam Cell","Leap","CaptainsWheel","PreservedInsect","Frozen Eye","Discovery","EssenceOfSteel","Fire Potion"],"campfire_rested":0,"item_purchase_floors":[21,21,21,21,21,36,36,36,48,48,48,48,48,48,48,53],"current_hp_per_floor":[75,71,71,71,76,76,76,76,76,58,58,58,46,46,46,27,67,67,67,67,67,59,59,59,14,14,15,11,94,87,85,85,52,84,84,84,84,84,76,76,59,59,59,57,57,67,67,67,67,10,90,90,90,76,0,0],"gold":45,"neow_bonus":"ONE_RARE_RELIC","is_daily":false,"chose_seed":false,"campfire_upgraded":8,"win_rate":0.0,"timestamp":1607780839,"path_taken":["M","M","?","M","?","?","R","?","T","E","?","?","E","M","R","BOSS","M","?","?","$","M","R","?","E","T","M","M","?","M","M","R","BOSS","M","$","M","M","?","R","E","R","T","E","R","E","?","$","R","BOSS","R","$","E","BOSS"],"items_purchased_type":["Relic","Relic","Card","Card","Card","Potion","Card","Relic","Card","Card","Relic","Relic","Relic","Card","Potion","Potion"],"build_version":"2020-11-30","purchased_purges":2,"victory":false,"max_hp_per_floor":[75,75,75,75,80,80,80,80,80,80,80,80,80,80,80,80,80,80,80,80,80,82,82,82,82,82,84,84,94,94,94,94,94,94,94,94,94,94,106,106,106,106,106,106,106,116,116,116,116,116,116,116,116,118,118,118],"card_choices":[{"not_picked":["Conserve Battery","Blizzard"],"picked":"Gash","floor":1},{"not_picked":["Aggregate","Barrage"],"picked":"Doom and Gloom","floor":2},{"not_picked":["Static Discharge","Chill"],"picked":"Undo","floor":4},{"not_picked":["Beam Cell","Cold Snap"],"picked":"Hyperbeam","floor":10},{"not_picked":["Redo","Hologram"],"picked":"Reprogram","floor":12},{"not_picked":["Steam","Consume"],"picked":"Rip and Tear","floor":13},{"not_picked":["Self Repair","Auto Shields"],"picked":"Rebound","floor":14},{"not_picked":["Electrodynamics","Fission"],"picked":"Core Surge","floor":16},{"not_picked":["Scrape","Steam","Doom and Gloom"],"picked":"SKIP","floor":18},{"not_picked":["Barrage","Storm","Cold Snap"],"picked":"Singing Bowl","floor":22},{"not_picked":["Fusion","Storm","Turbo"],"picked":"Conserve Battery","floor":25},{"not_picked":["Scrape","Glacier","Steam","Compile Driver"],"picked":"Singing Bowl","floor":27},{"not_picked":["Capacitor+1","Beam Cell+1","Reinforced Body"],"picked":"Gash+1","floor":28},{"not_picked":["Compile Driver","Streamline","Fusion"],"picked":"Rebound+1","floor":30},{"not_picked":["Scrape","Genetic Algorithm+1","Ball Lightning+1"],"picked":"Go for the Eyes","floor":31},{"not_picked":["Meteor Strike","Fission","Electrodynamics"],"picked":"Echo Form","floor":33},{"not_picked":["Consume","Cold Snap","Turbo"],"picked":"Gash+1","floor":35},{"not_picked":["Turbo","Streamline+1","Reinforced Body"],"picked":"Rebound+1","floor":37},{"not_picked":["Hello World","Coolheaded+1","Core Surge"],"picked":"Stack+1","floor":38},{"not_picked":["Chaos+1","Force Field","Heatsinks+1","Turbo"],"picked":"Singing Bowl","floor":39},{"not_picked":["Streamline+1","Lockon","Hologram"],"picked":"Gash","floor":41},{"not_picked":["Tempest","Blizzard+1","Redo"],"picked":"Gash","floor":44},{"not_picked":["Force Field","Rebound","Genetic Algorithm+1"],"picked":"Steam","floor":46},{"not_picked":["Force Field+1","Capacitor","Fission","Rip and Tear+1"],"picked":"Singing Bowl","floor":54}],"player_experience":275506,"relics_obtained":[{"floor":6,"key":"Dream Catcher"},{"floor":9,"key":"Tiny Chest"},{"floor":10,"key":"Nunchaku"},{"floor":11,"key":"Pen Nib"},{"floor":13,"key":"Centennial Puzzle"},{"floor":20,"key":"Mummified Hand"},{"floor":25,"key":"MawBank"},{"floor":26,"key":"DataDisk"},{"floor":41,"key":"Vajra"},{"floor":43,"key":"Akabeko"},{"floor":44,"key":"Lantern"},{"floor":46,"key":"Pear"},{"floor":54,"key":"Orichalcum"}],"event_choices":[{"damage_healed":0,"gold_gain":0,"player_choice":"Take Wound","damage_taken":0,"relics_obtained":["Golden Idol"],"max_hp_gain":0,"max_hp_loss":0,"event_name":"Golden Idol","floor":3,"gold_loss":0,"cards_obtained":["Injury"]},{"damage_healed":0,"gold_gain":0,"player_choice":"Donut","damage_taken":0,"max_hp_gain":5,"max_hp_loss":0,"event_name":"Big Fish","floor":5,"gold_loss":0},{"cards_removed":["Defend_B"],"damage_healed":0,"gold_gain":0,"player_choice":"Card Removal","damage_taken":0,"max_hp_gain":0,"max_hp_loss":0,"event_name":"The Cleric","floor":8,"gold_loss":50},{"damage_healed":0,"gold_gain":0,"player_choice":"Stole Relic","damage_taken":0,"relics_obtained":["Singing Bowl"],"max_hp_gain":0,"max_hp_loss":0,"event_name":"Addict","floor":19,"gold_loss":0,"cards_obtained":["Shame"]},{"damage_healed":0,"gold_gain":0,"player_choice":"Opened","damage_taken":0,"relics_obtained":["Question Card"],"max_hp_gain":0,"max_hp_loss":0,"event_name":"The Mausoleum","floor":24,"gold_loss":0},{"cards_removed":["Core Surge"],"damage_healed":73,"gold_gain":0,"player_choice":"Offered Rare","damage_taken":0,"max_hp_gain":10,"max_hp_loss":0,"event_name":"Bonfire Elementals","floor":29,"gold_loss":0}],"is_beta":false,"boss_relics":[{"not_picked":["Busted Crown","Velvet Choker"],"picked":"SacredBark"},{"not_picked":["Tiny House","Philosopher\u0027s Stone"],"picked":"Coffee Dripper"}],"items_purged_floors":[36,48],"is_endless":false,"potions_floor_spawned":[2,12,14,18,25,30,33,35,39,44,46],"killed_by":"The Heart","ascension_level":5}}