{"host":"y89x8uui45kcjy42","time":1607783988,"event":{"mods":["2.2 Compatiblity","BaseMod","Colored Map","Colored Powertips","Friendly Minions","Highlight Path","Keyboard Shortcuts","Minty Spire (QoL Compilation)","StSLib","SuperFastMode","The Bug Knight","Waifu the Spire"],"gold_per_floor":[119,119,135,135,135,170,120,120,146,161,190,190,0,19,19,124,124,136,162,162,212,212,212,231,257,257,267,267,302,302,302,302,407,407,417,8,56,56,0,0,26,26,51,51,77,77,20,31,31,31,31,31,31,66,66],"floor_reached":56,"playtime":1713,"items_purged":["HollowMod:QuickDashStart","HollowMod:QuickDashStart","HollowMod:NailStrikeStart","HollowMod:QuickDashStart","HollowMod:NailStrikeStart","HollowMod:QuickDashStart+1"],"score":2040,"play_id":"d09dda09-9bd4-4bc4-b6af-8446388e68d3","local_time":"20201212233948","is_ascension_mode":true,"campfire_choices":[{"data":"HollowMod:HowlingWraiths","floor":8,"key":"SMITH"},{"data":"HollowMod:HeavyBlow","floor":12,"key":"SMITH"},{"data":"HollowMod:GoodIntentions","floor":15,"key":"SMITH"},{"floor":23,"key":"RECALL"},{"data":"HollowMod:SoulEater","floor":30,"key":"SMITH"},{"data":"HollowMod:NewLastStag","floor":32,"key":"SMITH"},{"data":"HollowMod:Weaversong","floor":40,"key":"SMITH"},{"data":"HollowMod:CloakDash","floor":42,"key":"SMITH"},{"data":"HollowMod:FocusHealStart","floor":44,"key":"SMITH"},{"data":"HollowMod:Weaversong","floor":46,"key":"SMITH"},{"data":"HollowMod:QuickDashStart","floor":49,"key":"SMITH"}],"circlet_count":0,"master_deck":["AscendersBane","HollowMod:NailStrikeStart+1","HollowMod:FocusHealStart+1","HollowMod:PogoStrike+1","HollowMod:NewLastStag+1","HollowMod:HowlingWraiths+1","HollowMod:HeavyBlow+1","HollowMod:GoodIntentions+1","HollowMod:CloakDash+1","HollowMod:GoodIntentions+1","HollowMod:SoulEater+1","HollowMod:Weaversong+1","HollowMod:SoulSplash+1","HollowMod:Weaversong+1","HollowMod:PureNailStrike+1"],"relics":["HollowMod:VesselMask","HollowMod:MillibellesNoteRelic","Membership Card","Tiny Chest","Juzu Bracelet","HollowMod:IsmasTear","Shuriken","TheAbacus","Coffee Dripper","ClockworkSouvenir","Nunchaku","Boot","MutagenicStrength","Whetstone","DollysMirror","Ginger","HollowMod:DelicateFlower","Thread and Needle","Happy Flower","Coffee Dripper","WingedGreaves","OrangePellets","Mummified Hand","HollowMod:LifeEnderRelic","FossilizedHelix","Red Mask","Singing Bowl","PreservedInsect","Calipers","Ornamental Fan","Incense Burner","Bronze Scales","Lantern","Potion Belt","Anchor"],"acts_visited":["Exordium","TheCity","TheBeyond","TheEnding"],"potions_floor_usage":[11,21,25,33,55,55,55,55,55],"damage_taken":[{"damage":2,"enemies":"Jaw Worm","floor":1,"turns":4},{"damage":1,"enemies":"2 Louse","floor":3,"turns":3},{"damage":25,"enemies":"3 Sentries","floor":6,"turns":5},{"damage":13,"enemies":"Small Slimes","floor":10,"turns":3},{"damage":6,"enemies":"Gremlin Nob","floor":11,"turns":3},{"damage":6,"enemies":"Looter","floor":14,"turns":3},{"damage":52,"enemies":"The Guardian","floor":16,"turns":15},{"damage":0,"enemies":"Chosen","floor":18,"turns":4},{"damage":6,"enemies":"2 Thieves","floor":24,"turns":2},{"damage":0,"enemies":"Book of Stabbing","floor":25,"turns":9},{"damage":10,"enemies":"Centurion and Healer","floor":27,"turns":5},{"damage":0,"enemies":"Gremlin Leader","floor":29,"turns":5},{"damage":25,"enemies":"HollowMod:NKGrimm","floor":33,"turns":14},{"damage":0,"enemies":"3 Shapes","floor":35,"turns":2},{"damage":7,"enemies":"2 Orb Walkers","floor":37,"turns":3},{"damage":0,"enemies":"Reptomancer","floor":41,"turns":3},{"damage":0,"enemies":"Giant Head","floor":45,"turns":4},{"damage":0,"enemies":"3 Darklings","floor":48,"turns":2},{"damage":0,"enemies":"Awakened One","floor":50,"turns":10},{"damage":0,"enemies":"Shield and Spear","floor":54,"turns":2},{"damage":29,"enemies":"The Heart","floor":55,"turns":6}],"seed_played":"-2216505755742468609","potions_obtained":[{"floor":3,"key":"Ancient Potion"},{"floor":6,"key":"Fire Potion"},{"floor":16,"key":"AttackPotion"},{"floor":24,"key":"Strength Potion"},{"floor":25,"key":"EssenceOfSteel"},{"floor":35,"key":"SteroidPotion"}],"is_trial":false,"path_per_floor":["M","?","M","?","?","E","?","R","T","M","E","R","$","M","R","B",null,"M","$","?","$","T","R","M","E","T","M","?","E","R","?","R","B",null,"M","$","?","T","?","R","E","R","T","R","E","R","$","M","R","B",null,"R","$","E","B",null],"character_chosen":"THE_BUGKNIGHT","items_purchased":["TheAbacus","HollowMod:GoodIntentions","Fruit Juice","ClockworkSouvenir","Nunchaku","Boot","Whetstone","DollysMirror","DistilledChaos","OrangePellets","Mummified Hand","HollowMod:LifeEnderRelic","Ornamental Fan","Incense Burner","Bronze Scales","Lantern","Dexterity Potion","Strength Potion"],"campfire_rested":0,"item_purchase_floors":[13,13,13,19,19,19,21,21,21,36,36,36,47,47,53,53,53,53],"current_hp_per_floor":[72,72,75,63,68,49,49,49,49,42,36,36,36,36,36,65,76,76,76,76,81,81,81,75,75,75,65,65,65,65,65,65,46,75,75,75,68,68,68,68,70,70,70,70,76,76,76,78,78,88,89,89,89,89,61],"gold":66,"neow_bonus":"RANDOM_COMMON_RELIC","is_daily":false,"chose_seed":false,"campfire_upgraded":10,"win_rate":0.0,"timestamp":1607783988,"path_taken":["M","?","M","?","?","E","?","R","T","M","E","R","$","M","R","BOSS","M","$","?","$","?","R","M","E","T","M","?","E","R","?","R","BOSS","M","$","?","?","?","R","E","R","T","R","E","R","$","M","R","BOSS","R","$","E","BOSS"],"items_purchased_type":["Relic","Card","Potion","Relic","Relic","Relic","Relic","Relic","Potion","Relic","Relic","Relic","Relic","Relic","Relic","Relic","Potion","Potion"],"build_version":"2020-11-30","purchased_purges":6,"victory":true,"max_hp_per_floor":[75,75,75,75,80,80,80,80,80,80,80,80,80,80,80,80,80,80,80,80,85,85,85,85,85,85,85,85,85,85,85,85,85,85,85,85,85,85,85,85,87,87,87,87,87,87,87,89,89,89,89,89,89,89,89],"card_choices":[{"not_picked":["HollowMod:ShadowDash","HollowMod:ChannelNail","HollowMod:BaldurShell"],"picked":"SKIP","floor":1},{"not_picked":["HollowMod:DashSlash","HollowMod:ShadowDash"],"picked":"HollowMod:HowlingWraiths","floor":3},{"not_picked":["HollowMod:CornifersMapStart","HollowMod:BlackTendrils","HollowMod:SoulShaman"],"picked":"SKIP","floor":6},{"not_picked":["HollowMod:DreamGate","HollowMod:InfectedCysts"],"picked":"HollowMod:HeavyBlow","floor":10},{"not_picked":["HollowMod:TaintedHusks","HollowMod:NewInfectedGuardian","HollowMod:LifebloodCocoon"],"picked":"SKIP","floor":11},{"not_picked":["HollowMod:CoiledNail","HollowMod:BaldurShell","HollowMod:MothsMistake"],"picked":"SKIP","floor":14},{"not_picked":["HollowMod:BrokenVessel+1","HollowMod:DescendingDark"],"picked":"HollowMod:CloakDash","floor":18},{"not_picked":["HollowMod:HowlingWraiths","HollowMod:BlackTendrils","HollowMod:WraithStrike"],"picked":"SKIP","floor":24},{"not_picked":["HollowMod:CloakDash","HollowMod:SiblingsSouls"],"picked":"HollowMod:SoulEater","floor":25},{"not_picked":["HollowMod:RecoilStrike+1","HollowMod:HowlingWraiths+1","HollowMod:MawleksShell"],"picked":"SKIP","floor":27},{"not_picked":["HollowMod:PaleKingsBlessing","HollowMod:InfectedCysts+1","HollowMod:DreamGate"],"picked":"SKIP","floor":29},{"not_picked":["HollowMod:SlysStrikes","HollowMod:Hiveblood"],"picked":"HollowMod:Weaversong","floor":33},{"not_picked":["HollowMod:HowlingWraiths","HollowMod:DescendingDark"],"picked":"HollowMod:SoulSplash+1","floor":35},{"not_picked":["HollowMod:HuntersJournal","HollowMod:LuriensSpire+1","HollowMod:AbyssShriek+1"],"picked":"Singing Bowl","floor":41},{"not_picked":["HollowMod:NewJinnsSoul+1","HollowMod:NewGlowingWomb+1"],"picked":"HollowMod:Weaversong","floor":45},{"not_picked":["HollowMod:NewGlowingWomb","HollowMod:InfectedCysts","HollowMod:SiblingsSouls"],"picked":"Singing Bowl","floor":48},{"not_picked":["HollowMod:SoulShaman","HollowMod:DungDefenderAura"],"picked":"HollowMod:PureNailStrike+1","floor":54}],"player_experience":514028,"relics_obtained":[{"floor":6,"key":"Juzu Bracelet"},{"floor":9,"key":"HollowMod:IsmasTear"},{"floor":11,"key":"Shuriken"},{"floor":22,"key":"Ginger"},{"floor":25,"key":"HollowMod:DelicateFlower"},{"floor":26,"key":"Thread and Needle"},{"floor":29,"key":"Happy Flower"},{"floor":37,"key":"FossilizedHelix"},{"floor":41,"key":"Singing Bowl"},{"floor":43,"key":"PreservedInsect"},{"floor":45,"key":"Calipers"},{"floor":54,"key":"Anchor"}],"event_choices":[{"damage_healed":0,"gold_gain":0,"player_choice":"Success","damage_taken":12,"relics_obtained":["Tiny Chest"],"max_hp_gain":0,"max_hp_loss":0,"event_name":"Scrap Ooze","floor":4,"gold_loss":0},{"damage_healed":0,"gold_gain":0,"player_choice":"Donut","damage_taken":0,"max_hp_gain":5,"max_hp_loss":0,"event_name":"Big Fish","floor":5,"gold_loss":0},{"cards_removed":["HollowMod:NailStrikeStart"],"damage_healed":0,"gold_gain":0,"player_choice":"Card Removal","damage_taken":0,"max_hp_gain":0,"max_hp_loss":0,"event_name":"The Cleric","floor":7,"gold_loss":50},{"damage_healed":0,"gold_gain":0,"player_choice":"Inject Mutagens","damage_taken":0,"relics_obtained":["MutagenicStrength"],"max_hp_gain":0,"max_hp_loss":0,"event_name":"Drug Dealer","floor":20,"gold_loss":0},{"damage_healed":0,"gold_gain":0,"player_choice":"Ignored","damage_taken":0,"max_hp_gain":0,"max_hp_loss":0,"event_name":"Vampires","floor":28,"gold_loss":0},{"damage_healed":0,"gold_gain":0,"player_choice":"Fight","damage_taken":0,"max_hp_gain":0,"max_hp_loss":0,"event_name":"Mysterious Sphere","floor":37,"gold_loss":0},{"damage_healed":0,"gold_gain":0,"player_choice":"Paid","damage_taken":0,"relics_obtained":["Red Mask"],"max_hp_gain":0,"max_hp_loss":0,"event_name":"Tomb of Lord Red Mask","floor":39,"gold_loss":56}],"is_beta":false,"boss_relics":[{"not_picked":["Tiny House","SlaversCollar"],"picked":"Coffee Dripper"},{"not_picked":["Busted Crown","Snecko Eye","Fusion Hammer"]}],"items_purged_floors":[13,19,21,36,47,53],"is_endless":false,"potions_floor_spawned":[3,6,16,18,24,25,35,41,48],"ascension_level":10}}