{"host":"re9xirrjoezsqg3h","time":1607786220,"event":{"mods":["AchievementEnabler","BaseMod","Dota2Spire","Downfall","GifTheSpireLib","Hermit","Luminous","Minty Spire (QoL Compilation)","Replay The Spire","Robot Space Explorer","StSLib","The Administrix","The Bug Knight","The Cursed","[IsaacMod]ÒÔÈö¼âËþ"],"gold_per_floor":[113,113,12,42,62,62,75,95,173,188,188,263,290,331,331,435,435,448,461,501,600,644,644,239,256,282,307,307],"floor_reached":27,"playtime":1264,"items_purged":["hermit:Defend_Hermit","hermit:Determination"],"score":219,"play_id":"b9acaad7-e460-4146-a3c6-8dc49c910826","local_time":"20201212231700","is_ascension_mode":false,"campfire_choices":[{"data":"BettingIsNotGood","floor":6,"key":"SMITH"},{"data":"hermit:HighCaliber","floor":11,"key":"SMITH"},{"data":"hermit:HighCaliber","floor":15,"key":"SMITH"},{"data":"hermit:EternalForm","floor":23,"key":"SMITH"}],"circlet_count":0,"master_deck":["hermit:Strike_Hermit","hermit:Strike_Hermit","hermit:Strike_Hermit","hermit:Strike_Hermit+1","hermit:Defend_Hermit","hermit:Defend_Hermit","hermit:Defend_Hermit","hermit:Snapshot","hermit:Covet","BettingIsNotGood+1","Secret Weapon","hermit:Deadeye","hermit:GhostlyPresence","hermit:HighCaliber+1","hermit:GhostlyPresence","hermit:EternalForm+1","hermit:HighCaliber+1","hermit:HighNoon","hermit:EyeOfTheStorm","Jack Of All Trades","hermit:FullyLoaded"],"relics":["HushsDoor","SteamSale","Coffee Dripper","BargainBundle","Dota2Spire:AghanimScepter","DeathBook","Gremlin Food","BelialBook","Black Star","Bag of Preparation","Strawberry","NineVolt","SharpPlug"],"acts_visited":["Exordium","TheCity"],"potions_floor_usage":[7,20,20,25],"damage_taken":[{"damage":3,"enemies":"Jaw Worm","floor":1,"turns":4},{"damage":6,"enemies":"Cultist","floor":4,"turns":3},{"damage":10,"enemies":"Small Slimes","floor":5,"turns":2},{"damage":0,"enemies":"Gremlin Gang","floor":7,"turns":2},{"damage":0,"enemies":"Large Slime","floor":8,"turns":6},{"damage":2,"enemies":"Blue Slaver","floor":10,"turns":3},{"damage":24,"enemies":"Hiden Room Battle","floor":12,"turns":5},{"damage":17,"enemies":"Lagavulin","floor":13,"turns":7},{"damage":4,"enemies":"Gremlin Gang","floor":14,"turns":3},{"damage":22,"enemies":"The Guardian","floor":16,"turns":7},{"damage":0,"enemies":"Spheric Guardian","floor":18,"turns":3},{"damage":21,"enemies":"Chosen","floor":19,"turns":6},{"damage":13,"enemies":"Shelled Parasite and Fungi","floor":20,"turns":4},{"damage":41,"enemies":"Snake Plant","floor":22,"turns":4},{"damage":6,"enemies":"Sentry and Sphere","floor":25,"turns":4},{"damage":26,"enemies":"HollowMod:Nosk","floor":27,"turns":6}],"seed_played":"-5282421293803489683","potions_obtained":[{"floor":7,"key":"Fruit Juice"},{"floor":12,"key":"Fire Potion"},{"floor":13,"key":"DistilledChaos"},{"floor":16,"key":"Guardian:BlockOnCardUsePotion"},{"floor":18,"key":"Slimebound:ThreeZeroPotion"}],"is_trial":false,"path_per_floor":["M","?","$","M","M","R","M","M","T","M","R","?","E","M","R","B",null,"M","M","M","?","M","R","$","M","T","E"],"character_chosen":"HERMIT","items_purchased":["BargainBundle","Doom Potion","SneckoOil","BlessingOfTheForge","Secret Weapon","hermit:Deadeye","hermit:GhostlyPresence","hermit:Determination","hermit:EyeOfTheStorm","Energy Potion","Bag of Preparation","Strawberry","Jack Of All Trades","NineVolt","SpeedPotion"],"campfire_rested":0,"item_purchase_floors":[3,3,3,3,3,3,3,3,24,24,24,24,24,24,24],"current_hp_per_floor":[73,73,73,67,62,62,67,80,80,78,78,54,47,43,43,31,80,80,59,46,46,5,5,12,6,6,0,0],"gold":307,"neow_bonus":"BOSS_RELIC","is_daily":false,"chose_seed":false,"campfire_upgraded":4,"win_rate":0.0,"timestamp":1607786220,"path_taken":["M","?","$","?","M","R","M","?","T","M","R","?","E","M","R","BOSS","M","M","M","?","M","R","$","M","T","E"],"items_purchased_type":["Relic","Potion","Potion","Potion","Card","Card","Card","Card","Card","Potion","Relic","Relic","Card","Relic","Potion"],"build_version":"2020-11-30","purchased_purges":2,"victory":false,"max_hp_per_floor":[75,75,75,75,75,75,80,80,80,80,80,80,80,80,80,80,80,80,80,80,80,80,80,87,87,87,87,87],"card_choices":[{"not_picked":[],"picked":"BettingIsNotGood","floor":0},{"not_picked":["hermit:Roulette","hermit:Misfire"],"picked":"Bomb","floor":1},{"not_picked":["hermit:NoHoldsBarred","hermit:ItchyTrigger"],"picked":"hermit:HighCaliber","floor":4},{"not_picked":["hermit:CalledShot","hermit:Gestalt","hermit:Roulette"],"picked":"SKIP","floor":5},{"not_picked":["hermit:LowProfile","hermit:FullyLoaded"],"picked":"hermit:GhostlyPresence","floor":7},{"not_picked":["hermit:Virtue","hermit:FlashPowder","hermit:Combo"],"picked":"SKIP","floor":8},{"not_picked":["hermit:FlashPowder","hermit:ItchyTrigger","hermit:LowProfile"],"picked":"SKIP","floor":10},{"not_picked":["hermit:TrackingShot","hermit:Feint"],"picked":"hermit:EternalForm","floor":12},{"not_picked":["hermit:Dissolve","hermit:Manifest"],"picked":"hermit:HighCaliber","floor":13},{"not_picked":["hermit:Malice","hermit:Dive","hermit:BigShot"],"picked":"SKIP","floor":14},{"not_picked":["hermit:Adapt","hermit:OverwhelmingPower"],"picked":"hermit:HighNoon","floor":16},{"not_picked":["hermit:Misfire+1","hermit:TakeCover","hermit:SprayPray"],"picked":"SKIP","floor":18},{"not_picked":["hermit:Feint","hermit:Manifest+1","hermit:Brawl"],"picked":"SKIP","floor":19},{"not_picked":["hermit:Quickdraw","hermit:TakeCover","hermit:CalledShot+1"],"picked":"SKIP","floor":20},{"not_picked":["hermit:LowProfile","hermit:DeadMansHand+1","hermit:Ricochet"],"picked":"SKIP","floor":22},{"not_picked":["hermit:Deadeye","hermit:Desperado"],"picked":"hermit:FullyLoaded","floor":25}],"player_experience":261758,"relics_obtained":[{"floor":9,"key":"Dota2Spire:AghanimScepter"},{"floor":12,"key":"DeathBook"},{"floor":12,"key":"Gremlin Food"},{"floor":13,"key":"BelialBook"},{"floor":26,"key":"SharpPlug"}],"event_choices":[{"damage_healed":0,"gold_gain":0,"player_choice":"Fight","damage_taken":0,"max_hp_gain":0,"max_hp_loss":0,"event_name":"HidenRoomEvent","floor":12,"gold_loss":0},{"damage_healed":0,"gold_gain":99,"player_choice":"Stole From Cult","damage_taken":0,"max_hp_gain":0,"max_hp_loss":0,"event_name":"Nest","floor":21,"gold_loss":0}],"is_beta":false,"boss_relics":[{"not_picked":["ChampionBelt","Fusion Hammer"],"picked":"Black Star"},{"not_picked":[]}],"items_purged_floors":[3,24],"is_endless":false,"potions_floor_spawned":[7,12,13,14,16,18],"killed_by":"HollowMod:Nosk","ascension_level":0}}