{"host":"mli1kjx8eh35fx4e","time":1607809141,"event":{"mods":["2.2 Compatiblity","Act Like it!","Aspiration","BaseMod","Better Altar","Better Match","Better Note","Better Sensory Stone","Better Skull","Better Third Choice","BetterRewards","CCEM","Colored Map","Conspire","Downfall","Elementarium","Gensokyo","GifTheSpireLib","Googly Eyes","Halation","Hallownest","Hermit","Hubris","Infinite Spire","Jedi Mod","JesterMod","Jorbs\u0027s Wanderer Trilogy","Mimic Mod","Minty Spire (QoL Compilation)","Pale of the Ancients","Permanent Neow","Railgun Mod","Replay The Spire","Robot Space Explorer","Shade Mod","Shop Mod","Spicy Shops","StSLib","Strawberry Spire","Stuff the Spire","SuperFastMode","The Blackbeard","The Bug Knight","The Cursed","The Death Knight","The Hierophant","The Jungle","The Necromancer","The Problem Sleuth","The Witch","[IsaacMod]????"],"gold_per_floor":[109,135,135,148,178,213,213,232,308,338,382,146,146,146,146,261,261,271,271,302,318,318,318,318,318],"floor_reached":24,"playtime":1959,"items_purged":[],"score":208,"play_id":"1beb108b-9d3e-43bf-a59d-8c428b10300e","local_time":"20201212163901","is_ascension_mode":false,"campfire_choices":[{"data":"HollowMod:FocusHealStart","floor":7,"key":"SMITH"},{"data":"1","floor":13,"key":"LIFT"},{"data":"2","floor":15,"key":"LIFT"},{"floor":23,"key":"REST"}],"circlet_count":0,"master_deck":["HollowMod:NailStrikeStart","HollowMod:NailStrikeStart","HollowMod:QuickDashStart","HollowMod:QuickDashStart","HollowMod:FocusHealStart+1","HollowMod:PogoStrike","BettingIsNotGood","HollowMod:SoulEater","HollowMod:DungDefenderAura","strawberrySpire:Fastroyer","Toxin Wave","Unload","HollowMod:AwokenDreamNail","HollowMod:RecoilStrike","HollowMod:InfectedCysts","HollowMod:theNailsmith","HollowMod:NewJinnsSoul","HollowMod:GoodIntentions","HollowMod:NewGlowingWomb","HollowMod:SoulMaster","HollowMod:CycloneSlash","HollowMod:DesolateDive","HollowMod:Grubsong"],"relics":["HollowMod:VesselMask","HushsDoor","GuppysTail","NeowsBlessing","hubris:SlimyHat","Onion Ring","Girya","StuffTheSpire:DarkSteelAnvil","halation:LostSnail","strawberrySpire:SolarisEssence","halation:EternalFortune"],"acts_visited":["Gensokyo:Gensokyo","theJungle:Jungle"],"potions_floor_usage":[11,11,18,18,18,24,24],"damage_taken":[{"damage":3,"enemies":"Gensokyo:2_Kodama","floor":1,"turns":1},{"damage":0,"enemies":"Gensokyo:Gryphon","floor":2,"turns":1},{"damage":0,"enemies":"Gensokyo:3_Fairies","floor":4,"turns":1},{"damage":8,"enemies":"Gensokyo:VengefulSpirit","floor":5,"turns":3},{"damage":24,"enemies":"Gensokyo:Cirno","floor":6,"turns":7},{"damage":0,"enemies":"Gensokyo:Python_and_Kodama","floor":8,"turns":2},{"damage":4,"enemies":"Gensokyo:LivingMonolith","floor":10,"turns":3},{"damage":4,"enemies":"Gensokyo:Aya","floor":11,"turns":4},{"damage":42,"enemies":"Gensokyo:Reimu","floor":16,"turns":10},{"damage":18,"enemies":"theJungle:MUSHROOMGANG","floor":18,"turns":3},{"damage":41,"enemies":"theJungle:GiantWrat","floor":20,"turns":6},{"damage":41,"enemies":"theJungle:SlimyTreeVines","floor":21,"turns":6},{"damage":42,"enemies":"Nightmare","floor":24,"turns":6}],"seed_played":"-506864254611416232","potions_obtained":[{"floor":2,"key":"sneckomod:MuddlingPotion"},{"floor":6,"key":"Weak Potion"},{"floor":11,"key":"EntropicBrew"},{"floor":16,"key":"Weak Potion"},{"floor":20,"key":"PowerPotion"}],"is_trial":false,"path_per_floor":["M","M","?","M","M","E","R","M","T","M","E","$","R","?","R_BF","B",null,"M","?","M","M","?","R","NM"],"character_chosen":"THE_BUGKNIGHT","items_purchased":["StuffTheSpire:DarkSteelAnvil","halation:LostSnail","HollowMod:NewGlowingWomb"],"campfire_rested":1,"item_purchase_floors":[12,12,12],"current_hp_per_floor":[72,72,72,72,64,57,57,63,63,65,67,67,67,67,67,35,75,63,66,35,10,10,33,0,0],"gold":318,"neow_bonus":"THREE_ENEMY_KILL","is_daily":false,"chose_seed":false,"campfire_upgraded":1,"win_rate":0.0,"timestamp":1607809141,"path_taken":["M","M","?","?","M","E","R","M","T","M","E","$","R","?","R_BF","BOSS","M","?","M","M","?","R","NM"],"items_purchased_type":["Relic","Relic","Card"],"build_version":"2020-11-30","purchased_purges":0,"victory":false,"max_hp_per_floor":[75,75,75,75,75,75,75,75,75,75,75,75,75,75,75,75,75,75,78,78,78,78,78,78,78],"card_choices":[{"not_picked":[],"picked":"BettingIsNotGood","floor":0},{"not_picked":["HollowMod:NewLittleFool","HollowMod:VengefulSpirit"],"picked":"HollowMod:SoulEater","floor":1},{"not_picked":["HollowMod:SoulSplash","HollowMod:PureNailStrike"],"picked":"HollowMod:DungDefenderAura","floor":2},{"not_picked":["HollowMod:SharpenedNail","HollowMod:ChannelNail"],"picked":"HollowMod:AwokenDreamNail","floor":4},{"not_picked":["HollowMod:DescendingDark","HollowMod:ShadowDash"],"picked":"HollowMod:RecoilStrike","floor":5},{"not_picked":["HollowMod:TaintedHusks","HollowMod:SiblingsSouls"],"picked":"HollowMod:InfectedCysts","floor":6},{"not_picked":["HollowMod:SiblingsSouls","HollowMod:ShadowDash"],"picked":"HollowMod:theNailsmith","floor":8},{"not_picked":["HollowMod:DoubleDash","HollowMod:WraithStrike"],"picked":"HollowMod:NewJinnsSoul","floor":10},{"not_picked":["HollowMod:FastStrike","HollowMod:SoulSplash"],"picked":"HollowMod:GoodIntentions","floor":11},{"not_picked":["HollowMod:theNailsmith","HollowMod:LifebloodCore"],"picked":"HollowMod:SoulMaster","floor":16},{"not_picked":["HollowMod:ShapeofUnn","HollowMod:BlackTendrils"],"picked":"HollowMod:CycloneSlash","floor":18},{"not_picked":["HollowMod:WraithStrike","HollowMod:DescendingDark+1"],"picked":"HollowMod:DesolateDive","floor":20},{"not_picked":["HollowMod:HuntersJournal","HollowMod:MonarchWings"],"picked":"HollowMod:Grubsong","floor":21}],"player_experience":528028,"relics_obtained":[{"floor":6,"key":"hubris:SlimyHat"},{"floor":9,"key":"Onion Ring"},{"floor":11,"key":"Girya"}],"event_choices":[],"is_beta":false,"boss_relics":[{"not_picked":["halation:PlatinumPhoenix","StuffTheSpire:RunicConfusion"],"picked":"strawberrySpire:SolarisEssence"},{"not_picked":[]}],"items_purged_floors":[],"is_endless":false,"potions_floor_spawned":[2,6,11,16,20],"killed_by":"Nightmare","ascension_level":0}}