{"host":"g53g9qlo34vrqi92","time":1607744588,"event":{"mods":["Aspiration","Bard","BaseMod","Beaked The Cultist","BetterRewards","Colored Map","Conspire","Energized Spire","Fiend Mod","GifTheSpireLib","Googly Eyes","Gremlin Skip","Halation","Hermit","Hubris","Infinite Spire","Jedi Mod","Minty Spire (QoL Compilation)","Permanent Neow","Quick Restart","Relic Filter","Replay The Spire","Spikes Relics","StSLib","Stuff the Spire","Synergy Search","The Bladedancer","The Bug Knight","The Construct","The Cursed","The Factory","The Forsaken","The Jungle","The Necromancer","The Spell Scribe","The Trickster","Trackpad","slay the spire mod where everything is the same but ironclad has a cowboy hat","vexMod"],"gold_per_floor":[109,62,78,43,57,88,18,18,71,103,115,115,115,149,149,254,254,269,284,284,300,300,300,328,328,328,328,361,361,361,373,389,278,334,437,437,456,471,481,481,492,523,523,640,667,667,677,677,677,366,366,366],"floor_reached":53,"playtime":3045,"items_purged":["Time Bomb+1"],"score":745,"play_id":"92b5f481-adb7-4646-aac3-054c4e95c071","local_time":"20201211194308","is_ascension_mode":false,"campfire_choices":[{"floor":8.0,"key":"REST"},{"data":"hubris:DuctTapeCard","floor":13.0,"key":"SMITH"},{"data":"hubris:EnhanceAbility","floor":15.0,"key":"SMITH"},{"data":"Defragment","floor":23.0,"key":"SMITH"},{"floor":25.0,"key":"REST"},{"data":"jedi:blockon","floor":27.0,"key":"SMITH"},{"floor":43.0,"key":"REST"},{"data":"jedi:reiji","floor":48,"key":"SMITH"},{"floor":51,"key":"REST"}],"circlet_count":0,"master_deck":["Strike_B","Strike_B","Strike_B","Strike_B","Defend_B","Defend_B","Defend_B","Defend_B","Zap","Dualcast","Self Repair","hubris:EnhanceAbility+1","Leap","jedi:blockon+1","jedi:sharpshooter","Self Repair","Defragment+1","jedi:locknload","ReplayTheSpireMod:Calculation Training","Go for the Eyes+1","StuffTheSpire:Plugnplay+1","jedi:reiji+1","FIFO Queue+1","jedi:BurstFrost","jedi:BurstFrost+1","Redo","Barrage+1","Tempest+1","hubris:DuctTapeCard","White Noise+1","infinitespire:Gouge","Hologram+1"],"relics":["Cracked Core","hubris:BallOfYels","Regal Pillow","hubris:PeanutButter","Omamori","jedi:crownofsimplicity","hubris:DuctTape","hubris:Towel","hubris:SoftwareUpdate","hubris:HollowSoul","hubris:Icosahedron","BlackRope","HollowMod:StagPassRelic","energizedSpire:UnstableMolecules","Ring of Hypnosis","Ring of Misfortune","theForsaken:Lifeblossom","Anchor","ReplayTheSpireMod:Lightbulb"],"acts_visited":["Exordium","TheCity","TheBeyond"],"potions_floor_usage":[],"damage_taken":[{"damage":0.0,"enemies":"Small Slimes","floor":1.0,"turns":3.0},{"damage":0.0,"enemies":"2 Louse","floor":3.0,"turns":3.0},{"damage":0.0,"enemies":"Jaw Worm","floor":5.0,"turns":3.0},{"damage":30.0,"enemies":"Gremlin Nob","floor":6.0,"turns":5.0},{"damage":0.0,"enemies":"Lagavulin","floor":10.0,"turns":4.0},{"damage":0.0,"enemies":"3 Louse","floor":11.0,"turns":3.0},{"damage":13.0,"enemies":"3 Sentries","floor":14.0,"turns":5.0},{"damage":14.0,"enemies":"Fading Forest","floor":16.0,"turns":11.0},{"damage":0.0,"enemies":"3 Byrds","floor":18.0,"turns":2.0},{"damage":0.0,"enemies":"Shell Parasite","floor":19.0,"turns":3.0},{"damage":0.0,"enemies":"Cultist and Chosen","floor":21.0,"turns":4.0},{"damage":46.0,"enemies":"Slavers","floor":24.0,"turns":6.0},{"damage":10.0,"enemies":"Book of Stabbing","floor":28.0,"turns":3.0},{"damage":19.0,"enemies":"Chosen and Byrds","floor":31.0,"turns":7.0},{"damage":0.0,"enemies":"Shelled Parasite and Fungi","floor":32.0,"turns":5.0},{"damage":16.0,"enemies":"conspire:MysteriousRune","floor":35.0,"turns":9.0},{"damage":12.0,"enemies":"3 Shapes","floor":37.0,"turns":6.0},{"damage":0.0,"enemies":"Orb Walker","floor":38.0,"turns":2.0},{"damage":0.0,"enemies":"Transient","floor":39.0,"turns":5.0},{"damage":0.0,"enemies":"4 Shapes","floor":41.0,"turns":4.0},{"damage":31.0,"enemies":"Reptomancer","floor":42.0,"turns":4.0},{"damage":1,"enemies":"3 Darklings","floor":44,"turns":5},{"damage":23,"enemies":"Maw","floor":47,"turns":6},{"damage":57,"enemies":"Replay:Hell Engine","floor":52,"turns":9}],"seed_played":"4984593090764950475","potions_obtained":[{"floor":1.0,"key":"GamblersBrew"},{"floor":5.0,"key":"infinitespire:BlackPotion"},{"floor":14.0,"key":"Languid Potion"},{"floor":32.0,"key":"LiquidMemories"},{"floor":44,"key":"jedi:coolantleak"}],"is_trial":false,"path_per_floor":["M","$","M","?","M","E","$","R","T","E","M","?","R","E","R","B",null,"M","M","?","M","?","R","E","R","T","R","E","PTL","PTL","M","M","$","R_BF","B",null,"M","M","M","?","M","E","R","M","T","?","M","R","?","$","R","B",null],"character_chosen":"DEFECT","items_purchased":["hubris:BallOfYels","Self Repair","Redo","Regal Pillow","hubris:EnhanceAbility","hubris:PeanutButter","Leap","Redo","Defragment","FIFO Queue","ReplayTheSpireMod:Lightbulb","DuplicationPotion","Hologram+1"],"campfire_rested":4,"item_purchase_floors":[0,0,0,0,0,0,0,2,7,33,50,50,50],"current_hp_per_floor":[38,38,45,63,70,47,47,75,75,75,75,75,75,75,75,75,75,75,75,75,75,75,75,43,75,75,75,72,72,72,67,75,75,75,73,75,75,75,75,75,75,58,75,75,75,75,67,67,50,50,75,33],"gold":366,"neow_bonus":"","is_daily":false,"chose_seed":false,"campfire_upgraded":5,"win_rate":0.0,"timestamp":1607744588,"path_taken":["M","$","M","?","M","E","$","R","T","E","M","?","R","E","R","BOSS","M","M","?","M","?","R","E","R","T","R","E","PTL","PTL","M","M","$","R_BF","BOSS","M","M","M","?","M","E","R","M","T","?","M","R","?","$","R","BOSS"],"items_purchased_type":["Relic","Card","Card","Relic","Card","Relic","Card","Card","Card","Card","Relic","Potion","Card"],"build_version":"2020-11-30","purchased_purges":1,"victory":true,"max_hp_per_floor":[75,75,75,75,75,75,75,75,75,75,75,75,75,75,75,75,75,75,75,75,75,75,75,75,75,75,75,75,75,75,75,75,75,75,75,75,75,75,75,75,75,75,75,75,75,75,75,75,75,75,75,75],"card_choices":[{"not_picked":["Rebound","FTL"],"picked":"jedi:blockon","floor":1.0},{"not_picked":["Skim","Rebound","Streamline"],"picked":"SKIP","floor":3.0},{"not_picked":["RefreshScreen","Streamline"],"picked":"jedi:sharpshooter","floor":5.0},{"not_picked":["Force Field","StuffTheSpire:Plugnplay"],"picked":"Self Repair","floor":6.0},{"not_picked":["jedi:BurstDark","Go for the Eyes"],"picked":"jedi:locknload","floor":10.0},{"not_picked":["Streamline","Stack","Cold Snap"],"picked":"SKIP","floor":11.0},{"not_picked":["Hello World","BasicCrystalCard"],"picked":"ReplayTheSpireMod:Calculation Training","floor":14.0},{"not_picked":["Scrape","ReplayTheSpireMod:System Scan+1"],"picked":"Go for the Eyes+1","floor":18.0},{"not_picked":["StuffTheSpire:NuclearReactor+1","Leap+1"],"picked":"Time Bomb+1","floor":19.0},{"not_picked":["Barrage","Steam","Compile Driver+1"],"picked":"SKIP","floor":21.0},{"not_picked":["Turbo","StuffTheSpire:NuclearReactor"],"picked":"StuffTheSpire:Plugnplay+1","floor":24.0},{"not_picked":["Self Repair+1","StuffTheSpire:NuclearReactor+1"],"picked":"jedi:reiji","floor":28.0},{"not_picked":["StuffTheSpire:ForEach","StuffTheSpire:LoadUp+1","Leap"],"picked":"SKIP","floor":31.0},{"not_picked":["Panic Button","Go for the Eyes","Reprogram"],"picked":"SKIP","floor":32.0},{"not_picked":["Gash+1","Compile Driver+1"],"picked":"jedi:BurstFrost","floor":37.0},{"not_picked":["Gash","Turbo+1"],"picked":"jedi:BurstFrost+1","floor":38.0},{"not_picked":["Ball Lightning","Cold Snap+1"],"picked":"Redo","floor":39.0},{"not_picked":["StuffTheSpire:LoadUp+1","Loop+1"],"picked":"Barrage+1","floor":41.0},{"not_picked":["jedi:studyfrost","Hologram"],"picked":"Tempest+1","floor":42.0},{"not_picked":["ReplayTheSpireMod:System Scan","Stack+1","Compile Driver"],"picked":"SKIP","floor":44},{"not_picked":["StuffTheSpire:Plugnplay","StuffTheSpire:LaunchingStrike"],"picked":"White Noise+1","floor":47},{"not_picked":["infinitespire:SevenWalls","infinitespire:UltimateForm"],"picked":"infinitespire:Gouge","floor":49}],"player_experience":960250,"relics_obtained":[{"floor":6.0,"key":"Omamori"},{"floor":9.0,"key":"jedi:crownofsimplicity"},{"floor":10.0,"key":"hubris:DuctTape"},{"floor":14.0,"key":"hubris:SoftwareUpdate"},{"floor":24.0,"key":"BlackRope"},{"floor":28.0,"key":"HollowMod:StagPassRelic"},{"floor":40.0,"key":"Ring of Hypnosis"},{"floor":40.0,"key":"Ring of Misfortune"},{"floor":42.0,"key":"theForsaken:Lifeblossom"},{"floor":45,"key":"Anchor"}],"event_choices":[{"damage_healed":18.0,"max_hp_gain":0.0,"max_hp_loss":0.0,"gold_gain":0.0,"event_name":"The Cleric","player_choice":"Healed","floor":4.0,"gold_loss":35.0,"damage_taken":0.0},{"damage_healed":0,"gold_gain":0,"player_choice":"Ignored","damage_taken":0,"max_hp_gain":0,"max_hp_loss":0,"event_name":"Tomb of Lord Red Mask","floor":46,"gold_loss":0}],"is_beta":false,"boss_relics":[{"not_picked":["vexMod:FluxCapacitor","StuffTheSpire:ModemDavis"],"picked":"hubris:HollowSoul"},{"not_picked":["energizedSpire:OgreHead","Pandora\u0027s Box"],"picked":"energizedSpire:UnstableMolecules"}],"items_purged_floors":[33],"is_endless":false,"potions_floor_spawned":[1,5,14,16,18,21,32,35,37,44],"ascension_level":0}}