{"host":"nmyw38vkdf8owddb","time":1607756975,"event":{"mods":["BaseMod","Bestiary","Colored Map","Colored Powertips","DeckTracker","Minty Spire (QoL Compilation)","StSLib","Waifu the Spire"],"gold_per_floor":[114,114,134,145,164,164,190,203,226,254,254,73,83,94,94,195,195,205,224,224,224,234,234,234,234],"floor_reached":24,"playtime":1115,"items_purged":[],"score":277,"play_id":"8b7be5c4-4840-49c1-92d8-e081288e831f","local_time":"20201212160935","is_ascension_mode":true,"campfire_choices":[{"data":"Uppercut","floor":6,"key":"SMITH"},{"data":"Cleave","floor":11,"key":"SMITH"},{"data":"Apotheosis","floor":15,"key":"SMITH"},{"floor":23,"key":"REST"}],"circlet_count":0,"master_deck":["Strike_R","Strike_R","Strike_R","Strike_R","Strike_R","Defend_R","Defend_R","Defend_R","Defend_R","Bash+1","Uppercut+1","Flame Barrier","Cleave+1","Headbutt","Shrug It Off+1","Spot Weakness","Apotheosis+1","Exhume","Feed"],"relics":["Burning Blood","Question Card","Bag of Preparation","Potion Belt","Lantern","Runic Pyramid"],"acts_visited":["Exordium","TheCity"],"potions_floor_usage":[10,24],"damage_taken":[{"damage":5,"enemies":"Small Slimes","floor":1,"turns":4},{"damage":1,"enemies":"Cultist","floor":3,"turns":3},{"damage":2,"enemies":"2 Louse","floor":4,"turns":3},{"damage":14,"enemies":"Looter","floor":5,"turns":3},{"damage":31,"enemies":"Lagavulin","floor":7,"turns":7},{"damage":5,"enemies":"Red Slaver","floor":8,"turns":3},{"damage":12,"enemies":"Gremlin Nob","floor":10,"turns":4},{"damage":0,"enemies":"3 Louse","floor":13,"turns":1},{"damage":0,"enemies":"Lots of Slimes","floor":14,"turns":2},{"damage":27,"enemies":"Slime Boss","floor":16,"turns":8},{"damage":34,"enemies":"Shell Parasite","floor":18,"turns":7},{"damage":17,"enemies":"Spheric Guardian","floor":19,"turns":6},{"damage":25,"enemies":"Snake Plant","floor":22,"turns":6},{"damage":51,"enemies":"Slavers","floor":24,"turns":4}],"seed_played":"-189496576488235630","potions_obtained":[{"floor":1,"key":"ElixirPotion"},{"floor":7,"key":"Block Potion"},{"floor":10,"key":"Swift Potion"},{"floor":14,"key":"DistilledChaos"},{"floor":18,"key":"BlessingOfTheForge"}],"is_trial":false,"path_per_floor":["M","?","M","M","M","R","E","M","T","E","R","$","M","M","R","B",null,"M","M","?","?","M","R","E"],"character_chosen":"IRONCLAD","items_purchased":["Apotheosis"],"campfire_rested":1,"item_purchase_floors":[12],"current_hp_per_floor":[80,80,80,80,72,72,47,48,48,42,42,42,48,54,54,33,80,56,49,32,32,17,46,0,0],"gold":234,"neow_bonus":"UPGRADE_CARD","is_daily":false,"chose_seed":false,"campfire_upgraded":3,"win_rate":0.0,"timestamp":1607756975,"path_taken":["M","?","?","M","M","R","E","M","T","E","R","?","M","M","R","BOSS","M","M","?","?","M","R","E"],"items_purchased_type":["Card"],"build_version":"2020-11-30","purchased_purges":0,"victory":false,"max_hp_per_floor":[80,80,80,80,80,80,80,80,80,80,80,80,80,80,80,80,80,84,88,93,93,97,97,101,101],"card_choices":[{"not_picked":["Pommel Strike","Cleave"],"picked":"Uppercut","floor":1},{"not_picked":["Pommel Strike","Entrench","Headbutt"],"picked":"Flame Barrier","floor":3},{"not_picked":["Wild Strike","Headbutt","Flex"],"picked":"Cleave","floor":4},{"not_picked":["Twin Strike","True Grit","Dropkick"],"picked":"Headbutt","floor":5},{"not_picked":["Reckless Charge","Impervious","Dark Embrace"],"picked":"Shrug It Off","floor":7},{"not_picked":["Thunderclap","Second Wind","Pummel","Heavy Blade"],"picked":"SKIP","floor":8},{"not_picked":["Infernal Blade","Body Slam","Headbutt"],"picked":"Spot Weakness","floor":10},{"not_picked":["Infernal Blade","Inflame","True Grit"],"picked":"Exhume","floor":13},{"not_picked":["Clash","Headbutt","Cleave","Twin Strike"],"picked":"SKIP","floor":14},{"not_picked":["Berserk","Exhume","Demon Form"],"picked":"Feed","floor":16},{"not_picked":["Body Slam","Heavy Blade","Clash+1","Thunderclap"],"picked":"SKIP","floor":18},{"not_picked":["Cleave","Havoc","Metallicize","Clothesline"],"picked":"SKIP","floor":19},{"not_picked":["Perfected Strike+1","Shrug It Off","Inflame","Flex+1"],"picked":"SKIP","floor":22}],"player_experience":306503,"relics_obtained":[{"floor":7,"key":"Bag of Preparation"},{"floor":9,"key":"Potion Belt"},{"floor":10,"key":"Lantern"}],"event_choices":[{"damage_healed":0,"gold_gain":0,"player_choice":"Gave Potion","damage_taken":0,"relics_obtained":["Question Card"],"max_hp_gain":0,"max_hp_loss":0,"event_name":"WeMeetAgain","floor":2,"gold_loss":0},{"damage_healed":0,"gold_gain":0,"player_choice":"Shed Blood","damage_taken":22,"max_hp_gain":5,"max_hp_loss":0,"event_name":"Forgotten Altar","floor":20,"gold_loss":0},{"damage_healed":0,"gold_gain":0,"player_choice":"Upgraded","damage_taken":0,"max_hp_gain":0,"max_hp_loss":0,"event_name":"Upgrade Shrine","floor":21,"gold_loss":0,"cards_upgraded":["Shrug It Off"]}],"is_beta":false,"boss_relics":[{"not_picked":["Velvet Choker","Black Star"],"picked":"Runic Pyramid"}],"items_purged_floors":[],"is_endless":false,"potions_floor_spawned":[1,7,10,14,18],"killed_by":"Slavers","ascension_level":4}}