{"host":"Ilker","time":1607801687,"event":{"mods":["BaseMod","Bestiary","Block Reminder","Colored Map","DeckTracker","Highlight Path","Minty Spire (QoL Compilation)","Quick Restart","Relic Sorter","Relic Stats"],"gold_per_floor":[119,139,150,161,181,181,199,225,252,177,177,177,177],"floor_reached":12,"playtime":1838,"items_purged":[],"score":164,"play_id":"bb7b30c9-b459-491c-8df5-019b3913a63e","local_time":"20201212223447","is_ascension_mode":true,"campfire_choices":[{"data":"Adaptation","floor":6.0,"key":"SMITH"},{"floor":11,"key":"REST"}],"circlet_count":0,"master_deck":["AscendersBane","Strike_P","Strike_P","Strike_P","Defend_P","Defend_P","Defend_P","Defend_P","Eruption","Vigilance","EmptyFist","Adaptation+1","FlyingSleeves","DeceiveReality","LikeWater","Protect","Halt"],"relics":["Runic Dome","Oddly Smooth Stone","Strawberry"],"acts_visited":["Exordium"],"potions_floor_usage":[8,12],"damage_taken":[{"damage":0.0,"enemies":"Cultist","floor":1.0,"turns":2.0},{"damage":7.0,"enemies":"2 Louse","floor":2.0,"turns":2.0},{"damage":12.0,"enemies":"Small Slimes","floor":3.0,"turns":2.0},{"damage":6.0,"enemies":"2 Fungi Beasts","floor":4.0,"turns":3.0},{"damage":1.0,"enemies":"Looter","floor":5.0,"turns":3.0},{"damage":0.0,"enemies":"Exordium Wildlife","floor":7.0,"turns":6.0},{"damage":26,"enemies":"3 Sentries","floor":8,"turns":14},{"damage":48,"enemies":"Gremlin Nob","floor":12,"turns":3}],"seed_played":"5038108747176290864","potions_obtained":[{"floor":1.0,"key":"Weak Potion"},{"floor":4.0,"key":"Ancient Potion"},{"floor":7.0,"key":"SpeedPotion"}],"is_trial":false,"path_per_floor":["M","M","M","M","M","R","M","E","T","?","R","E"],"character_chosen":"WATCHER","items_purchased":[],"campfire_rested":1,"item_purchase_floors":[],"current_hp_per_floor":[61,54,42,36,35,35,35,9,16,16,38,0,0],"gold":177,"neow_bonus":"BOSS_RELIC","is_daily":false,"chose_seed":false,"campfire_upgraded":1,"win_rate":0.0,"timestamp":1607801687,"path_taken":["M","M","M","?","M","R","M","E","T","?","R","E"],"items_purchased_type":[],"build_version":"2020-12-07","purchased_purges":0,"victory":false,"max_hp_per_floor":[68,68,68,68,68,68,68,68,75,75,75,75,75],"relic_stats":{"counters":[8,35],"obtain_stats":[{"Runic Dome":0,"Strawberry":9,"Oddly Smooth Stone":8,"PureWater":0},{"Runic Dome":0,"Strawberry":7,"Oddly Smooth Stone":7,"PureWater":0},{"Runic Dome":0,"Strawberry":32,"Oddly Smooth Stone":32,"PureWater":0}]},"card_choices":[{"not_picked":["Collect","Perseverance"],"picked":"EmptyFist","floor":1.0},{"not_picked":["Consecrate","Pray"],"picked":"Adaptation","floor":2.0},{"not_picked":["BowlingBash","ClearTheMind"],"picked":"FlyingSleeves","floor":3.0},{"not_picked":["CrushJoints","Sanctity"],"picked":"DeceiveReality","floor":4.0},{"not_picked":["Collect","PathToVictory"],"picked":"LikeWater","floor":5.0},{"not_picked":["Weave","BowlingBash"],"picked":"Protect","floor":7.0},{"not_picked":["ClearTheMind","Swivel"],"picked":"Halt","floor":8}],"player_experience":1634777,"relics_obtained":[{"floor":8,"key":"Oddly Smooth Stone"},{"floor":9,"key":"Strawberry"}],"event_choices":[{"cards_removed":["Strike_P"],"damage_healed":0,"gold_gain":0,"player_choice":"Card Removal","damage_taken":0,"max_hp_gain":0,"max_hp_loss":0,"event_name":"The Cleric","floor":10,"gold_loss":75}],"is_beta":true,"boss_relics":[],"items_purged_floors":[],"is_endless":false,"potions_floor_spawned":[1,4,7],"killed_by":"Gremlin Nob","ascension_level":20}}