{"host":"y76clbnovzmw9ubx","time":1607813515,"event":{"mods":["AchievementEnabler","BaseMod","Minty Spire (QoL Compilation)","Permanent Neow","Relic Stats"],"gold_per_floor":[168,187,203,214,214,243,243,243,243],"floor_reached":8,"playtime":338,"items_purged":[],"score":116,"play_id":"07ea22ab-a834-4e69-a9c6-2d0ab6e1e1e9","local_time":"20201212175155","is_ascension_mode":true,"campfire_choices":[{"floor":7,"key":"REST"}],"circlet_count":0,"master_deck":["AscendersBane","Strike_B","Strike_B","Strike_B","Strike_B","Defend_B","Defend_B","Defend_B","Defend_B","Zap+1","Dualcast","Streamline","Ball Lightning","Lockon","Cold Snap","Sunder","Hologram"],"relics":["Tiny House","White Beast Statue"],"acts_visited":["Exordium"],"potions_floor_usage":[6],"damage_taken":[{"damage":4,"enemies":"Jaw Worm","floor":1,"turns":3},{"damage":0,"enemies":"Cultist","floor":2,"turns":2},{"damage":8,"enemies":"2 Louse","floor":3,"turns":2},{"damage":15,"enemies":"Exordium Thugs","floor":4,"turns":4},{"damage":29,"enemies":"Lagavulin","floor":6,"turns":7},{"damage":35,"enemies":"Gremlin Nob","floor":8,"turns":3}],"seed_played":"-2352797098656556513","potions_obtained":[{"floor":0,"key":"SpeedPotion"},{"floor":2,"key":"SmokeBomb"},{"floor":3,"key":"PowerPotion"}],"is_trial":false,"path_per_floor":["M","M","M","M","?","E","R","E"],"character_chosen":"DEFECT","items_purchased":[],"campfire_rested":1,"item_purchase_floors":[],"current_hp_per_floor":[65,65,57,42,42,13,35,0,0],"gold":243,"neow_bonus":"BOSS_RELIC","is_daily":false,"chose_seed":false,"campfire_upgraded":0,"win_rate":0.0,"timestamp":1607813515,"path_taken":["M","M","M","M","?","E","R","E"],"items_purchased_type":[],"build_version":"2020-11-30","purchased_purges":0,"victory":false,"max_hp_per_floor":[76,76,76,76,76,76,76,76,76],"relic_stats":{"counters":[6,21],"obtain_stats":[{"Tiny House":0,"Cracked Core":0,"White Beast Statue":6},{"Tiny House":0,"Cracked Core":0,"White Beast Statue":5},{"Tiny House":0,"Cracked Core":0,"White Beast Statue":18}]},"card_choices":[{"not_picked":["Sweeping Beam","FTL"],"picked":"Streamline","floor":0},{"not_picked":["Streamline","Blizzard"],"picked":"Ball Lightning","floor":1},{"not_picked":["Doom and Gloom","Conserve Battery"],"picked":"Lockon","floor":2},{"not_picked":["Ball Lightning","Rebound"],"picked":"Cold Snap","floor":3},{"not_picked":["Consume","Blizzard"],"picked":"Sunder","floor":4},{"not_picked":["Turbo","Conserve Battery"],"picked":"Hologram","floor":6}],"player_experience":2831957,"relics_obtained":[{"floor":6,"key":"White Beast Statue"}],"event_choices":[{"damage_healed":0,"gold_gain":0,"player_choice":"Ignored","damage_taken":0,"max_hp_gain":0,"max_hp_loss":0,"event_name":"Liars Game","floor":5,"gold_loss":0}],"is_beta":false,"boss_relics":[],"items_purged_floors":[],"is_endless":false,"potions_floor_spawned":[2,3,4],"killed_by":"Gremlin Nob","ascension_level":20}}