{"host":"n4g93besrg43trcj","time":1607739158,"event":{"mods":["BaseMod","GifTheSpireLib","Minty Spire (QoL Compilation)","StSLib"],"gold_per_floor":[113,38,213,288,116,116,131,131,210,222,222,131,150,150,150,255,255,272,184,201,220,25,25,48,48,71,104,137,137,156,173,173,270,270,280,334,334,345,365,365,392,146,192,223,235,260,120,147,147,147],"floor_reached":51,"playtime":2439,"items_purged":["Strike_G","Doubt","Strike_G","Strike_G"],"score":738,"play_id":"4612e580-0efd-486f-b576-9368f8b60ba1","local_time":"20201211211238","is_ascension_mode":false,"campfire_choices":[{"data":"Choke","floor":6,"key":"SMITH"},{"data":"Infinite Blades","floor":8,"key":"SMITH"},{"data":"Accuracy","floor":11,"key":"SMITH"},{"data":"Accuracy","floor":15,"key":"SMITH"},{"data":"Infinite Blades","floor":23,"key":"SMITH"},{"data":"Blade Dance","floor":25,"key":"SMITH"},{"floor":32,"key":"REST"},{"data":"Adrenaline","floor":40,"key":"SMITH"},{"floor":45,"key":"REST"},{"floor":49,"key":"REST"}],"circlet_count":0,"master_deck":["Strike_G","Strike_G+1","Defend_G","Defend_G","Defend_G","Defend_G","Defend_G","Survivor","Neutralize","Infinite Blades+1","Choke+1","Accuracy+1","Blade Dance+1","Swift Strike+1","Accuracy+1","CurseOfTheBell","Trip","Infinite Blades+1","Adrenaline+1","Blade Dance","Slice+1","Infinite Blades"],"relics":["Ring of the Snake","Mummified Hand","Calling Bell","Lantern","Sundial","CaptainsWheel","Membership Card","Blood Vial","Regal Pillow","Centennial Puzzle","Red Mask","MutagenicStrength","Busted Crown","Pocketwatch","Whetstone","Ice Cream","MawBank","Orichalcum","Paper Crane"],"acts_visited":["Exordium","TheCity","TheBeyond"],"potions_floor_usage":[16,16,16,18,21,39,41,50],"damage_taken":[{"damage":0,"enemies":"Small Slimes","floor":1,"turns":3},{"damage":4,"enemies":"2 Louse","floor":7,"turns":3},{"damage":0,"enemies":"Cultist","floor":10,"turns":2},{"damage":6,"enemies":"3 Louse","floor":13,"turns":3},{"damage":38,"enemies":"The Guardian","floor":16,"turns":5},{"damage":10,"enemies":"Shell Parasite","floor":18,"turns":3},{"damage":7,"enemies":"Spheric Guardian","floor":20,"turns":4},{"damage":0,"enemies":"Centurion and Healer","floor":21,"turns":4},{"damage":23,"enemies":"Slavers","floor":27,"turns":5},{"damage":0,"enemies":"Masked Bandits","floor":28,"turns":2},{"damage":0,"enemies":"3 Cultists","floor":30,"turns":4},{"damage":0,"enemies":"Snecko","floor":31,"turns":3},{"damage":30,"enemies":"Champ","floor":33,"turns":6},{"damage":0,"enemies":"3 Shapes","floor":35,"turns":3},{"damage":2,"enemies":"2 Orb Walkers","floor":36,"turns":4},{"damage":4,"enemies":"Orb Walker","floor":38,"turns":3},{"damage":0,"enemies":"Transient","floor":39,"turns":5},{"damage":36,"enemies":"Reptomancer","floor":41,"turns":6},{"damage":5,"enemies":"3 Darklings","floor":44,"turns":3},{"damage":3,"enemies":"4 Shapes","floor":46,"turns":4},{"damage":35,"enemies":"Nemesis","floor":48,"turns":3},{"damage":49,"enemies":"Time Eater","floor":50,"turns":6}],"seed_played":"986466875843144879","potions_obtained":[{"floor":1,"key":"Ancient Potion"},{"floor":7,"key":"Strength Potion"},{"floor":10,"key":"Poison Potion"},{"floor":16,"key":"AttackPotion"},{"floor":20,"key":"Poison Potion"},{"floor":28,"key":"GamblersBrew"},{"floor":35,"key":"Energy Potion"},{"floor":36,"key":"ColorlessPotion"},{"floor":39,"key":"FairyPotion"},{"floor":44,"key":"Ancient Potion"}],"is_trial":false,"path_per_floor":["M","$","?","?","$","R","M","R","T","M","R","$","M","?","R","B",null,"M","$","M","M","$","R","T","R","T","E","?","?","M","M","R","B",null,"M","?","?","M","M","R","E","$","T","M","R","M","$","E","R","B",null],"character_chosen":"THE_SILENT","items_purchased":["Accuracy","Swift Strike","Trip","Membership Card","Infinite Blades","Blade Dance","Ice Cream","Orichalcum"],"campfire_rested":3,"item_purchase_floors":[5,12,19,22,22,42,42,47],"current_hp_per_floor":[70,70,70,59,59,59,55,55,55,55,55,55,49,49,49,11,70,60,60,53,53,53,53,53,53,53,32,34,34,36,38,70,40,70,70,68,80,76,78,78,44,44,44,41,80,77,77,44,80,31],"gold":147,"neow_bonus":"THREE_CARDS","is_daily":false,"chose_seed":false,"campfire_upgraded":7,"win_rate":0.0,"timestamp":1607739158,"path_taken":["M","$","?","?","$","R","M","R","T","M","R","$","M","?","R","BOSS","M","$","M","M","$","R","?","R","T","E","?","?","?","M","R","BOSS","M","?","?","?","M","R","E","$","T","?","R","M","$","E","R","BOSS"],"items_purchased_type":["Card","Card","Card","Relic","Card","Card","Relic","Relic"],"build_version":"2020-11-30","purchased_purges":4,"victory":true,"max_hp_per_floor":[70,70,70,70,70,70,70,70,70,70,70,70,70,70,70,70,70,70,70,70,70,70,70,70,70,70,70,70,70,70,70,70,70,70,70,70,80,80,80,80,80,80,80,80,80,80,80,80,80,80],"card_choices":[{"not_picked":["Sucker Punch","Blur"],"picked":"Infinite Blades","floor":0},{"not_picked":["Deadly Poison","Quick Slash"],"picked":"Choke","floor":1},{"not_picked":["PiercingWail","Escape Plan"],"picked":"Blade Dance","floor":7},{"not_picked":["Riddle With Holes","Prepared","Masterful Stab"],"picked":"SKIP","floor":10},{"not_picked":["Skewer","Riddle With Holes"],"picked":"Accuracy","floor":13},{"not_picked":["Corpse Explosion","Grand Finale"],"picked":"Adrenaline","floor":16},{"not_picked":["Quick Slash","Well Laid Plans","Poisoned Stab"],"picked":"SKIP","floor":18},{"not_picked":["Blur+1","Bouncing Flask+1","Die Die Die"],"picked":"SKIP","floor":20},{"not_picked":["Sucker Punch","Acrobatics+1","Riddle With Holes"],"picked":"SKIP","floor":21},{"not_picked":["Acrobatics+1","Setup","Sucker Punch+1"],"picked":"SKIP","floor":27},{"not_picked":["Backflip","After Image","Catalyst+1"],"picked":"SKIP","floor":30},{"not_picked":["PiercingWail","Bane+1","Poisoned Stab"],"picked":"SKIP","floor":31},{"not_picked":["Unload","Bullet Time"],"picked":"Adrenaline","floor":33},{"not_picked":["Deflect"],"picked":"SKIP","floor":35},{"not_picked":["Dodge and Roll"],"picked":"SKIP","floor":38},{"not_picked":["Underhanded Strike"],"picked":"SKIP","floor":39},{"not_picked":["Backflip"],"picked":"SKIP","floor":41},{"not_picked":[],"picked":"Slice+1","floor":44},{"not_picked":[],"picked":"Infinite Blades","floor":46},{"not_picked":["Prepared+1"],"picked":"SKIP","floor":48}],"player_experience":205346,"relics_obtained":[{"floor":9,"key":"Mummified Hand"},{"floor":17,"key":"Lantern"},{"floor":17,"key":"Sundial"},{"floor":17,"key":"CaptainsWheel"},{"floor":24,"key":"Blood Vial"},{"floor":26,"key":"Regal Pillow"},{"floor":27,"key":"Centennial Puzzle"},{"floor":28,"key":"Red Mask"},{"floor":36,"key":"Pocketwatch"},{"floor":41,"key":"Whetstone"},{"floor":43,"key":"MawBank"},{"floor":48,"key":"Paper Crane"}],"event_choices":[{"damage_healed":0,"gold_gain":175,"player_choice":"AGREE","damage_taken":0,"max_hp_gain":0,"max_hp_loss":0,"event_name":"Liars Game","floor":3,"gold_loss":0,"cards_obtained":["Doubt"]},{"damage_healed":0,"gold_gain":75,"player_choice":"Gather Gold","damage_taken":11,"max_hp_gain":0,"max_hp_loss":0,"event_name":"World of Goop","floor":4,"gold_loss":0},{"damage_healed":0,"gold_gain":0,"player_choice":"Ignored","damage_taken":0,"max_hp_gain":0,"max_hp_loss":0,"event_name":"NoteForYourself","floor":14,"gold_loss":0},{"damage_healed":0,"gold_gain":0,"player_choice":"Fought Bandits","damage_taken":0,"max_hp_gain":0,"max_hp_loss":0,"event_name":"Masked Bandits","floor":28,"gold_loss":0},{"damage_healed":0,"gold_gain":0,"player_choice":"Inject Mutagens","damage_taken":0,"relics_obtained":["MutagenicStrength"],"max_hp_gain":0,"max_hp_loss":0,"event_name":"Drug Dealer","floor":29,"gold_loss":0},{"damage_healed":0,"gold_gain":0,"player_choice":"Fight","damage_taken":0,"max_hp_gain":0,"max_hp_loss":0,"event_name":"Mysterious Sphere","floor":36,"gold_loss":0},{"cards_removed":["Adrenaline"],"damage_healed":2,"gold_gain":0,"player_choice":"Offered Rare","damage_taken":0,"max_hp_gain":10,"max_hp_loss":0,"event_name":"Bonfire Elementals","floor":37,"gold_loss":0}],"is_beta":false,"boss_relics":[{"not_picked":["Black Star","SlaversCollar"],"picked":"Calling Bell"},{"not_picked":["HoveringKite","Astrolabe"],"picked":"Busted Crown"}],"items_purged_floors":[2,5,42,47],"is_endless":false,"potions_floor_spawned":[1,7,10,16,20,28,35,36,39,44],"ascension_level":0}}