{"host":"qw1m3zcvi888b4j7","time":1607815063,"event":{"mods":["AchievementEnabler","BaseMod","Block Reminder","Colored Map","Colored Powertips","Highlight Path","Minty Spire (QoL Compilation)","Quick Restart","Relic Stats"],"gold_per_floor":[115,128,140,140,157,157,187,187,187,204,279,279,279,279,291,399,411,438,450,474,506,533,545,557,557],"floor_reached":24,"playtime":1164,"items_purged":[],"score":198,"play_id":"3d7b712e-51dc-43c3-b36a-05c8b7a42119","local_time":"20201213001743","is_ascension_mode":false,"campfire_choices":[{"data":"Skewer","floor":6,"key":"SMITH"},{"data":"Phantasmal Killer","floor":8,"key":"SMITH"},{"floor":13,"key":"REST"},{"data":"Choke","floor":15,"key":"SMITH"},{"floor":23,"key":"REST"}],"circlet_count":0,"master_deck":["Strike_G","Strike_G","Strike_G","Strike_G","Strike_G","Defend_G","Defend_G","Defend_G","Defend_G","Defend_G","Survivor","Neutralize","Clumsy","Phantasmal Killer+1","Outmaneuver","Dagger Spray","Flying Knee","Backstab","Dark Shackles","Neutralize","Skewer+1","Tactician","Choke+1","Parasite","Envenom","Escape Plan","Poisoned Stab+1","Bane+1","Dash+1"],"relics":["Ring of the Snake","Ornamental Fan","Tough Bandages","MawBank","Black Star","Molten Egg 2"],"acts_visited":["Exordium","TheCity"],"potions_floor_usage":[7,16,24],"damage_taken":[{"damage":5,"enemies":"Jaw Worm","floor":1,"turns":6},{"damage":13,"enemies":"Cultist","floor":2,"turns":5},{"damage":3,"enemies":"Small Slimes","floor":3,"turns":4},{"damage":7,"enemies":"Blue Slaver","floor":5,"turns":4},{"damage":6,"enemies":"Lagavulin","floor":7,"turns":5},{"damage":12,"enemies":"Red Slaver","floor":10,"turns":4},{"damage":32,"enemies":"The Guardian","floor":16,"turns":9},{"damage":27,"enemies":"Spheric Guardian","floor":18,"turns":6},{"damage":12,"enemies":"Shell Parasite","floor":20,"turns":5},{"damage":5,"enemies":"Snake Plant","floor":21,"turns":6},{"damage":9,"enemies":"Centurion and Healer","floor":22,"turns":6},{"damage":41,"enemies":"Sentry and Sphere","floor":24,"turns":7}],"seed_played":"2659806034181611185","potions_obtained":[{"floor":1,"key":"Energy Potion"},{"floor":5,"key":"AttackPotion"},{"floor":22,"key":"LiquidMemories"}],"is_trial":false,"path_per_floor":["M","M","M","?","M","R","E","R","T","M","?","?","R","T","R","B",null,"M","T","M","M","M","R","M"],"character_chosen":"THE_SILENT","items_purchased":[],"campfire_rested":2,"item_purchase_floors":[],"current_hp_per_floor":[65,52,49,49,42,42,36,36,36,24,13,30,51,51,51,19,70,43,43,31,26,17,38,0,0],"gold":557,"neow_bonus":"THREE_RARE_CARDS","is_daily":false,"chose_seed":false,"campfire_upgraded":3,"win_rate":0.0,"timestamp":1607815063,"path_taken":["M","M","M","?","?","R","E","R","T","M","?","?","R","?","R","BOSS","M","?","M","M","M","R","M"],"items_purchased_type":[],"build_version":"2020-11-30","purchased_purges":0,"victory":false,"max_hp_per_floor":[70,70,70,70,70,70,70,70,70,70,70,70,70,70,70,70,70,70,70,70,70,70,70,70,70],"relic_stats":{"Tough Bandages":[21],"counters":[12,67],"Ornamental Fan":[52],"Black Star":0,"MawBank":120,"obtain_stats":[{"Tough Bandages":9,"Ornamental Fan":7,"Molten Egg 2":19,"Black Star":17,"MawBank":14,"Ring of the Snake":0},{"Tough Bandages":5,"Ornamental Fan":5,"Molten Egg 2":8,"Black Star":7,"MawBank":6,"Ring of the Snake":0},{"Tough Bandages":24,"Ornamental Fan":24,"Molten Egg 2":43,"Black Star":37,"MawBank":28,"Ring of the Snake":0}],"Ring of the Snake":[24]},"card_choices":[{"not_picked":["Glass Knife","Burst"],"picked":"Phantasmal Killer","floor":0},{"not_picked":["Backflip","Acrobatics"],"picked":"Outmaneuver","floor":1},{"not_picked":["Flying Knee","Slice"],"picked":"Dagger Spray","floor":2},{"not_picked":["Riddle With Holes","Outmaneuver"],"picked":"Flying Knee","floor":3},{"not_picked":["Expertise","Acrobatics"],"picked":"Skewer","floor":5},{"not_picked":["Predator","Prepared"],"picked":"Tactician","floor":7},{"not_picked":["Dagger Spray","Slice"],"picked":"Choke","floor":10},{"not_picked":["Doppelganger","Burst"],"picked":"Envenom","floor":16},{"not_picked":["PiercingWail+1","Blade Dance"],"picked":"Escape Plan","floor":18},{"not_picked":["Predator+1","PiercingWail"],"picked":"Poisoned Stab+1","floor":20},{"not_picked":["Outmaneuver","Blade Dance"],"picked":"Bane+1","floor":21},{"not_picked":["Backflip+1","Dagger Spray+1"],"picked":"Dash+1","floor":22}],"player_experience":28429,"relics_obtained":[{"floor":7,"key":"Ornamental Fan"},{"floor":9,"key":"Tough Bandages"},{"floor":14,"key":"MawBank"},{"floor":19,"key":"Molten Egg 2"}],"event_choices":[{"damage_healed":0,"gold_gain":0,"player_choice":"3 cards matched","damage_taken":0,"max_hp_gain":0,"max_hp_loss":0,"event_name":"Match and Keep!","floor":4,"gold_loss":0,"cards_obtained":["Backstab","Dark Shackles","Neutralize"]},{"damage_healed":0,"gold_gain":75,"player_choice":"Gather Gold","damage_taken":11,"max_hp_gain":0,"max_hp_loss":0,"event_name":"World of Goop","floor":11,"gold_loss":0},{"damage_healed":17,"gold_gain":0,"player_choice":"Healed and dodged fight","damage_taken":0,"max_hp_gain":0,"max_hp_loss":0,"event_name":"Mushrooms","floor":12,"gold_loss":0,"cards_obtained":["Parasite"]}],"is_beta":false,"boss_relics":[{"not_picked":["Tiny House","Busted Crown"],"picked":"Black Star"}],"items_purged_floors":[],"is_endless":false,"potions_floor_spawned":[1,5,22],"killed_by":"Sentry and Sphere","ascension_level":0}}