{"host":"1lcvmslm5dvu1wk7","time":1607740903,"event":{"mods":["BaseMod","Colored Powertips","Minty Spire (QoL Compilation)","Remilia£®¿Ÿ√◊¿Ú—«£©","Replay The Spire","Shop Mod","StSLib"],"gold_per_floor":[109,121,121,133,58,88,88,119,119,135,135,160,160,110,110,210,210,227,227,56,69,69,103,103,133,133,148,159,185,185,220,220,323,423,442,455,544,544,555,585,600,600,600,629,629,644,671,688,688,688],"floor_reached":51,"playtime":5386,"items_purged":["Defend_RM","Defend_RM","Strike_RM+1"],"score":1605,"play_id":"956906e2-c3a3-4514-8c11-61163a752793","local_time":"20201212104143","is_ascension_mode":true,"campfire_choices":[{"data":"ScarletImprint","floor":7.0,"key":"SMITH"},{"floor":13.0,"key":"DIG"},{"floor":15.0,"key":"DIG"},{"floor":24.0,"key":"DIG"},{"floor":30.0,"key":"DIG"},{"floor":32.0,"key":"DIG"},{"floor":42,"key":"DIG"},{"floor":45,"key":"DIG"},{"floor":49,"key":"DIG"}],"circlet_count":0,"master_deck":["RedMoon","ScarletShoot","TransientEternity+1","UnderTheZenith+1","ScarletImprint+1","ScarletImprint","GlobalNightmare+1","UnderTheZenith","ScarletSymphony","ScarletSymphony","Impatience","Violence","UnderTheZenith","RedMagic+1","ScarletSymphony+1","ScarletImprint+1","BlasphemousPunishment+1","ScarletDream+1","ScarletDream+1","HunterOfTheNight","ScarletImprint"],"relics":["ScarletHat","Juzu Bracelet","Shovel","Blue Candle","Smiling Mask","Nunchaku","Coffee Dripper","Fusion Hammer","MutagenicStrength","MerchantsRug","ReplayTheSpireMod:ShopPack","Centennial Puzzle","Gremlin Food","Toxic Egg 2","Turnip","FossilizedHelix","Gambling Chip","Unceasing Top","Red Mask","Matryoshka","Replay:Wanted Poster","PreservedInsect","Akabeko","Blue Doll","MealTicket","TungstenRod","Ornamental Fan","Shuriken","Bronze Scales","ReplayTheSpireMod:TigerMarble","Divine Protection","Kunai"],"acts_visited":["Exordium","TheCity","TheBeyond"],"potions_floor_usage":[50],"damage_taken":[{"damage":2.0,"enemies":"Small Slimes","floor":1.0,"turns":4.0},{"damage":0.0,"enemies":"Cultist","floor":2.0,"turns":4.0},{"damage":0.0,"enemies":"Jaw Worm","floor":4.0,"turns":4.0},{"damage":30.0,"enemies":"Gremlin Nob","floor":6.0,"turns":5.0},{"damage":0.0,"enemies":"Lagavulin","floor":8.0,"turns":5.0},{"damage":0.0,"enemies":"Looter","floor":10.0,"turns":3.0},{"damage":11.0,"enemies":"Gremlin Nob","floor":12.0,"turns":4.0},{"damage":13.0,"enemies":"The Guardian","floor":16.0,"turns":8.0},{"damage":0.0,"enemies":"Shell Parasite","floor":18.0,"turns":3.0},{"damage":0.0,"enemies":"Spheric Guardian","floor":21.0,"turns":2.0},{"damage":0.0,"enemies":"Gremlin Leader","floor":23.0,"turns":1.0},{"damage":0.0,"enemies":"Slavers","floor":25.0,"turns":1.0},{"damage":0.0,"enemies":"3 Cultists","floor":27.0,"turns":1.0},{"damage":0.0,"enemies":"Snecko","floor":28.0,"turns":1.0},{"damage":0.0,"enemies":"Book of Stabbing","floor":29.0,"turns":1.0},{"damage":0.0,"enemies":"Masked Bandits","floor":31.0,"turns":1.0},{"damage":0.0,"enemies":"Collector","floor":33.0,"turns":1.0},{"damage":0.0,"enemies":"3 Darklings","floor":35.0,"turns":2.0},{"damage":0.0,"enemies":"Orb Walker","floor":36.0,"turns":1.0},{"damage":0,"enemies":"Transient","floor":39,"turns":5},{"damage":24,"enemies":"Reptomancer","floor":40,"turns":3},{"damage":0,"enemies":"4 Shapes","floor":41,"turns":1},{"damage":0,"enemies":"R_Hoarder","floor":44,"turns":4},{"damage":0,"enemies":"Spire Growth","floor":46,"turns":1},{"damage":0,"enemies":"Giant Head","floor":47,"turns":1},{"damage":0,"enemies":"Transient","floor":48,"turns":2},{"damage":0,"enemies":"Awakened One","floor":50,"turns":2}],"seed_played":"-6181959003587382315","potions_obtained":[{"floor":2.0,"key":"FairyPotion"},{"floor":6.0,"key":"Explosive Potion"},{"floor":8.0,"key":"Strength Potion"},{"floor":16.0,"key":"Cursed Concoction"},{"floor":21.0,"key":"EntropicBrew"},{"floor":27.0,"key":"Regen Potion"},{"floor":28.0,"key":"GamblersBrew"},{"floor":37.0,"key":"Adrenaline Potion"},{"floor":46,"key":"LifebloodPotion"}],"is_trial":false,"path_per_floor":["M","M","?","M","$","E","R","E","T","M","?","E","R","$","R","B",null,"M","?","$","M","?","E","R","E","T","M","M","E","R","?","R","B",null,"M","M","?","?","M","E","M","R","T","E","R","M","E","M","R","B",null],"character_chosen":"REMILIA","items_purchased":["MerchantsRug","ScarletSymphony","ReplayTheSpireMod:ShopPack","Centennial Puzzle"],"campfire_rested":0,"item_purchase_floors":[20,20,20,20],"current_hp_per_floor":[66,66,66,68,68,38,38,43,43,43,28,17,17,17,17,42,67,75,75,75,75,61,71,71,80,80,80,80,80,80,80,80,80,80,80,80,60,60,80,58,70,70,70,80,80,80,80,80,80,80],"gold":688,"neow_bonus":"ONE_RANDOM_RARE_CARD","is_daily":false,"chose_seed":false,"campfire_upgraded":1,"win_rate":0.0,"timestamp":1607740903,"path_taken":["M","M","?","M","$","E","R","E","T","M","?","E","R","$","R","BOSS","M","?","$","M","?","E","R","E","T","M","M","E","R","?","R","BOSS","M","M","?","?","M","E","M","R","T","E","R","M","E","M","R","BOSS"],"items_purchased_type":["Relic","Card","Relic","Relic"],"build_version":"2020-11-30","purchased_purges":3,"victory":true,"max_hp_per_floor":[75,75,75,75,75,75,75,75,75,75,75,75,75,75,75,75,75,75,75,75,75,80,80,80,80,80,80,80,80,80,80,80,80,80,80,80,80,80,80,80,80,80,80,80,80,80,80,80,80,80],"card_choices":[{"not_picked":["BlasphemousPunishment","ScarletDevil"],"picked":"UnderTheZenith","floor":1.0},{"not_picked":["BloodyTrap","Stigmanizer"],"picked":"ScarletImprint","floor":2.0},{"not_picked":["CharismaGuard","NightLord","BombardNight"],"picked":"SKIP","floor":4.0},{"not_picked":["ScarletGensokyo","CharismaGuard"],"picked":"ScarletImprint","floor":6.0},{"not_picked":["ForbiddenFruit","ScarletNetherworld"],"picked":"GlobalNightmare","floor":8.0},{"not_picked":["BloodyTrap","StarOfDavid","CharismaGuard"],"picked":"SKIP","floor":10.0},{"not_picked":["ScarletDevil","AfternoonTea"],"picked":"UnderTheZenith","floor":12.0},{"not_picked":["UltimateOffering","FavorOfDestiny","VampireKiss"],"picked":"SKIP","floor":18.0},{"not_picked":["Flash of Steel","Thinking Ahead"],"picked":"Impatience","floor":20.0},{"not_picked":["Discovery","Dramatic Entrance"],"picked":"Violence","floor":20.0},{"not_picked":["BombardNight","FitfulNightmare+1","BlasphemousPunishment"],"picked":"SKIP","floor":21.0},{"not_picked":["VampireFantasy+1","NightDance"],"picked":"UnderTheZenith","floor":23.0},{"not_picked":["VampireKiss","VampireClaw","RedNightlessCastle"],"picked":"SKIP","floor":25.0},{"not_picked":["ScarletDevil","MastersStateliness"],"picked":"RedMagic+1","floor":27.0},{"not_picked":["UltimateOffering","SuperhumanBloodyKnife","NightDance"],"picked":"SKIP","floor":28.0},{"not_picked":["StarOfDavid","UnstableMagic+1"],"picked":"ScarletSymphony+1","floor":29.0},{"not_picked":["ScarletNetherworld+1","DiffusionOfMisfortune","BloodHunter+1"],"picked":"SKIP","floor":35.0},{"not_picked":["DiffusionOfMisfortune+1","RedRainbow+1"],"picked":"ScarletImprint+1","floor":36.0},{"not_picked":["RedRainbow","VampirishNight+1"],"picked":"BlasphemousPunishment+1","floor":37.0},{"not_picked":["BloodyMagicSquare+1","QueenOfMidnight"],"picked":"ScarletDream+1","floor":37.0},{"not_picked":["ScarletSymphony+1","NightDance+1"],"picked":"ScarletDream+1","floor":37.0},{"not_picked":["UnstableMagic+1","EmergencyRegeneration+1","BloodAndWine+1"],"picked":"SKIP","floor":40},{"not_picked":["StarOfDavid","UnstableMagic+1","CharismaGuard+1"],"picked":"SKIP","floor":41},{"not_picked":["KillingBlow","CurseOfVladTepes","ForbiddenFruit+1"],"picked":"SKIP","floor":44},{"not_picked":["UnderTheZenith+1","EmergencyRegeneration+1","ForbiddenFruit+1"],"picked":"SKIP","floor":46},{"not_picked":["RedNightlessCastle+1","BloodyTrap+1"],"picked":"HunterOfTheNight","floor":47},{"not_picked":["CharismaGuard","UnderTheZenith+1"],"picked":"ScarletImprint","floor":48}],"player_experience":167568,"relics_obtained":[{"floor":6.0,"key":"Juzu Bracelet"},{"floor":8.0,"key":"Shovel"},{"floor":9.0,"key":"Blue Candle"},{"floor":12.0,"key":"Smiling Mask"},{"floor":13.0,"key":"Nunchaku"},{"floor":15.0,"key":"War Paint"},{"floor":23.0,"key":"Gremlin Food"},{"floor":24.0,"key":"Toxic Egg 2"},{"floor":25.0,"key":"Turnip"},{"floor":26.0,"key":"FossilizedHelix"},{"floor":29.0,"key":"Gambling Chip"},{"floor":30.0,"key":"Unceasing Top"},{"floor":31.0,"key":"Red Mask"},{"floor":32.0,"key":"Matryoshka"},{"floor":37.0,"key":"PreservedInsect"},{"floor":37.0,"key":"Akabeko"},{"floor":40,"key":"MealTicket"},{"floor":42,"key":"TungstenRod"},{"floor":43,"key":"Ornamental Fan"},{"floor":43,"key":"Shuriken"},{"floor":44,"key":"Bronze Scales"},{"floor":45,"key":"ReplayTheSpireMod:TigerMarble"},{"floor":47,"key":"Divine Protection"},{"floor":49,"key":"Kunai"}],"event_choices":[{"damage_healed":0.0,"max_hp_gain":0.0,"max_hp_loss":0.0,"gold_gain":0.0,"event_name":"Accursed Blacksmith","player_choice":"Forge","floor":3.0,"gold_loss":0.0,"damage_taken":0.0,"cards_upgraded":["TransientEternity"]},{"damage_healed":0.0,"max_hp_gain":0.0,"max_hp_loss":0.0,"gold_gain":0.0,"event_name":"Shining Light","player_choice":"Entered Light","floor":11.0,"gold_loss":0.0,"damage_taken":15.0,"cards_upgraded":["Strike_RM","UnderTheZenith"]},{"damage_healed":0.0,"max_hp_gain":0.0,"max_hp_loss":0.0,"gold_gain":0.0,"event_name":"Drug Dealer","player_choice":"Inject Mutagens","floor":19.0,"gold_loss":0.0,"damage_taken":0.0,"relics_obtained":["MutagenicStrength"]},{"damage_healed":0.0,"max_hp_gain":5.0,"max_hp_loss":0.0,"gold_gain":0.0,"event_name":"Forgotten Altar","player_choice":"Shed Blood","floor":22.0,"gold_loss":0.0,"damage_taken":19.0},{"damage_healed":0.0,"max_hp_gain":0.0,"max_hp_loss":0.0,"gold_gain":0.0,"event_name":"Masked Bandits","player_choice":"Fought Bandits","floor":31.0,"gold_loss":0.0,"damage_taken":0.0},{"damage_healed":0.0,"max_hp_gain":0.0,"max_hp_loss":0.0,"gold_gain":0.0,"event_name":"WeMeetAgain","player_choice":"Gave Potion","floor":38.0,"gold_loss":0.0,"damage_taken":0.0,"relics_obtained":["Blue Doll"]}],"is_beta":false,"boss_relics":[{"not_picked":["ChewingGum","Honey Jar"],"picked":"Replay:Grab Bag"},{"not_picked":["Philosopher\u0027s Stone","Cursed Key"],"picked":"Coffee Dripper"},{"not_picked":["Runic Dome","Velvet Choker"],"picked":"Fusion Hammer"},{"not_picked":["Snecko Eye","Tiny House"],"picked":"Kintsugi"},{"not_picked":["Black Star","Runic Pyramid"],"picked":"Empty Cage"},{"not_picked":["APieceOfRedMist","Pandora\u0027s Box"],"picked":"Replay:Wanted Poster"}],"items_purged_floors":[5,14,20],"is_endless":false,"potions_floor_spawned":[2,6,8,16,18,21,27,28,31,36,46,48],"ascension_level":9}}