{"host":"9tzam4717zt8ei1o","time":1607743724,"event":{"mods":["BaseMod","Colored Map","Keyboard Shortcuts","Minty Spire (QoL Compilation)","Quick Restart","StSLib","SuperFastMode"],"gold_per_floor":[115,67,67,78,96,127,141,172,224,224,234,268,287,299,299,395,395,407,427,443,443,149,149,165,65,88,119,134,145,145,179,179,281,281,294,294,308,308,325,351,43,76,124,124,174,189,189,201,201,201],"floor_reached":51,"playtime":1579,"items_purged":["Strike_G","Strike_G","Terror"],"score":871,"play_id":"ec6d7389-1f44-472d-be4a-a994b7600143","local_time":"20201212122844","is_ascension_mode":false,"campfire_choices":[{"data":"Bouncing Flask","floor":15.0,"key":"SMITH"},{"data":"Footwork","floor":23,"key":"SMITH"},{"floor":30,"key":"REST"},{"data":"Footwork","floor":32,"key":"SMITH"},{"data":"Apotheosis","floor":44,"key":"SMITH"},{"data":"A Thousand Cuts","floor":47,"key":"SMITH"},{"data":"Catalyst","floor":49,"key":"SMITH"}],"circlet_count":0,"master_deck":["Defend_G","Defend_G","Defend_G","Defend_G","Defend_G","Survivor","Neutralize","Dagger Spray","Poisoned Stab","Dagger Throw","Burst","Masterful Stab","Dagger Spray","Bouncing Flask+1","Backflip","A Thousand Cuts+1","Footwork+1","Acrobatics","Blur","Footwork+1","Deflect","Calculated Gamble","Catalyst+1","Noxious Fumes+1","Blur","Adrenaline","Deflect+1","Footwork+1","Apotheosis+1","Well Laid Plans+1"],"relics":["Ring of the Snake","NeowsBlessing","Calipers","InkBottle","Lantern","Boot","Empty Cage","Bag of Preparation","Oddly Smooth Stone","Frozen Egg 2","Meat on the Bone","Coffee Dripper","Pen Nib","Membership Card","Smiling Mask","Regal Pillow","Lizard Tail"],"acts_visited":["Exordium","TheCity","TheBeyond"],"potions_floor_usage":[16,16,27,50,50,50],"damage_taken":[{"damage":0.0,"enemies":"Jaw Worm","floor":1.0,"turns":1.0},{"damage":0.0,"enemies":"Cultist","floor":4.0,"turns":1.0},{"damage":0.0,"enemies":"2 Louse","floor":5.0,"turns":1.0},{"damage":15.0,"enemies":"Gremlin Nob","floor":6.0,"turns":4.0},{"damage":3.0,"enemies":"Red Slaver","floor":7.0,"turns":4.0},{"damage":15.0,"enemies":"3 Sentries","floor":8.0,"turns":9.0},{"damage":11.0,"enemies":"Large Slime","floor":11.0,"turns":5.0},{"damage":26.0,"enemies":"Lagavulin","floor":12.0,"turns":7.0},{"damage":0.0,"enemies":"Looter","floor":13.0,"turns":4.0},{"damage":2.0,"enemies":"Blue Slaver","floor":14.0,"turns":3.0},{"damage":13,"enemies":"The Guardian","floor":16,"turns":9},{"damage":10,"enemies":"Spheric Guardian","floor":18,"turns":4},{"damage":10,"enemies":"Chosen","floor":19,"turns":4},{"damage":12,"enemies":"Snake Plant","floor":20,"turns":4},{"damage":0,"enemies":"Centurion and Healer","floor":24,"turns":10},{"damage":34,"enemies":"Slavers","floor":27,"turns":6},{"damage":0,"enemies":"Cultist and Chosen","floor":28,"turns":5},{"damage":0,"enemies":"Snake Plant","floor":29,"turns":5},{"damage":16,"enemies":"Gremlin Leader","floor":31,"turns":9},{"damage":0,"enemies":"Automaton","floor":33,"turns":11},{"damage":5,"enemies":"3 Darklings","floor":35,"turns":4},{"damage":0,"enemies":"3 Shapes","floor":37,"turns":3},{"damage":20,"enemies":"Transient","floor":39,"turns":5},{"damage":0,"enemies":"Giant Head","floor":40,"turns":8},{"damage":18,"enemies":"Reptomancer","floor":42,"turns":5},{"damage":0,"enemies":"Mind Bloom Boss Battle","floor":45,"turns":6},{"damage":0,"enemies":"3 Darklings","floor":46,"turns":6},{"damage":0,"enemies":"4 Shapes","floor":48,"turns":5},{"damage":14,"enemies":"Time Eater","floor":50,"turns":7}],"seed_played":"7349999536717499728","potions_obtained":[{"floor":1.0,"key":"SpeedPotion"},{"floor":4.0,"key":"Explosive Potion"},{"floor":7.0,"key":"Dexterity Potion"},{"floor":8.0,"key":"Regen Potion"},{"floor":12.0,"key":"SteroidPotion"},{"floor":24,"key":"BlessingOfTheForge"},{"floor":27,"key":"BlessingOfTheForge"},{"floor":29,"key":"SpeedPotion"},{"floor":31,"key":"Swift Potion"},{"floor":45,"key":"Swift Potion"}],"is_trial":false,"path_per_floor":["M","$","?","M","M","E","M","E","T","?","M","E","M","M","R","B",null,"M","M","M","?","$","R","M","$","T","E","M","M","R","E","R","B",null,"M","?","M","?","M","E","$","E","T","R","?","M","R","M","R","B",null],"character_chosen":"THE_SILENT","items_purchased":["Poisoned Stab","Bag of Preparation","Footwork","Membership Card","Apotheosis"],"campfire_rested":1,"item_purchase_floors":[2,22,22,41,41],"current_hp_per_floor":[70,70,75,75,75,60,57,42,42,42,31,5,17,15,15,2,75,65,55,43,43,43,43,43,43,43,9,9,9,31,15,15,27,75,70,70,70,70,50,50,50,44,44,44,44,44,44,44,44,42],"gold":201,"neow_bonus":"THREE_ENEMY_KILL","is_daily":false,"chose_seed":false,"campfire_upgraded":6,"win_rate":0.0,"timestamp":1607743724,"path_taken":["M","$","?","M","M","E","M","E","T","?","?","E","M","M","R","BOSS","M","M","M","?","$","R","?","?","T","E","M","M","R","E","R","BOSS","M","?","?","?","M","E","$","E","T","R","?","M","R","M","R","BOSS"],"items_purchased_type":["Card","Relic","Card","Relic","Card"],"build_version":"2020-11-30","purchased_purges":3,"victory":true,"max_hp_per_floor":[70,70,75,75,75,75,75,75,75,75,75,75,75,75,75,75,75,75,75,75,75,75,75,75,75,75,75,75,75,75,75,75,75,75,75,75,75,75,75,75,75,75,75,75,75,75,75,75,75,75],"card_choices":[{"not_picked":["Poisoned Stab","Outmaneuver"],"picked":"Dagger Spray","floor":1.0},{"not_picked":["Concentrate","PiercingWail"],"picked":"Dagger Throw","floor":4.0},{"not_picked":["Catalyst","All Out Attack","Flying Knee"],"picked":"SKIP","floor":5.0},{"not_picked":["Poisoned Stab","Dagger Spray"],"picked":"Burst","floor":6.0},{"not_picked":["Infinite Blades","Backflip"],"picked":"Masterful Stab","floor":7.0},{"not_picked":["Riddle With Holes","Outmaneuver","Expertise"],"picked":"SKIP","floor":8.0},{"not_picked":["All Out Attack","Dagger Spray"],"picked":"Terror","floor":11.0},{"not_picked":["Glass Knife","Well Laid Plans"],"picked":"Bouncing Flask","floor":12.0},{"not_picked":["Flechettes","Slice"],"picked":"Backflip","floor":13.0},{"not_picked":["Dagger Spray","Distraction","Slice"],"picked":"SKIP","floor":14.0},{"not_picked":["Venomology","Envenom"],"picked":"A Thousand Cuts","floor":16},{"not_picked":["Prepared","Underhanded Strike"],"picked":"Footwork","floor":18},{"not_picked":["Outmaneuver+1","Flying Knee"],"picked":"Acrobatics","floor":19},{"not_picked":["Slice","Dodge and Roll"],"picked":"Blur","floor":20},{"not_picked":["Underhanded Strike","PiercingWail"],"picked":"Deflect","floor":24},{"not_picked":["Setup","Flying Knee"],"picked":"Calculated Gamble","floor":27},{"not_picked":["Dodge and Roll","Infinite Blades+1"],"picked":"Catalyst","floor":28},{"not_picked":["Dagger Throw+1","Deadly Poison"],"picked":"Noxious Fumes+1","floor":29},{"not_picked":["Cloak And Dagger","Dodge and Roll"],"picked":"Blur","floor":31},{"not_picked":["Unload","Bullet Time"],"picked":"Adrenaline","floor":33},{"not_picked":["Backflip","Cloak And Dagger"],"picked":"Deflect+1","floor":35},{"not_picked":["Leg Sweep","PiercingWail+1"],"picked":"Footwork+1","floor":37},{"not_picked":["Riddle With Holes+1","Acrobatics","Leg Sweep"],"picked":"SKIP","floor":39},{"not_picked":["Endless Agony+1","Riddle With Holes","Backstab"],"picked":"SKIP","floor":40},{"not_picked":["Deflect+1","Footwork+1","Heel Hook+1"],"picked":"SKIP","floor":42},{"not_picked":["Blade Dance+1","Predator","Eviscerate+1"],"picked":"SKIP","floor":46},{"not_picked":["Outmaneuver+1","Heel Hook"],"picked":"Well Laid Plans+1","floor":48}],"player_experience":54610,"relics_obtained":[{"floor":6.0,"key":"Calipers"},{"floor":8.0,"key":"InkBottle"},{"floor":9.0,"key":"Lantern"},{"floor":12.0,"key":"Boot"},{"floor":26,"key":"Oddly Smooth Stone"},{"floor":27,"key":"Frozen Egg 2"},{"floor":31,"key":"Meat on the Bone"},{"floor":40,"key":"Pen Nib"},{"floor":42,"key":"Smiling Mask"},{"floor":43,"key":"Regal Pillow"},{"floor":45,"key":"Lizard Tail"}],"event_choices":[{"damage_healed":0.0,"max_hp_gain":5.0,"max_hp_loss":0.0,"gold_gain":0.0,"event_name":"Big Fish","player_choice":"Donut","floor":3.0,"gold_loss":0.0,"damage_taken":0.0},{"damage_healed":0.0,"max_hp_gain":0.0,"max_hp_loss":0.0,"gold_gain":0.0,"cards_transformed":["Strike_G"],"event_name":"Transmorgrifier","player_choice":"Transformed","floor":10.0,"gold_loss":0.0,"damage_taken":0.0,"cards_obtained":["Dagger Spray"]},{"damage_healed":0,"gold_gain":0,"player_choice":"Ignored","damage_taken":0,"max_hp_gain":0,"max_hp_loss":0,"event_name":"NoteForYourself","floor":21,"gold_loss":0},{"damage_healed":0,"gold_gain":0,"player_choice":"Bought 0 Potions","damage_taken":0,"max_hp_gain":0,"max_hp_loss":0,"event_name":"The Woman in Blue","floor":36,"gold_loss":0},{"damage_healed":0,"gold_gain":0,"player_choice":"Ignored","damage_taken":0,"max_hp_gain":0,"max_hp_loss":0,"event_name":"Tomb of Lord Red Mask","floor":38,"gold_loss":0},{"damage_healed":0,"gold_gain":0,"player_choice":"Fight","damage_taken":0,"max_hp_gain":0,"max_hp_loss":0,"event_name":"MindBloom","floor":45,"gold_loss":0}],"is_beta":false,"boss_relics":[{"not_picked":["WristBlade","Calling Bell"],"picked":"Empty Cage"},{"not_picked":["Fusion Hammer","Black Star"],"picked":"Coffee Dripper"}],"items_purged_floors":[22,25,41],"is_endless":false,"potions_floor_spawned":[1,4,7,8,12,24,27,29,31,33,35,37,42,45],"ascension_level":0}}