{"host":"jtxptf9isiqyc7jm","time":1607791896,"event":{"mods":["Act Like it!","BaseMod","Bestiary","BetterRewards","Colored Powertips","Custom Start","Downfall","Friendly Minions","Hermit","Hubris","Infinite Spire","Jorbs\u0027s Wanderer Trilogy","Kiyohime????","Koishi","Lobotomy","Marisa????????","Minty Spire (QoL Compilation)","Prisma Mod","Remilia??????","Replay The Spire","Shop Mod","StSLib","The Construct","The Cursed","The Disciple","The Hierophant","The Jungle","The Runesmith","The Senshi","The Servant 0.9.4"],"gold_per_floor":[116,120,457,482,6,76,76,76,130,202,244,244,244,318,318,489,489,571,670,630,749,733,733],"floor_reached":22,"playtime":1183,"items_purged":[],"score":186,"play_id":"0927eeb8-5275-410e-8895-73a38e709738","local_time":"20201212165136","is_ascension_mode":false,"campfire_choices":[{"floor":8,"key":"REST"},{"floor":12,"key":"REST"},{"floor":15,"key":"REST"}],"circlet_count":0,"master_deck":["hierophant:Strike_Hierophant+1","hierophant:Strike_Hierophant","hierophant:Strike_Hierophant","hierophant:Strike_Hierophant","hierophant:Punish","hierophant:Defend_Hierophant","hierophant:Defend_Hierophant","hierophant:Defend_Hierophant","hierophant:Defend_Hierophant","hierophant:ChurchCoffers","hierophant:Martyrdom","hierophant:Encroach","hierophant:RustyCrate","hierophant:Doubloon+1","hierophant:Doubloon","hierophant:HammerAndAnvil","hierophant:RustyCrate","hierophant:Doubloon","hierophant:Doubloon","Apotheosis","hierophant:Martyrdom","hierophant:RepressedViolence+1","hierophant:Doubloon","hierophant:ConvertCurrency","hierophant:Doubloon+1","hierophant:CursedGold","Spreading Infection","hierophant:SealAway","hierophant:MintersHammer","hierophant:RustyCrate","hierophant:Doubloon","hierophant:Doubloon","hierophant:FieryStrike+1"],"relics":["hierophant:PropheticMaskRelic","Old Coin","Replay:Rubber Ducky","Happy Flower","Orichalcum","Ring of Fury","ReplayTheSpireMod:Ring of Exchange","Replay:Fungal Core"],"acts_visited":["Exordium","TheCity"],"potions_floor_usage":[6,6,11,14,16],"damage_taken":[{"damage":2,"enemies":"2 Louse","floor":1,"turns":2},{"damage":6,"enemies":"Jaw Worm","floor":2,"turns":4},{"damage":8,"enemies":"Cultist","floor":4,"turns":5},{"damage":26,"enemies":"Gremlin Nob","floor":6,"turns":4},{"damage":4,"enemies":"Blue Slaver","floor":10,"turns":5},{"damage":11,"enemies":"Lots of Slimes","floor":11,"turns":5},{"damage":6,"enemies":"3 Louse","floor":14,"turns":4},{"damage":32,"enemies":"Slime Boss","floor":16,"turns":11},{"damage":11,"enemies":"2 Thieves","floor":18,"turns":2},{"damage":35,"enemies":"Shell Parasite","floor":21,"turns":6},{"damage":32,"enemies":"Snake Plant","floor":22,"turns":2}],"seed_played":"-1841404635628693479","potions_obtained":[{"floor":1,"key":"Milkshake"},{"floor":4,"key":"LiquidBronze"},{"floor":7,"key":"SkillPotion"},{"floor":7,"key":"SpeedPotion"},{"floor":7,"key":"Elixir"},{"floor":11,"key":"sneckomod:MuddlingPotion"},{"floor":14,"key":"Dexterity Potion"},{"floor":18,"key":"BlessingOfTheForge"},{"floor":21,"key":"Ancient Potion"}],"is_trial":false,"path_per_floor":["M","M","?","M","$","E","?","R","T","M","M","R","?","M","R","B",null,"M","?","?","M","M"],"character_chosen":"HIEROPHANT","items_purchased":["Apotheosis","Replay:Rubber Ducky","hierophant:Martyrdom","hierophant:RepressedViolence"],"campfire_rested":3,"item_purchase_floors":[5,5,5,5],"current_hp_per_floor":[73,67,49,41,41,15,15,37,37,33,22,44,44,38,60,28,75,64,64,64,29,0,0],"gold":733,"neow_bonus":"THREE_CARDS","is_daily":false,"chose_seed":false,"campfire_upgraded":0,"win_rate":0.0,"timestamp":1607791896,"path_taken":["M","M","?","?","$","E","?","R","T","?","M","R","?","M","R","BOSS","M","?","?","M","M"],"items_purchased_type":["Card","Relic","Card","Card"],"build_version":"2020-11-30","purchased_purges":0,"victory":false,"max_hp_per_floor":[75,75,75,75,75,75,75,75,75,75,75,75,75,75,75,75,75,75,75,75,75,75,75],"card_choices":[{"not_picked":["hierophant:DisplayOfPower","hierophant:Prophecy"],"picked":"hierophant:Martyrdom","floor":0},{"not_picked":["hierophant:Purify","hierophant:Doubloon"],"picked":"hierophant:Encroach","floor":1},{"not_picked":["hierophant:OrnateBuckler","hierophant:Exaltation"],"picked":"hierophant:RustyCrate","floor":2},{"not_picked":["hierophant:SealAway","hierophant:Purify"],"picked":"hierophant:HammerAndAnvil","floor":3},{"not_picked":["hierophant:FieryStrike","hierophant:Dazzle"],"picked":"hierophant:RustyCrate","floor":4},{"not_picked":["hierophant:Shelter","hierophant:Purify"],"picked":"hierophant:ConvertCurrency","floor":6},{"not_picked":["hierophant:Sermon","hierophant:Remorse","hierophant:Encroach"],"picked":"SKIP","floor":10},{"not_picked":["hierophant:Zeal","hierophant:OrnateJavelin"],"picked":"hierophant:CursedGold","floor":11},{"not_picked":["hierophant:PassingBell","hierophant:Prophecy"],"picked":"hierophant:SealAway","floor":14},{"not_picked":["hierophant:Batter","hierophant:DivineIntervention"],"picked":"hierophant:MintersHammer","floor":16},{"not_picked":["hierophant:Endure","hierophant:PassingBell"],"picked":"hierophant:RustyCrate","floor":18},{"not_picked":["hierophant:PassingBell+1","hierophant:Shelter+1"],"picked":"hierophant:FieryStrike+1","floor":21}],"player_experience":75909,"relics_obtained":[{"floor":3,"key":"Old Coin"},{"floor":6,"key":"Happy Flower"},{"floor":9,"key":"Orichalcum"},{"floor":13,"key":"Ring of Fury"},{"floor":13,"key":"ReplayTheSpireMod:Ring of Exchange"}],"event_choices":[{"damage_healed":0,"gold_gain":0,"player_choice":"Got Potions","damage_taken":0,"max_hp_gain":0,"max_hp_loss":0,"event_name":"Lab","floor":7,"gold_loss":0},{"damage_healed":0,"gold_gain":99,"player_choice":"Stole From Cult","damage_taken":0,"max_hp_gain":0,"max_hp_loss":0,"event_name":"Nest","floor":19,"gold_loss":0},{"damage_healed":0,"gold_gain":0,"player_choice":"Upgraded Two","damage_taken":0,"max_hp_gain":0,"max_hp_loss":0,"event_name":"Designer","floor":20,"gold_loss":40,"cards_upgraded":["hierophant:RepressedViolence","hierophant:Strike_Hierophant"]}],"is_beta":false,"boss_relics":[{"not_picked":["Painkiller Herb","infinitespire:Chaos"],"picked":"Replay:Fungal Core"}],"items_purged_floors":[],"is_endless":false,"potions_floor_spawned":[1,4,11,14,18,21],"killed_by":"Snake Plant","ascension_level":0}}