{"host":"hfxp6ue4pvwo3fit","time":1607731723,"event":{"mods":["AchievementEnabler","BaseMod","Colored Map","Colored Powertips","Highlight Path","Minty Spire (QoL Compilation)","StSLib","SuperFastMode"],"gold_per_floor":[364,381,53,53,53,86,86,117,144,170,188,215,215,47,47,126,126,138,138,158,73,73,107,107,107],"floor_reached":24,"playtime":876,"items_purged":["Clumsy"],"score":480,"play_id":"b7eeae1d-3798-42ee-b460-c2dca2dc30d3","local_time":"20201211180843","is_ascension_mode":true,"campfire_choices":[{"floor":7,"key":"REST"},{"data":"Deadly Poison","floor":13,"key":"SMITH"},{"data":"Corpse Explosion","floor":15,"key":"SMITH"}],"circlet_count":0,"master_deck":["AscendersBane","Strike_G","Strike_G","Strike_G","Strike_G+1","Strike_G","Defend_G","Defend_G","Defend_G","Defend_G","Defend_G","Survivor","Neutralize","All Out Attack","Quick Slash","Backstab","Deadly Poison+1","Calculated Gamble","Adrenaline","Backflip","Corpse Explosion+1","Bullet Time","Backflip+1","RitualDagger+1"],"relics":["Ring of the Snake","Bag of Preparation","Juzu Bracelet","Eternal Feather","Tiny Chest","MealTicket","StrikeDummy","PreservedInsect","Snecko Eye","White Beast Statue","Whetstone"],"acts_visited":["Exordium","TheCity"],"potions_floor_usage":[6,10,10,16,23,24],"damage_taken":[{"damage":10,"enemies":"Jaw Worm","floor":1,"turns":10},{"damage":4,"enemies":"Small Slimes","floor":2,"turns":4},{"damage":6,"enemies":"Gremlin Nob","floor":6,"turns":3},{"damage":12,"enemies":"3 Sentries","floor":8,"turns":7},{"damage":8,"enemies":"Gremlin Nob","floor":10,"turns":3},{"damage":0,"enemies":"Cultist","floor":11,"turns":2},{"damage":7,"enemies":"3 Sentries","floor":12,"turns":5},{"damage":43,"enemies":"Slime Boss","floor":16,"turns":11},{"damage":0,"enemies":"Chosen","floor":18,"turns":3},{"damage":23,"enemies":"3 Byrds","floor":20,"turns":5},{"damage":25,"enemies":"Book of Stabbing","floor":23,"turns":4},{"damage":31,"enemies":"Cultist and Chosen","floor":24,"turns":3}],"seed_played":"-8160273709595647168","potions_obtained":[{"floor":5,"key":"SneckoOil"},{"floor":5,"key":"SteroidPotion"},{"floor":8,"key":"Explosive Potion"},{"floor":11,"key":"DuplicationPotion"},{"floor":12,"key":"LiquidMemories"},{"floor":20,"key":"Block Potion"},{"floor":23,"key":"ColorlessPotion"}],"is_trial":false,"path_per_floor":["M","M","$","?","?","E","R","E","T","E","M","E","R","$","R","B",null,"M","?","M","?","?","E","M"],"character_chosen":"THE_SILENT","items_purchased":["Backstab","Deadly Poison","Bag of Preparation","PreservedInsect"],"campfire_rested":1,"item_purchase_floors":[3,3,3,14],"current_hp_per_floor":[49,45,45,50,50,44,65,53,53,45,45,38,50,65,71,28,60,60,54,31,31,36,11,0,0],"gold":107,"neow_bonus":"TWO_FIFTY_GOLD","is_daily":false,"chose_seed":false,"campfire_upgraded":2,"win_rate":0.0,"timestamp":1607731723,"path_taken":["M","M","$","?","?","E","R","E","T","E","M","E","R","$","R","BOSS","M","?","M","?","?","E","M"],"items_purchased_type":["Card","Card","Relic","Relic"],"build_version":"2020-11-30","purchased_purges":1,"victory":false,"max_hp_per_floor":[66,66,66,71,71,71,71,71,71,71,71,71,71,71,71,71,71,71,71,71,71,71,71,71,71],"card_choices":[{"not_picked":["Outmaneuver","Cloak And Dagger"],"picked":"All Out Attack","floor":1},{"not_picked":["Riddle With Holes","Infinite Blades"],"picked":"Quick Slash","floor":2},{"not_picked":["Sucker Punch","Flechettes"],"picked":"Dagger Throw","floor":6},{"not_picked":["Tactician","Quick Slash"],"picked":"Calculated Gamble","floor":8},{"not_picked":["Bane","Sucker Punch"],"picked":"Adrenaline","floor":10},{"not_picked":["Terror","Well Laid Plans"],"picked":"Backflip","floor":11},{"not_picked":["Dagger Throw","Acrobatics"],"picked":"Corpse Explosion","floor":12},{"not_picked":["A Thousand Cuts","Tools of the Trade"],"picked":"Bullet Time","floor":16},{"not_picked":["Flechettes","Outmaneuver"],"picked":"Backflip+1","floor":18},{"not_picked":["Masterful Stab","Blade Dance","Flying Knee+1"],"picked":"SKIP","floor":20},{"not_picked":["Cloak And Dagger","Sucker Punch","Concentrate"],"picked":"SKIP","floor":23}],"player_experience":364686,"relics_obtained":[{"floor":6,"key":"Juzu Bracelet"},{"floor":8,"key":"Eternal Feather"},{"floor":9,"key":"Tiny Chest"},{"floor":10,"key":"MealTicket"},{"floor":12,"key":"StrikeDummy"},{"floor":23,"key":"Whetstone"}],"event_choices":[{"damage_healed":0,"gold_gain":0,"player_choice":"Donut","damage_taken":0,"max_hp_gain":5,"max_hp_loss":0,"event_name":"Big Fish","floor":4,"gold_loss":0},{"damage_healed":0,"gold_gain":0,"player_choice":"Got Potions","damage_taken":0,"max_hp_gain":0,"max_hp_loss":0,"event_name":"Lab","floor":5,"gold_loss":0},{"damage_healed":0,"gold_gain":0,"player_choice":"Joined the Cult","damage_taken":6,"max_hp_gain":0,"max_hp_loss":0,"event_name":"Nest","floor":19,"gold_loss":0,"cards_obtained":["RitualDagger"]},{"damage_healed":0,"gold_gain":0,"player_choice":"Obtained Relic","damage_taken":0,"relics_obtained":["White Beast Statue"],"max_hp_gain":0,"max_hp_loss":0,"event_name":"Addict","floor":21,"gold_loss":85},{"cards_removed":["Dagger Throw"],"damage_healed":5,"gold_gain":0,"player_choice":"Offered Common","damage_taken":0,"max_hp_gain":0,"max_hp_loss":0,"event_name":"Bonfire Elementals","floor":22,"gold_loss":0},{"cards_removed":["Dagger Throw"],"damage_healed":5,"gold_gain":0,"player_choice":"Offered Special","damage_taken":0,"max_hp_gain":0,"max_hp_loss":0,"event_name":"Bonfire Elementals","floor":22,"gold_loss":0}],"is_beta":false,"boss_relics":[{"not_picked":["Astrolabe","Ectoplasm"],"picked":"Snecko Eye"}],"items_purged_floors":[3],"is_endless":false,"potions_floor_spawned":[8,11,12,20,23],"killed_by":"Cultist and Chosen","ascension_level":20}}