{"host":"ya062ahhhuj9au1o","time":1607808766,"event":{"mods":["BaseMod","Better Third Choice","Filter the Spire","Hermit","Minty Spire (QoL Compilation)","Random Character Button","Robot Space Explorer","Somnambulant","StSLib","The Bug Knight","The Cursed","The Servant 0.9.4"],"gold_per_floor":[115,115,115,65,78,78,28,28,53,53,89,89,130,154,154,280,280,295,295,295,295,320,320,358,358,383,383,427,451,376,390,390,520,520,539,599,176,192,217,217,232,232,284,101,115,115,140,184,184,184],"floor_reached":51,"playtime":2889,"items_purged":["RobotSpaceExplorer:Strike","RobotSpaceExplorer:Strike"],"score":992,"play_id":"a8c41923-4c6c-4b32-9ffc-7c540200028d","local_time":"20201212163246","is_ascension_mode":true,"campfire_choices":[{"data":"RobotSpaceExplorer:MiniLasers","floor":6.0,"key":"SMITH"},{"data":"RobotSpaceExplorer:Scan","floor":10.0,"key":"SMITH"},{"data":"RobotSpaceExplorer:MiniDrones","floor":12.0,"key":"SMITH"},{"data":"RobotSpaceExplorer:MiniBoosters","floor":15.0,"key":"SMITH"},{"data":"RobotSpaceExplorer:Accelerator","floor":23.0,"key":"SMITH"},{"floor":25.0,"key":"REST"},{"data":"RobotSpaceExplorer:Blaster","floor":27.0,"key":"SMITH"},{"data":"RobotSpaceExplorer:PowerCollector","floor":32.0,"key":"SMITH"},{"data":"RobotSpaceExplorer:PowerCollector","floor":40.0,"key":"SMITH"},{"data":"RobotSpaceExplorer:Probe","floor":46.0,"key":"SMITH"},{"floor":49.0,"key":"REST"}],"circlet_count":0,"master_deck":["RobotSpaceExplorer:Strike","RobotSpaceExplorer:Strike","RobotSpaceExplorer:Scan+1","RobotSpaceExplorer:MiniLasers+1","RobotSpaceExplorer:StunGrenade","RobotSpaceExplorer:JunkDive","RobotSpaceExplorer:MiniDrones+1","RobotSpaceExplorer:ScrapToss","RobotSpaceExplorer:JunkDive","RobotSpaceExplorer:MiniBoosters+1","RobotSpaceExplorer:Accelerator+1","RobotSpaceExplorer:ExhaustFan+1","RobotSpaceExplorer:Probe+1","RobotSpaceExplorer:FranticSearch","RobotSpaceExplorer:Blaster+1","RobotSpaceExplorer:PowerCollector+1","RobotSpaceExplorer:MiniDrones+1","RobotSpaceExplorer:PowerCollector+1","RobotSpaceExplorer:ScrapToss","Flash of Steel"],"relics":["Philosopher\u0027s Stone","Golden Idol","Strawberry","Bottled Flame","Blue Candle","RobotSpaceExplorer:Reprocessor","Nilry\u0027s Codex","Ice Cream","Akabeko","Happy Flower","SlaversCollar","Mango","Ornamental Fan","Pen Nib","Gambling Chip","Potion Belt","Boot"],"acts_visited":["Exordium","TheCity","TheBeyond"],"potions_floor_usage":[],"damage_taken":[{"damage":0.0,"enemies":"2 Louse","floor":1.0,"turns":3.0},{"damage":0.0,"enemies":"Small Slimes","floor":5.0,"turns":4.0},{"damage":24.0,"enemies":"Lagavulin","floor":11.0,"turns":6.0},{"damage":19.0,"enemies":"Gremlin Nob","floor":13.0,"turns":4.0},{"damage":0.0,"enemies":"Jaw Worm","floor":14.0,"turns":2.0},{"damage":5.0,"enemies":"Slime Boss","floor":16.0,"turns":5.0},{"damage":12.0,"enemies":"Spheric Guardian","floor":18.0,"turns":4.0},{"damage":0.0,"enemies":"3 Byrds","floor":22.0,"turns":4.0},{"damage":23.0,"enemies":"Slavers","floor":24.0,"turns":6.0},{"damage":0.0,"enemies":"Book of Stabbing","floor":28.0,"turns":4.0},{"damage":0.0,"enemies":"Cultist and Chosen","floor":29.0,"turns":4.0},{"damage":1.0,"enemies":"Snake Plant","floor":31.0,"turns":4.0},{"damage":0.0,"enemies":"Automaton","floor":33.0,"turns":6.0},{"damage":0.0,"enemies":"Orb Walker","floor":35.0,"turns":3.0},{"damage":20.0,"enemies":"2 Orb Walkers","floor":36.0,"turns":3.0},{"damage":27.0,"enemies":"3 Shapes","floor":38.0,"turns":3.0},{"damage":5.0,"enemies":"Spire Growth","floor":41.0,"turns":2.0},{"damage":0.0,"enemies":"Writhing Mass","floor":45.0,"turns":3.0},{"damage":0.0,"enemies":"Transient","floor":47.0,"turns":5.0},{"damage":9.0,"enemies":"Nemesis","floor":48.0,"turns":3.0},{"damage":0,"enemies":"Time Eater","floor":50,"turns":3}],"seed_played":"3319267030334577937","potions_obtained":[{"floor":11.0,"key":"Strength Potion"},{"floor":13.0,"key":"Energy Potion"},{"floor":22.0,"key":"FairyPotion"},{"floor":28.0,"key":"LiquidBronze"},{"floor":31.0,"key":"Energy Potion"},{"floor":33.0,"key":"Swift Potion"},{"floor":36.0,"key":"Dexterity Potion"},{"floor":45.0,"key":"Regen Potion"},{"floor":48.0,"key":"AttackPotion"}],"is_trial":false,"path_per_floor":["M","?","?","?","M","R","$","?","T","R","E","R","E","M","R","B",null,"M","?","?","?","M","R","E","R","T","R","E","M","?","M","R","B",null,"M","?","$","M","T","R","M","T","T","$","M","R","M","E","R","B",null],"character_chosen":"RobotSpaceExplorer","items_purchased":["RobotSpaceExplorer:MiniDrones","Ornamental Fan","RobotSpaceExplorer:PowerCollector","RobotSpaceExplorer:ScrapToss","Flash of Steel"],"campfire_rested":2,"item_purchase_floors":[7,37,37,37,44],"current_hp_per_floor":[75,80,73,73,73,73,73,73,80,80,56,56,37,37,37,32,81,69,53,53,53,53,53,30,54,54,54,54,54,54,53,53,53,81,81,75,75,48,48,48,43,43,43,43,43,43,43,34,62,62],"gold":184,"neow_bonus":"BOSS_RELIC","is_daily":false,"chose_seed":false,"campfire_upgraded":9,"win_rate":0.0,"timestamp":1607808766,"path_taken":["M","?","?","?","M","R","$","?","T","R","E","R","E","M","R","BOSS","M","?","?","?","?","R","E","R","T","R","E","M","?","M","R","BOSS","M","?","$","M","?","R","M","?","T","$","M","R","M","E","R","BOSS"],"items_purchased_type":["Card","Relic","Card","Card","Card"],"build_version":"2020-11-30","purchased_purges":2,"victory":true,"max_hp_per_floor":[75,80,80,80,80,80,80,74,81,81,81,81,81,81,81,81,81,81,81,81,81,81,81,81,81,81,81,81,81,81,81,81,81,81,81,95,95,95,95,95,95,95,95,95,95,95,95,95,95,95],"card_choices":[{"not_picked":["RobotSpaceExplorer:BigMissile","RobotSpaceExplorer:Ammunition"],"picked":"RobotSpaceExplorer:StunGrenade","floor":1.0},{"not_picked":["RobotSpaceExplorer:SurgingStrike","RobotSpaceExplorer:Smokescreen"],"picked":"RobotSpaceExplorer:JunkDive","floor":5.0},{"not_picked":["RobotSpaceExplorer:BigMissile","RobotSpaceExplorer:Scanner"],"picked":"RobotSpaceExplorer:ScrapToss","floor":11.0},{"not_picked":["RobotSpaceExplorer:FranticSearch","RobotSpaceExplorer:StunGrenade"],"picked":"RobotSpaceExplorer:JunkDive","floor":13.0},{"not_picked":["RobotSpaceExplorer:FreezeRay","RobotSpaceExplorer:Electroshield"],"picked":"RobotSpaceExplorer:MiniBoosters","floor":14.0},{"not_picked":["RobotSpaceExplorer:Autoloader","RobotSpaceExplorer:Arsenal"],"picked":"RobotSpaceExplorer:Accelerator","floor":16.0},{"not_picked":["RobotSpaceExplorer:ToxicBomb+1","RobotSpaceExplorer:ScrapMissile+1"],"picked":"RobotSpaceExplorer:ExhaustFan+1","floor":18.0},{"not_picked":["RobotSpaceExplorer:BigMissile","RobotSpaceExplorer:SlimeMissile+1"],"picked":"RobotSpaceExplorer:FranticSearch","floor":22.0},{"not_picked":["RobotSpaceExplorer:SelfCleaning+1","RobotSpaceExplorer:FrostMissile"],"picked":"RobotSpaceExplorer:Blaster","floor":24.0},{"not_picked":["RobotSpaceExplorer:GlueSpray","RobotSpaceExplorer:ImprovisedAttack"],"picked":"RobotSpaceExplorer:PowerCollector","floor":28.0},{"not_picked":["RobotSpaceExplorer:SurgingStrike+1","RobotSpaceExplorer:Counterblock","RobotSpaceExplorer:MakeshiftVolley"],"picked":"SKIP","floor":29.0},{"not_picked":["RobotSpaceExplorer:LaserBurst","RobotSpaceExplorer:MetalStrike","RobotSpaceExplorer:Ammunition"],"picked":"SKIP","floor":31.0},{"not_picked":["RobotSpaceExplorer:DroneSwarm","RobotSpaceExplorer:Autoloader"],"picked":"RobotSpaceExplorer:Wormhole","floor":33.0},{"not_picked":["RobotSpaceExplorer:ShovelStrike+1","RobotSpaceExplorer:Calculate","RobotSpaceExplorer:Pulsar+1"],"picked":"SKIP","floor":35.0},{"not_picked":["RobotSpaceExplorer:SurgingShield+1","RobotSpaceExplorer:FranticSearch+1"],"picked":"RobotSpaceExplorer:MiniDrones+1","floor":36.0},{"not_picked":["RobotSpaceExplorer:ImprovisedAttack","RobotSpaceExplorer:SelfCleaning","RobotSpaceExplorer:ShovelStrike+1"],"picked":"SKIP","floor":38.0},{"not_picked":["RobotSpaceExplorer:Counterblock+1","RobotSpaceExplorer:ShockKick","RobotSpaceExplorer:Smokescreen"],"picked":"SKIP","floor":41.0},{"not_picked":["RobotSpaceExplorer:SlimeMissile+1","RobotSpaceExplorer:TrailblazerForm","RobotSpaceExplorer:Smokescreen"],"picked":"SKIP","floor":45.0},{"not_picked":["RobotSpaceExplorer:Counterblock+1","RobotSpaceExplorer:FrostMissile","RobotSpaceExplorer:ImprovisedAttack"],"picked":"SKIP","floor":47.0},{"not_picked":["RobotSpaceExplorer:GlueShot+1","RobotSpaceExplorer:IronShell+1","RobotSpaceExplorer:Exploration"],"picked":"SKIP","floor":48.0}],"player_experience":1601577,"relics_obtained":[{"floor":9.0,"key":"Strawberry"},{"floor":11.0,"key":"Bottled Flame"},{"floor":13.0,"key":"Blue Candle"},{"floor":19.0,"key":"Nilry\u0027s Codex"},{"floor":24.0,"key":"Ice Cream"},{"floor":26.0,"key":"Akabeko"},{"floor":28.0,"key":"Happy Flower"},{"floor":36.0,"key":"Mango"},{"floor":39.0,"key":"Pen Nib"},{"floor":42.0,"key":"Gambling Chip"},{"floor":43.0,"key":"Potion Belt"},{"floor":48.0,"key":"Boot"}],"event_choices":[{"damage_healed":0.0,"max_hp_gain":5.0,"max_hp_loss":0.0,"gold_gain":0.0,"event_name":"Big Fish","player_choice":"Donut","floor":2.0,"gold_loss":0.0,"damage_taken":0.0},{"cards_removed":["RobotSpaceExplorer:Defend"],"damage_healed":0.0,"max_hp_gain":0.0,"max_hp_loss":0.0,"gold_gain":0.0,"event_name":"Golden Wing","player_choice":"Card Removal","floor":3.0,"gold_loss":0.0,"damage_taken":7.0},{"cards_removed":["RobotSpaceExplorer:Defend"],"damage_healed":0.0,"max_hp_gain":0.0,"max_hp_loss":0.0,"gold_gain":0.0,"event_name":"The Cleric","player_choice":"Card Removal","floor":4.0,"gold_loss":50.0,"damage_taken":0.0},{"damage_healed":0.0,"max_hp_gain":0.0,"max_hp_loss":6.0,"gold_gain":0.0,"event_name":"Golden Idol","player_choice":"Lose Max HP","floor":8.0,"gold_loss":0.0,"damage_taken":0.0,"relics_obtained":["Golden Idol"]},{"damage_healed":0.0,"max_hp_gain":0.0,"max_hp_loss":0.0,"gold_gain":0.0,"event_name":"Cursed Tome","player_choice":"Obtained Book","floor":19.0,"gold_loss":0.0,"damage_taken":16.0},{"damage_healed":0.0,"max_hp_gain":0.0,"max_hp_loss":0.0,"gold_gain":0.0,"event_name":"The Mausoleum","player_choice":"Ignored","floor":20.0,"gold_loss":0.0,"damage_taken":0.0},{"damage_healed":0.0,"max_hp_gain":0.0,"max_hp_loss":0.0,"gold_gain":0.0,"event_name":"The Library","player_choice":"Read","floor":21.0,"gold_loss":0.0,"damage_taken":0.0,"cards_obtained":["RobotSpaceExplorer:Probe"]},{"cards_removed":["RobotSpaceExplorer:Defend"],"damage_healed":0.0,"max_hp_gain":0.0,"max_hp_loss":0.0,"gold_gain":0.0,"event_name":"Beggar","player_choice":"Gave Gold","floor":30.0,"gold_loss":75.0,"damage_taken":0.0},{"damage_healed":0.0,"max_hp_gain":0.0,"max_hp_loss":0.0,"gold_gain":0.0,"event_name":"Mysterious Sphere","player_choice":"Fight","floor":36.0,"gold_loss":0.0,"damage_taken":0.0}],"is_beta":false,"boss_relics":[{"not_picked":["RobotSpaceExplorer:SearchSpecs","Astrolabe"],"picked":"RobotSpaceExplorer:Reprocessor"},{"not_picked":["SacredBark","Calling Bell"],"picked":"SlaversCollar"}],"items_purged_floors":[37,44],"is_endless":false,"potions_floor_spawned":[11,13,22,28,31,33,35,36,45,48],"ascension_level":3}}