{"host":"hzyv8pm5uot6l4n9","time":1607810902,"event":{"mods":["Act Like it!","Aspiration","BaseMod","Better Note","Better Third Choice","BetterRewards","Conspire","Dota2Spire","Energized Spire","GifTheSpireLib","Halation","Hallownest","Marisa????????","Minty Spire (QoL Compilation)","QueenMod","Quick Restart","Replay The Spire","StSLib","Stuff the Spire","The Cursed","The Dragon Tamer","The Servant 0.9.4","vexMod"],"gold_per_floor":[113,21,21,36,49,81,6,6,6,6,34,53,63,63,63,63,63],"floor_reached":16,"playtime":739,"items_purged":["Strike_MRS"],"score":127,"play_id":"195471ff-20a5-4db0-885a-a7dc0e70d038","local_time":"20201212230822","is_ascension_mode":true,"campfire_choices":[{"data":"StarBarrage","floor":8,"key":"SMITH"},{"data":"Blind","floor":10,"key":"SMITH"},{"data":"Singularity","floor":15,"key":"SMITH"}],"circlet_count":0,"master_deck":["Strike_MRS","Strike_MRS","Defend_MRS","Defend_MRS","Defend_MRS","Defend_MRS","MasterSpark","UpSweep","Singularity+1","Blind+1","StarBarrage+1","GalacticHalo","SporeBomb","PropBag","Singularity","Injury"],"relics":["MiniHakkero","Toy Ornithopter","Blood Vial","MagicBroom","Dota2Spire:BladeMail","Toxic Egg 2","Sundial"],"acts_visited":["Exordium"],"potions_floor_usage":[],"damage_taken":[{"damage":3,"enemies":"Small Slimes","floor":1,"turns":4},{"damage":2,"enemies":"Cultist","floor":4,"turns":5},{"damage":12,"enemies":"Jaw Worm","floor":5,"turns":3},{"damage":13,"enemies":"Lagavulin","floor":6,"turns":6},{"damage":7,"enemies":"Replay:BlueRogue","floor":11,"turns":5},{"damage":1,"enemies":"Looter","floor":12,"turns":4},{"damage":14,"enemies":"Exordium Thugs","floor":13,"turns":4},{"damage":52,"enemies":"Fading Forest","floor":16,"turns":9}],"seed_played":"9138186945077889197","potions_obtained":[{"floor":1,"key":"FearPotion"},{"floor":4,"key":"Venom Potion"},{"floor":11,"key":"Dexterity Potion"}],"is_trial":false,"path_per_floor":["M","$","?","M","M","E","$","R","T","R","E","M","M","?","R","B"],"character_chosen":"MARISA","items_purchased":["Blind"],"campfire_rested":0,"item_purchase_floors":[2],"current_hp_per_floor":[72,72,72,70,58,45,45,45,45,45,40,41,29,29,29,0,0],"gold":63,"neow_bonus":"RANDOM_COMMON_RELIC","is_daily":false,"chose_seed":false,"campfire_upgraded":3,"win_rate":0.0,"timestamp":1607810902,"path_taken":["M","$","?","M","M","E","$","R","T","R","E","?","M","?","R","BOSS"],"items_purchased_type":["Card"],"build_version":"2020-11-30","purchased_purges":1,"victory":false,"max_hp_per_floor":[75,75,75,75,75,75,75,75,75,75,75,75,75,75,75,75,75],"card_choices":[{"not_picked":["PropBag","GalacticHalo"],"picked":"Singularity","floor":1},{"not_picked":["IllusionStar","LuminesStrike"],"picked":"StarBarrage","floor":4},{"not_picked":["GrandCross","Singularity"],"picked":"GalacticHalo","floor":5},{"not_picked":["Robbery","StarDustReverie"],"picked":"SporeBomb","floor":6},{"not_picked":["GasGiant","AsteroidBelt"],"picked":"PropBag","floor":11},{"not_picked":["SporeBomb","Robbery","ChargeUpSpray"],"picked":"SKIP","floor":12},{"not_picked":["Acceleration","MilkyWay"],"picked":"Singularity","floor":13}],"player_experience":510271,"relics_obtained":[{"floor":6,"key":"Blood Vial"},{"floor":9,"key":"MagicBroom"},{"floor":11,"key":"Dota2Spire:BladeMail"}],"event_choices":[{"cards_removed":["Strike_MRS"],"damage_healed":0,"gold_gain":0,"player_choice":"Purged","damage_taken":0,"max_hp_gain":0,"max_hp_loss":0,"event_name":"Purifier","floor":3,"gold_loss":0}],"is_beta":false,"boss_relics":[],"items_purged_floors":[7],"is_endless":false,"potions_floor_spawned":[1,4,11],"killed_by":"Fading Forest","ascension_level":3}}