{"host":"92108ef2q9tm8rod","time":1607797834,"event":{"mods":["BaseMod","Defuse TimeMaze Blight","Minty Spire (QoL Compilation)","StSLib","The Jungle"],"gold_per_floor":[116,128,53,153,167,167,167,183,183,183,512,259,259,272,272,374,374,388,406,281,295,315,340,340,340,366,395,414,268,268,279,279,384,384,398,415,415,441,366,400,400,425,425,337,337,0,0,0,0,0],"floor_reached":51,"playtime":3280,"items_purged":["Noxious Fumes","Conserve Battery","Conserve Battery","FTL","Slice+1"],"score":1091,"play_id":"14d87b64-414c-41c0-bb09-10fbd3c12ae7","local_time":"20201212183034","daily_mods":["SealedDeck","Green Cards","Heirloom","Flight"],"is_ascension_mode":false,"campfire_choices":[{"data":"Redo","floor":6,"key":"SMITH"},{"data":"Go for the Eyes","floor":7,"key":"SMITH"},{"data":"Gash","floor":10,"key":"SMITH"},{"data":"Beam Cell","floor":13,"key":"SMITH"},{"data":"Deflect","floor":15,"key":"SMITH"},{"data":"Gash","floor":24,"key":"SMITH"},{"data":"Footwork","floor":25,"key":"SMITH"},{"data":"Blur","floor":30,"key":"SMITH"},{"data":"Slice","floor":32,"key":"SMITH"},{"data":"Adrenaline","floor":41,"key":"SMITH"},{"data":"Chill","floor":45,"key":"SMITH"},{"floor":47,"key":"REST"},{"floor":49,"key":"REST"}],"circlet_count":0,"master_deck":["Redo+1","Footwork+1","Blur+1","Go for the Eyes+1","Deflect+1","Chill+1","Gash+1","Beam Cell+1","Gash+1","Adrenaline+1"],"relics":["Cracked Core","Unceasing Top","Mercury Hourglass","Old Coin","TheAbacus","Bronze Scales","Blood Vial","Boot","Membership Card","SacredBark","CeramicFish","Vajra","Toxic Egg 2","Pear","Red Mask","Sundial"],"acts_visited":["Exordium","Exordium","TheBeyond"],"potions_floor_usage":[16,50],"damage_taken":[{"damage":0,"enemies":"Cultist","floor":1,"turns":3},{"damage":0,"enemies":"Small Slimes","floor":2,"turns":3},{"damage":0,"enemies":"Jaw Worm","floor":5,"turns":3},{"damage":0,"enemies":"Large Slime","floor":8,"turns":3},{"damage":0,"enemies":"Gremlin Nob","floor":11,"turns":2},{"damage":0,"enemies":"Lots of Slimes","floor":14,"turns":1},{"damage":0,"enemies":"Slime Boss","floor":16,"turns":3},{"damage":0,"enemies":"theJungle:GiantWrat","floor":18,"turns":2},{"damage":0,"enemies":"theJungle:Flameango_and_Byrd","floor":19,"turns":2},{"damage":0,"enemies":"theJungle:2_Snecko_Cultists","floor":21,"turns":2},{"damage":0,"enemies":"theJungle:Lyon","floor":22,"turns":2},{"damage":0,"enemies":"theJungle:2_Phrogs","floor":23,"turns":2},{"damage":0,"enemies":"theJungle:MamaSnecko","floor":27,"turns":2},{"damage":0,"enemies":"theJungle:2_Flameangoes","floor":28,"turns":2},{"damage":0,"enemies":"theJungle:Snecko_Cultist_And_Trap","floor":31,"turns":2},{"damage":0,"enemies":"theJungle:FunGuy","floor":33,"turns":2},{"damage":0,"enemies":"3 Shapes","floor":35,"turns":1},{"damage":0,"enemies":"Orb Walker","floor":36,"turns":1},{"damage":0,"enemies":"Giant Head","floor":40,"turns":1},{"damage":0,"enemies":"Reptomancer","floor":42,"turns":1},{"damage":0,"enemies":"Time Eater","floor":50,"turns":5}],"seed_played":"-1419948088057180816","potions_obtained":[{"floor":5,"key":"LiquidMemories"},{"floor":8,"key":"CultistPotion"},{"floor":22,"key":"Explosive Potion"},{"floor":23,"key":"Weak Potion"}],"is_trial":true,"path_per_floor":["M","M","$","?","M","R","R","M","T","R","E","$","R","M","R","B",null,"M","M","$","M","M","E","R","R","T","E","M","$","R","M","R","B",null,"M","M","?","T","$","E","R","E","T","$","R","?","R","?","R","B",null],"character_chosen":"DEFECT","items_purchased":["TheAbacus","Membership Card"],"campfire_rested":2,"item_purchase_floors":[12,29],"current_hp_per_floor":[75,75,75,75,75,75,75,75,75,75,75,75,75,75,75,75,75,75,75,75,75,75,75,75,75,75,75,75,75,75,75,75,75,75,75,75,71,71,71,71,71,71,81,81,81,81,81,81,81,81],"gold":0,"neow_bonus":"","is_daily":false,"chose_seed":false,"campfire_upgraded":11,"win_rate":0.0,"timestamp":1607797834,"path_taken":["M","M","$","?","M","R","R","M","T","R","E","$","R","M","R","BOSS","M","?","$","M","M","E","R","R","T","E","M","$","R","M","R","BOSS","M","M","?","?","$","E","R","E","T","$","R","?","R","?","R","BOSS"],"items_purchased_type":["Relic","Relic"],"build_version":"2020-11-30","purchased_purges":5,"victory":true,"max_hp_per_floor":[75,75,75,75,75,75,75,75,75,75,75,75,75,75,75,75,75,75,75,75,75,75,75,75,75,75,75,75,75,75,75,75,75,75,75,75,71,71,71,71,71,71,81,81,81,81,81,81,81,81],"card_choices":[{"not_picked":["Underhanded Strike","Hologram"],"picked":"Chill","floor":1},{"not_picked":["Compile Driver","Leap","Go for the Eyes"],"picked":"SKIP","floor":2},{"not_picked":["Cloak And Dagger","Stack"],"picked":"Gash","floor":5},{"not_picked":["Tempest","Infinite Blades","Aggregate"],"picked":"SKIP","floor":8},{"not_picked":["Backflip","FTL"],"picked":"Beam Cell","floor":11},{"not_picked":["Flying Knee","Dodge and Roll","Ball Lightning"],"picked":"SKIP","floor":14},{"not_picked":["Coolheaded","Expertise","Consume+1"],"picked":"SKIP","floor":18},{"not_picked":["Undo","Conserve Battery","Noxious Fumes"],"picked":"SKIP","floor":19},{"not_picked":["BootSequence","Reinforced Body+1","Well Laid Plans+1"],"picked":"SKIP","floor":21},{"not_picked":["Deflect","Rebound+1","Turbo+1"],"picked":"SKIP","floor":22},{"not_picked":["Deflect","Rebound+1","Turbo+1"],"picked":"SKIP","floor":22},{"not_picked":["Dagger Spray+1","Skim"],"picked":"Gash","floor":23},{"not_picked":["FTL","Bouncing Flask+1","Deadly Poison+1"],"picked":"SKIP","floor":27},{"not_picked":["Lockon","Deflect","Turbo"],"picked":"SKIP","floor":28},{"not_picked":["Streamline","Undo","Doom and Gloom"],"picked":"SKIP","floor":31},{"not_picked":["Glass Knife","Seek"],"picked":"Adrenaline","floor":33},{"not_picked":["Eviscerate","Dagger Throw","Leap+1"],"picked":"SKIP","floor":35},{"not_picked":["Rebound","Flying Knee","Redo+1"],"picked":"SKIP","floor":36},{"not_picked":["Sunder+1","Underhanded Strike+1","Heatsinks"],"picked":"SKIP","floor":40},{"not_picked":["Darkness+1","FTL+1","Rebound+1"],"picked":"SKIP","floor":42}],"player_experience":3144803,"relics_obtained":[{"floor":9,"key":"Mercury Hourglass"},{"floor":11,"key":"Old Coin"},{"floor":23,"key":"Bronze Scales"},{"floor":26,"key":"Blood Vial"},{"floor":27,"key":"Boot"},{"floor":38,"key":"CeramicFish"},{"floor":40,"key":"Vajra"},{"floor":42,"key":"Toxic Egg 2"},{"floor":43,"key":"Pear"}],"event_choices":[{"damage_healed":0,"gold_gain":100,"player_choice":"Pray","damage_taken":0,"max_hp_gain":0,"max_hp_loss":0,"event_name":"Golden Shrine","floor":4,"gold_loss":0},{"damage_healed":0,"gold_gain":0,"player_choice":"Max HP","damage_taken":0,"max_hp_gain":0,"max_hp_loss":4,"event_name":"Winding Halls","floor":37,"gold_loss":0},{"damage_healed":0,"gold_gain":0,"player_choice":"Paid","damage_taken":0,"relics_obtained":["Red Mask"],"max_hp_gain":0,"max_hp_loss":0,"event_name":"Tomb of Lord Red Mask","floor":46,"gold_loss":337},{"damage_healed":0,"gold_gain":0,"player_choice":"Gave Potion","damage_taken":0,"relics_obtained":["Sundial"],"max_hp_gain":0,"max_hp_loss":0,"event_name":"WeMeetAgain","floor":48,"gold_loss":0}],"is_beta":false,"boss_relics":[{"not_picked":["Snecko Eye","Coffee Dripper","Ectoplasm"]},{"not_picked":["Astrolabe","Runic Dome"],"picked":"SacredBark"}],"items_purged_floors":[3,12,20,39,44],"is_endless":false,"potions_floor_spawned":[5,8,22,23,27,33,36,42],"ascension_level":0}}