{"host":"ctlqibkg0sskiu65","time":1607767918,"event":{"mods":["2.2 Compatiblity","AchievementEnabler","Aspiration","BaseMod","BetterRewards","Colored Map","Colored Powertips","Conspire","Fiend Mod","Infinite Spire","Minty Spire (QoL Compilation)","Quick Restart","Replay The Spire","Shop Mod","StSLib","The Bladedancer","The Cursed","The Hierophant","The Jungle","The Kombatant","The Servant 0.9.4","TheBandit"],"gold_per_floor":[119,119,135,135,147,147,159,159,159,159,159,16,34,68,68,168,168,182,182,197,296,315,315,315],"floor_reached":23,"playtime":963,"items_purged":[],"score":191,"play_id":"5663a006-0fac-4e9a-91e3-3594b50e7f1f","local_time":"20201212041158","is_ascension_mode":false,"campfire_choices":[{"data":"Rampage","floor":6,"key":"SMITH"},{"data":"Armaments","floor":11,"key":"SMITH"},{"data":"Bash","floor":15,"key":"SMITH"}],"circlet_count":0,"master_deck":["Strike_R","Strike_R","Strike_R","Strike_R","Defend_R","Defend_R","Defend_R","Defend_R","Bash+1","Cleave","Armaments+1","Rampage+1","Clash","Feed","Anger","Pommel Strike","Shrug It Off+1"],"relics":["Burning Blood","Replay:Towering Pillar of Hats","Boot","Calipers","SacredBark"],"acts_visited":["Exordium","TheCity"],"potions_floor_usage":[13,16,16,18,22,23],"damage_taken":[{"damage":7,"enemies":"2 Louse","floor":1,"turns":3},{"damage":2,"enemies":"Small Slimes","floor":3,"turns":4},{"damage":8,"enemies":"infinitespire:Voidling","floor":5,"turns":4},{"damage":7,"enemies":"2 Fungi Beasts","floor":7,"turns":3},{"damage":7,"enemies":"conspire:2 RoseBushes","floor":13,"turns":6},{"damage":9,"enemies":"Replay:BlueRogue","floor":14,"turns":5},{"damage":36,"enemies":"Hexaghost","floor":16,"turns":10},{"damage":23,"enemies":"3 Byrds","floor":18,"turns":6},{"damage":19,"enemies":"Shell Parasite","floor":20,"turns":7},{"damage":35,"enemies":"Snake Plant","floor":22,"turns":6},{"damage":32,"enemies":"Nightmare","floor":23,"turns":7}],"seed_played":"3318977914561387646","potions_obtained":[{"floor":3,"key":"Swift Potion"},{"floor":5,"key":"Reflective Coating"},{"floor":7,"key":"infinitespire:BlackPotion"},{"floor":14,"key":"AttackPotion"},{"floor":20,"key":"PowerPotion"},{"floor":22,"key":"Adrenaline Potion"}],"is_trial":false,"path_per_floor":["M","?","M","?","M","R","M","?","T","?","R","$","M","E","R","B",null,"M","?","M","?","M","NM"],"character_chosen":"IRONCLAD","items_purchased":["Boot"],"campfire_rested":0,"item_purchase_floors":[12],"current_hp_per_floor":[87,87,88,88,88,88,87,87,87,87,87,87,86,83,83,53,88,74,74,61,61,32,0,0],"gold":315,"neow_bonus":"TEN_PERCENT_HP_BONUS","is_daily":false,"chose_seed":false,"campfire_upgraded":3,"win_rate":0.0,"timestamp":1607767918,"path_taken":["M","?","M","?","M","R","?","?","T","?","R","?","M","E","R","BOSS","M","?","?","?","M","NM"],"items_purchased_type":["Relic"],"build_version":"2020-11-30","purchased_purges":0,"victory":false,"max_hp_per_floor":[88,88,88,88,88,88,88,88,88,88,88,88,88,88,88,88,88,91,91,91,91,91,91,91],"card_choices":[{"not_picked":["Life Link","Hemokinesis"],"picked":"Cleave","floor":1},{"not_picked":["Reckless Charge","True Grit"],"picked":"Armaments","floor":3},{"not_picked":["Reckless Charge","Perfected Strike"],"picked":"Rampage","floor":5},{"not_picked":["Heavy Blade","ReplayTheSpireMod:Strike From Hell"],"picked":"Clash","floor":7},{"not_picked":["Clash","ReplayReversal","Dual Wield"],"picked":"SKIP","floor":13},{"not_picked":["conspire:Charge","Replay:Undeath\u0027s Touch","Warcry"],"picked":"SKIP","floor":14},{"not_picked":["Replay:Many Hands","Berserk"],"picked":"Feed","floor":16},{"not_picked":["Armaments","Rupture+1"],"picked":"Anger","floor":18},{"not_picked":["Clothesline","Defy Death"],"picked":"Pommel Strike","floor":20},{"not_picked":["Combust","Defy Death"],"picked":"Shrug It Off+1","floor":22}],"player_experience":116169,"relics_obtained":[{"floor":9,"key":"Replay:Towering Pillar of Hats"},{"floor":14,"key":"Calipers"}],"event_choices":[{"damage_healed":0,"gold_gain":0,"player_choice":"Full Heal","damage_taken":0,"max_hp_gain":0,"max_hp_loss":0,"event_name":"Wheel of Change","floor":4,"gold_loss":0},{"damage_healed":0,"gold_gain":0,"player_choice":"Fled","damage_taken":0,"max_hp_gain":0,"max_hp_loss":0,"event_name":"Scrap Ooze","floor":10,"gold_loss":0},{"cards_removed":["Strike_R"],"damage_healed":0,"gold_gain":0,"player_choice":"Purged","damage_taken":0,"max_hp_gain":0,"max_hp_loss":0,"event_name":"Purifier","floor":19,"gold_loss":0},{"damage_healed":0,"gold_gain":99,"player_choice":"Stole From Cult","damage_taken":0,"max_hp_gain":0,"max_hp_loss":0,"event_name":"Nest","floor":21,"gold_loss":0}],"is_beta":false,"boss_relics":[{"not_picked":["aspiration:RitualDagger","aspiration:WatcherSkillbook"],"picked":"SacredBark"}],"items_purged_floors":[],"is_endless":false,"potions_floor_spawned":[3,5,7,14,20,22],"killed_by":"Nightmare","ascension_level":0}}