{"host":"bwgtgw7j7r9ryi4l","time":1607811841,"event":{"mods":["2.2 Compatiblity","AchievementEnabler","Act Like it!","Aspiration","BaseMod","Better Match","Better Note","Better Sensory Stone","Better Skull","Better Third Choice","BetterRewards","CCEM","Colored Map","Colored Powertips","Conspire","Downfall","Friendly Minions","Gensokyo","GifTheSpireLib","Halation","Highlight Path","Infinite Spire","Mimic Mod","Minty Spire (QoL Compilation)","Permanent Neow","Replay The Spire","Shop Mod","Spicy Shops","StSLib","Stuff the Spire","The Administrix","The Jungle","Yuri Mod","everything is the same but u backflip on backflip"],"gold_per_floor":[99,99,99,112,183,202,242,289,151,195,224,253,265,294,321,430,442,454,466,497,509,535,547,559,571,583,622,645,673,699,72,82,182,182,182,210,221,240,340,359,384,399,399,424,444,454,473,473,484,484],"floor_reached":51,"playtime":2884,"items_purged":[],"score":855,"play_id":"3c15cd9c-991a-48f7-93fc-261d87330ddd","local_time":"20201212172401","is_ascension_mode":true,"campfire_choices":[{"floor":1,"key":"RECALL"},{"floor":9,"key":"REST"},{"data":"sneckomod:UnknownRareSkill","floor":18,"key":"SMITH"},{"data":"sneckomod:Cheat","floor":21,"key":"SMITH"},{"data":"sneckomod:RainOfDice","floor":23,"key":"SMITH"},{"data":"sneckomod:Unknown3Cost","floor":35,"key":"SMITH"},{"data":"sneckomod:UnknownClassYURI_RED","floor":43,"key":"SMITH"}],"circlet_count":0,"master_deck":["sneckomod:Strike","sneckomod:Strike","sneckomod:Strike","sneckomod:Defend","sneckomod:Defend","sneckomod:Defend+1","sneckomod:TailWhip","sneckomod:SnekBite","sneckomod:Unknown","sneckomod:Unknown","sneckomod:Unknown1Cost+1","sneckomod:UnknownStrike","sneckomod:SoulRoll","sneckomod:Unknown1Cost","sneckomod:Unknown0Cost+2","sneckomod:SnekBeam","sneckomod:Cheat+1","sneckomod:RainOfDice+1","sneckomod:UnknownCommonSkill","sneckomod:UnknownClassUrban Legend","Pain","sneckomod:QuickMove+1","sneckomod:UnknownCommonAttack+1","sneckomod:UnknownClassBLESSING+1","sneckomod:QuickBite+1","sneckomod:UnknownRareAttack","sneckomod:DiceBlock","sneckomod:DiceCrush","sneckomod:UnknownUncommonSkill","sneckomod:Unknown3Cost+1","AbeCurse","sneckomod:UnknownClassBLESSING+1","sneckomod:WideSting+1","sneckomod:Unknown1Cost","sneckomod:UnknownRareAttack","sneckomod:Unknown2Cost","sneckomod:UnknownBlock","Gensokyo:ImpossibleRequest","champ:AdrenalArmor","expansioncontent:Flail","sneckomod:UnknownClassYURI_RED+1","sneckomod:UnknownClassTHE_CHAMP_GRAY+1","sneckomod:IronFang","sneckomod:WideSting","sneckomod:SoulDraw+1","sneckomod:CheapStock+1","sneckomod:WideSting+1","StuffTheSpire:BrainWave","sneckomod:UnknownRarePower"],"relics":["sneckomod:SneckoSoul","halation:EternalFortune","MawBank","Ornamental Fan","downfall:HeartBlessingBlue","downfall:HeartBlessingRed","CCEMRelics:DissonantTune","CCEMRelics:CocoNut","aspiration:SecretTechniqueScroll","StuffTheSpire:Barrel","aspiration:FetidBarrel","Enchiridion","Oddly Smooth Stone","infinitespire:CursedDice","Matryoshka","halation:Sosunser","halation:SelfBoilingWater","Abe\u0027s Treasure","infinitespire:EmpoweringShard","downfall:GremlinSack","Replay:Bottled Steam","aspiration:HiddenCompartment","StuffTheSpire:Experiment12"],"acts_visited":["Exordium","TheCity","TheBeyond"],"potions_floor_usage":[11,20,31,31,31,31,40,45],"damage_taken":[{"damage":6,"enemies":"2 Louse","floor":4,"turns":2},{"damage":4,"enemies":"Cultist","floor":6,"turns":3},{"damage":32,"enemies":"Jaw Worm","floor":7,"turns":10},{"damage":41,"enemies":"Lagavulin","floor":8,"turns":6},{"damage":11,"enemies":"Gremlin Nob","floor":10,"turns":3},{"damage":0,"enemies":"Jaw Worm","floor":11,"turns":3},{"damage":8,"enemies":"Lots of Slimes","floor":12,"turns":4},{"damage":6,"enemies":"Exordium Wildlife","floor":14,"turns":4},{"damage":15,"enemies":"Lots of Slimes","floor":15,"turns":3},{"damage":85,"enemies":"downfall:Defect","floor":16,"turns":9},{"damage":12,"enemies":"Chosen","floor":20,"turns":3},{"damage":24,"enemies":"conspire:HollyBat","floor":22,"turns":7},{"damage":8,"enemies":"Book of Stabbing","floor":27,"turns":3},{"damage":28,"enemies":"Sentry and Sphere","floor":28,"turns":5},{"damage":21,"enemies":"Centurion and Healer","floor":29,"turns":4},{"damage":0,"enemies":"Chosen and Byrds","floor":30,"turns":2},{"damage":53,"enemies":"downfall:FleeingMerchant","floor":31,"turns":4},{"damage":5,"enemies":"3 Cultists","floor":32,"turns":4},{"damage":47,"enemies":"downfall:Ironclad","floor":33,"turns":8},{"damage":23,"enemies":"Giant Head","floor":36,"turns":6},{"damage":27,"enemies":"3 Shapes","floor":37,"turns":3},{"damage":4,"enemies":"Orb Walker","floor":38,"turns":2},{"damage":13,"enemies":"Orb Walker","floor":39,"turns":3},{"damage":4,"enemies":"4 Shapes","floor":40,"turns":3},{"damage":42,"enemies":"Writhing Mass","floor":42,"turns":5},{"damage":46,"enemies":"Reptomancer","floor":44,"turns":8},{"damage":14,"enemies":"Maw","floor":45,"turns":4},{"damage":0,"enemies":"Transient","floor":46,"turns":5},{"damage":11,"enemies":"Spire Growth","floor":47,"turns":3},{"damage":25,"enemies":"Sphere and 2 Shapes","floor":49,"turns":4},{"damage":84,"enemies":"downfall:Silent","floor":50,"turns":5}],"seed_played":"-8896393580766242950","potions_obtained":[{"floor":4,"key":"LiquidBronze"},{"floor":10,"key":"hexamod:EctoCoolerPotion"},{"floor":12,"key":"Elixir"},{"floor":15,"key":"GamblersBrew"},{"floor":20,"key":"Dexterity Potion"},{"floor":28,"key":"sneckomod:OffclassReductionPotion"},{"floor":32,"key":"conspire:TimeTravelPotion"},{"floor":40,"key":"Energy Potion"},{"floor":42,"key":"LiquidMemories"}],"is_trial":false,"path_per_floor":["R","?","?","M","T","M","MIM","E","R","E","M","M","?","M","M","B",null,"R","?","M","R","M","R","T","?","?","E","M","M","M","$","M","B",null,"R","E","M","M","?","M","T","M","R","E","M","M","M","?","M","B",null],"character_chosen":"THE_SNECKO","items_purchased":["infinitespire:CursedDice","Matryoshka","halation:Sosunser","halation:SelfBoilingWater"],"campfire_rested":1,"item_purchase_floors":[31,31,31,31],"current_hp_per_floor":[91,94,94,89,89,85,54,14,56,45,48,40,45,40,36,1047,1128,1128,1128,1120,1120,1099,1099,1099,1083,1139,1132,1104,1084,1084,1031,1027,981,1143,1143,1121,1121,1118,1109,1106,1106,1064,1064,1026,1012,1019,1008,1008,986,904],"gold":484,"neow_bonus":"THREE_CARDS","is_daily":false,"chose_seed":false,"campfire_upgraded":5,"win_rate":0.0,"timestamp":1607811841,"path_taken":["R","?","?","?","?","?","MIM","E","R","E","M","M","?","M","M","BOSS","R","?","?","R","M","R","T","?","?","E","M","?","M","$","M","BOSS","R","E","M","M","?","?","T","M","R","E","M","M","M","?","M","BOSS"],"items_purchased_type":["Relic","Relic","Relic","Relic"],"build_version":"2020-11-30","purchased_purges":0,"victory":true,"max_hp_per_floor":[91,94,94,95,95,95,96,97,107,107,110,110,115,116,127,1128,1128,1128,1128,1128,1128,1129,1129,1129,1129,1139,1140,1140,1141,1141,1141,1142,1143,1143,1143,1144,1144,1145,1149,1150,1150,1150,1150,1150,1150,1150,1150,1035,1036,1036],"card_choices":[{"not_picked":["sneckomod:UnknownX","sneckomod:UnknownVulnerable"],"picked":"sneckomod:Unknown1Cost","floor":0},{"not_picked":["sneckomod:UnknownVulnerable","sneckomod:UnknownWeak"],"picked":"sneckomod:UnknownStrike","floor":4},{"not_picked":["sneckomod:SnekBeam","sneckomod:Nope"],"picked":"sneckomod:SoulRoll","floor":6},{"not_picked":["sneckomod:DiceBlock","sneckomod:QuickMove"],"picked":"sneckomod:Unknown1Cost","floor":7},{"not_picked":["sneckomod:SoulDraw","sneckomod:UnknownClassSLIMEBOUND"],"picked":"sneckomod:Unknown0Cost","floor":8},{"not_picked":["sneckomod:UnknownClassTHE_CHAMP_GRAY","sneckomod:UnknownExhaust"],"picked":"sneckomod:SnekBeam","floor":10},{"not_picked":["sneckomod:SnakeSap","sneckomod:UnknownUncommonAttack"],"picked":"sneckomod:Cheat","floor":11},{"not_picked":["sneckomod:Rotation","sneckomod:Unknown1Cost"],"picked":"sneckomod:RainOfDice","floor":12},{"not_picked":["sneckomod:UnknownClassGREEN","sneckomod:QuickBite"],"picked":"sneckomod:UnknownCommonSkill","floor":14},{"not_picked":["sneckomod:Restock","sneckomod:QuickMove"],"picked":"sneckomod:UnknownClassUrban Legend","floor":15},{"not_picked":["sneckomod:MorePower","sneckomod:Cheat"],"picked":"sneckomod:UnknownRareSkill","floor":16},{"not_picked":["sneckomod:SoulCleanse","sneckomod:UnknownWeak+1"],"picked":"sneckomod:QuickMove+1","floor":20},{"not_picked":["sneckomod:UnknownBlock","sneckomod:QuickMove"],"picked":"sneckomod:UnknownCommonAttack+1","floor":22},{"not_picked":["sneckomod:DefensiveFlair","sneckomod:UnknownClassRED+1"],"picked":"sneckomod:UnknownClassBLESSING+1","floor":27},{"not_picked":["sneckomod:CheapStock","sneckomod:Unknown1Cost"],"picked":"sneckomod:QuickBite+1","floor":28},{"not_picked":["sneckomod:Unknown1Cost","sneckomod:UnknownWeak"],"picked":"sneckomod:UnknownRareAttack","floor":29},{"not_picked":["sneckomod:DefensiveFlair","sneckomod:ImprovisedAttack+1"],"picked":"sneckomod:DiceBlock","floor":30},{"not_picked":["sneckomod:IronFang+1","sneckomod:QuickMove"],"picked":"sneckomod:DiceCrush","floor":31},{"not_picked":["sneckomod:CheapStock","sneckomod:IronFang"],"picked":"sneckomod:UnknownUncommonSkill","floor":32},{"not_picked":["sneckomod:UnlimitedRolls","sneckomod:Mudshield"],"picked":"sneckomod:Unknown3Cost","floor":33},{"not_picked":["sneckomod:DiceCrush+1","sneckomod:DiceBlock+1"],"picked":"sneckomod:UnknownClassBLESSING+1","floor":36},{"not_picked":["sneckomod:UnknownClassRED+1","sneckomod:UnknownWeak"],"picked":"sneckomod:WideSting+1","floor":37},{"not_picked":["sneckomod:UnknownCommonAttack","sneckomod:DiceBoulder+1"],"picked":"sneckomod:Unknown1Cost","floor":38},{"not_picked":["sneckomod:Unknown1Cost+1","sneckomod:UnknownClassYURI_PURPLE"],"picked":"sneckomod:UnknownClassYURI_RED","floor":39},{"not_picked":["sneckomod:SnekBeam+1","sneckomod:UnknownBlock"],"picked":"sneckomod:UnknownClassTHE_CHAMP_GRAY+1","floor":40},{"not_picked":["sneckomod:UnknownWeak","sneckomod:UnknownStrike"],"picked":"sneckomod:IronFang","floor":42},{"not_picked":["sneckomod:SoulRoll+1","sneckomod:UnknownClassBLUE+1"],"picked":"sneckomod:WideSting","floor":44},{"not_picked":["sneckomod:RainOfDice+1","sneckomod:UnknownClassHEXA_GHOST_PURPLE+1"],"picked":"sneckomod:SoulDraw+1","floor":45},{"not_picked":["sneckomod:WideSting","sneckomod:SoulDraw+1"],"picked":"sneckomod:CheapStock+1","floor":46},{"not_picked":["sneckomod:UnknownCommonSkill","sneckomod:SoulRoll"],"picked":"sneckomod:WideSting+1","floor":47},{"not_picked":["sneckomod:UnknownUncommonSkill+1","sneckomod:SoulDraw"],"picked":"sneckomod:UnknownRarePower","floor":49}],"player_experience":72143,"relics_obtained":[{"floor":7,"key":"MawBank"},{"floor":8,"key":"Ornamental Fan"},{"floor":10,"key":"CCEMRelics:DissonantTune"},{"floor":11,"key":"halation:EternalFortune"},{"floor":24,"key":"aspiration:FetidBarrel"},{"floor":25,"key":"Enchiridion"},{"floor":27,"key":"Oddly Smooth Stone"},{"floor":36,"key":"infinitespire:EmpoweringShard"},{"floor":39,"key":"downfall:GremlinSack"},{"floor":41,"key":"Replay:Bottled Steam"},{"floor":41,"key":"aspiration:HiddenCompartment"},{"floor":44,"key":"StuffTheSpire:Experiment12"}],"event_choices":[{"damage_healed":0,"gold_gain":0,"player_choice":"Forge","damage_taken":0,"max_hp_gain":0,"max_hp_loss":0,"event_name":"Accursed Blacksmith","floor":3,"gold_loss":0,"cards_upgraded":["sneckomod:Unknown1Cost"]},{"cards_removed":["sneckomod:UnknownRareSkill"],"damage_healed":46,"gold_gain":0,"player_choice":"Offered Rare","damage_taken":0,"max_hp_gain":10,"max_hp_loss":0,"event_name":"Bonfire Elementals","floor":26,"gold_loss":0}],"is_beta":false,"boss_relics":[{"not_picked":["conspire:SeveredTorchhead","halation:Risk"],"picked":"aspiration:SecretTechniqueScroll"},{"not_picked":["StuffTheSpire:ModemDavis","halation:CatFaceCupcake"],"picked":"Abe\u0027s Treasure"}],"items_purged_floors":[],"is_endless":false,"potions_floor_spawned":[4,10,12,15,16,20,27,28,32,33,38,39,40,42,49],"ascension_level":1}}