{"host":"wc8dlsuapnihxz7u","time":1607731248,"event":{"mods":["2.2 Compatiblity","AchievementEnabler","AlwaysNeverKeys","BaseMod","Better Altar","BetterRewards","GifTheSpireLib","Minty Spire (QoL Compilation)","Permanent Neow","Quick Restart","Slay-I","StSLib","SuperFastMode"],"gold_per_floor":[109,124,136,148,161,196,226,226,298,318,331,331,351,367,367,462,512,531,531,531,54,74,106,106,120,144,157,34,65,78,98,98,202,202,221,221,233,305,25,25,50,50,50,50,85,26,26,36,36,36,36,36,36,62,62,62],"floor_reached":55,"playtime":2529,"items_purged":["Defend_R"],"score":821,"play_id":"84fe3504-e789-4fe8-98b5-1ee810157d41","local_time":"20201211190048","is_ascension_mode":false,"campfire_choices":[{"floor":12.0,"key":"REST"},{"floor":15.0,"key":"REST"},{"floor":24.0,"key":"REST"},{"floor":32.0,"key":"REST"},{"data":"Shrug It Off","floor":40.0,"key":"SMITH"},{"data":"Battle Trance","floor":42,"key":"SMITH"},{"floor":47,"key":"REST"},{"data":"Double Tap","floor":49,"key":"SMITH"},{"data":"Inflame","floor":52,"key":"SMITH"}],"circlet_count":0,"master_deck":["Strike_R","Strike_R+1","Strike_R","Strike_R","Strike_R","Defend_R","Defend_R","Bash+1","Shrug It Off+1","Cleave+1","Entrench","Spot Weakness","Twin Strike+1","Double Tap+1","Inflame+1","Feed","Warcry+1","Shrug It Off","Intimidate+1","Battle Trance+1","Immolate","Inflame+1"],"relics":["Burning Blood","Tiny Chest","The Courier","Tiny House","Bottled Tornado","Membership Card","Bag of Preparation","Letter Opener","Potion Belt","HornCleat","Magic Flower","Strawberry","Pen Nib","Oddly Smooth Stone","Ancient Tea Set","Busted Crown","Self Forming Clay","TheAbacus","Pear","Boot","Blood Vial","Bag of Marbles","Bottled Lightning","Dream Catcher","Whetstone","Pantograph"],"acts_visited":["Exordium","TheCity","TheBeyond","TheEnding"],"potions_floor_usage":[50,50],"damage_taken":[{"damage":6.0,"enemies":"Cultist","floor":1.0,"turns":3.0},{"damage":11.0,"enemies":"Jaw Worm","floor":2.0,"turns":4.0},{"damage":7.0,"enemies":"Small Slimes","floor":3.0,"turns":4.0},{"damage":23.0,"enemies":"Exordium Thugs","floor":4.0,"turns":4.0},{"damage":13.0,"enemies":"2 Fungi Beasts","floor":5.0,"turns":4.0},{"damage":24.0,"enemies":"Gremlin Nob","floor":6.0,"turns":4.0},{"damage":4.0,"enemies":"Blue Slaver","floor":10.0,"turns":4.0},{"damage":12.0,"enemies":"Gremlin Gang","floor":11.0,"turns":3.0},{"damage":1.0,"enemies":"Exordium Wildlife","floor":13.0,"turns":3.0},{"damage":12.0,"enemies":"2 Fungi Beasts","floor":14.0,"turns":4.0},{"damage":53.0,"enemies":"Slime Boss","floor":16.0,"turns":8.0},{"damage":49.0,"enemies":"Spheric Guardian","floor":18.0,"turns":6.0},{"damage":29.0,"enemies":"3 Byrds","floor":22.0,"turns":5.0},{"damage":76.0,"enemies":"Book of Stabbing","floor":23.0,"turns":6.0},{"damage":37.0,"enemies":"3 Cultists","floor":25.0,"turns":6.0},{"damage":22.0,"enemies":"Chosen and Byrds","floor":27.0,"turns":8.0},{"damage":13.0,"enemies":"Gremlin Leader","floor":29.0,"turns":5.0},{"damage":29.0,"enemies":"Snecko","floor":30.0,"turns":5.0},{"damage":36.0,"enemies":"3 Cultists","floor":31.0,"turns":5.0},{"damage":56.0,"enemies":"Champ","floor":33.0,"turns":11.0},{"damage":29.0,"enemies":"3 Darklings","floor":35.0,"turns":4.0},{"damage":0.0,"enemies":"Orb Walker","floor":37.0,"turns":3.0},{"damage":18.0,"enemies":"Nemesis","floor":41.0,"turns":6.0},{"damage":20,"enemies":"Reptomancer","floor":45,"turns":4},{"damage":0,"enemies":"Transient","floor":48,"turns":5},{"damage":59,"enemies":"Time Eater","floor":50,"turns":9},{"damage":34,"enemies":"Shield and Spear","floor":54,"turns":5},{"damage":123,"enemies":"The Heart","floor":55,"turns":6}],"seed_played":"6662244900952846967","potions_obtained":[{"floor":3.0,"key":"SkillPotion"},{"floor":4.0,"key":"FairyPotion"},{"floor":5.0,"key":"AttackPotion"},{"floor":6.0,"key":"Regen Potion"},{"floor":13.0,"key":"BloodPotion"},{"floor":22.0,"key":"Block Potion"},{"floor":23.0,"key":"Block Potion"},{"floor":25.0,"key":"SkillPotion"},{"floor":30.0,"key":"EssenceOfSteel"},{"floor":37.0,"key":"EssenceOfSteel"},{"floor":41,"key":"CultistPotion"},{"floor":48,"key":"LiquidMemories"}],"is_trial":false,"path_per_floor":["M","M","M","M","M","E","?","?","T","M","M","R","M","M","R","B",null,"M","T","?","$","M","E","R","M","T","M","$","E","M","M","R","B",null,"M","?","M","T","$","R","E","R","T","$","E","$","R","M","R","B",null,"R","$","E","B"],"character_chosen":"IRONCLAD","items_purchased":["Membership Card","Bag of Preparation","Letter Opener","Potion Belt","HornCleat","Pen Nib","Oddly Smooth Stone","TheAbacus","Pear","Boot","Blood Vial","Whetstone"],"campfire_rested":5,"item_purchase_floors":[21,21,21,21,21,28,28,39,39,39,39,46],"current_hp_per_floor":[88,83,82,65,58,40,40,40,40,42,36,62,67,61,87,40,93,53,53,85,85,65,28,57,34,41,33,33,29,59,32,65,18,112,92,92,101,101,111,111,105,105,105,105,97,97,122,122,122,72,122,122,122,97,0,0],"gold":62,"neow_bonus":"TEN_PERCENT_HP_BONUS","is_daily":false,"chose_seed":false,"campfire_upgraded":4,"win_rate":0.0,"timestamp":1607731248,"path_taken":["M","?","M","M","M","E","?","?","T","M","?","R","M","M","R","BOSS","M","?","?","$","M","E","R","M","T","M","$","E","M","M","R","BOSS","M","?","?","?","$","R","E","R","T","$","E","$","R","M","R","BOSS","R","$","E","BOSS"],"items_purchased_type":["Relic","Relic","Relic","Relic","Relic","Relic","Relic","Relic","Relic","Relic","Relic","Relic"],"build_version":"2020-11-30","purchased_purges":1,"victory":false,"max_hp_per_floor":[88,88,88,88,88,88,88,88,88,88,88,88,88,88,88,88,93,96,96,96,96,99,99,99,102,109,112,112,112,112,112,112,112,112,112,112,112,112,122,122,122,122,122,122,122,122,122,122,122,122,122,122,122,122,122,122],"card_choices":[{"not_picked":["Clothesline","Warcry","Fire Breathing"],"picked":"SKIP","floor":1.0},{"not_picked":["Infernal Blade","Sentinel"],"picked":"Shrug It Off","floor":2.0},{"not_picked":["Sword Boomerang","Havoc"],"picked":"Cleave","floor":3.0},{"not_picked":["Pummel","Dark Embrace"],"picked":"Entrench","floor":4.0},{"not_picked":["Rupture","Searing Blow"],"picked":"Spot Weakness","floor":5.0},{"not_picked":["Thunderclap","Seeing Red"],"picked":"Twin Strike","floor":6.0},{"not_picked":["Armaments","Havoc","Disarm"],"picked":"SKIP","floor":10.0},{"not_picked":["Anger","Wild Strike"],"picked":"Double Tap","floor":11.0},{"not_picked":["Sword Boomerang","Wild Strike"],"picked":"Inflame","floor":13.0},{"not_picked":["Entrench","Perfected Strike","Anger"],"picked":"SKIP","floor":14.0},{"not_picked":["Reaper","Juggernaut"],"picked":"Feed","floor":16.0},{"not_picked":["Body Slam","Iron Wave"],"picked":"Warcry+1","floor":18.0},{"not_picked":["Twin Strike","Pommel Strike","Sentinel"],"picked":"SKIP","floor":22.0},{"not_picked":["Heavy Blade+1","Pommel Strike"],"picked":"Shrug It Off","floor":23.0},{"not_picked":["Cleave","Heavy Blade"],"picked":"Intimidate+1","floor":25.0},{"not_picked":["Body Slam","Shrug It Off"],"picked":"Battle Trance","floor":27.0},{"not_picked":["Ghostly Armor","True Grit","Shrug It Off"],"picked":"SKIP","floor":29.0},{"not_picked":["True Grit+1","Hemokinesis","Dark Embrace"],"picked":"SKIP","floor":30.0},{"not_picked":["Pommel Strike","Uppercut","Reckless Charge"],"picked":"SKIP","floor":31.0},{"not_picked":["Offering","Corruption"],"picked":"Immolate","floor":33.0},{"not_picked":["Perfected Strike"],"picked":"SKIP","floor":35.0},{"not_picked":["Clash+1"],"picked":"SKIP","floor":37.0},{"not_picked":["Cleave"],"picked":"SKIP","floor":41},{"not_picked":[],"picked":"Inflame+1","floor":45},{"not_picked":["Inflame+1"],"picked":"SKIP","floor":48},{"not_picked":["Reaper"],"picked":"SKIP","floor":54}],"player_experience":111043,"relics_obtained":[{"floor":6.0,"key":"Tiny Chest"},{"floor":9.0,"key":"The Courier"},{"floor":19.0,"key":"Bottled Tornado"},{"floor":23.0,"key":"Magic Flower"},{"floor":26.0,"key":"Strawberry"},{"floor":29.0,"key":"Ancient Tea Set"},{"floor":38.0,"key":"Self Forming Clay"},{"floor":41,"key":"Bag of Marbles"},{"floor":43,"key":"Bottled Lightning"},{"floor":45,"key":"Dream Catcher"},{"floor":54,"key":"Pantograph"}],"event_choices":[{"damage_healed":0.0,"max_hp_gain":0.0,"max_hp_loss":0.0,"gold_gain":30.0,"event_name":"Dead Adventurer","player_choice":"Searched \u00271\u0027 times","floor":7.0,"gold_loss":0.0,"damage_taken":0.0},{"damage_healed":0.0,"max_hp_gain":0.0,"max_hp_loss":0.0,"gold_gain":0.0,"event_name":"Upgrade Shrine","player_choice":"Upgraded","floor":8.0,"gold_loss":0.0,"damage_taken":0.0,"cards_upgraded":["Cleave"]},{"damage_healed":32.0,"max_hp_gain":0.0,"max_hp_loss":0.0,"gold_gain":0.0,"event_name":"The Library","player_choice":"Heal","floor":20.0,"gold_loss":0.0,"damage_taken":0.0},{"cards_removed":["Defend_R"],"damage_healed":0.0,"max_hp_gain":0.0,"max_hp_loss":0.0,"gold_gain":0.0,"event_name":"Wheel of Change","player_choice":"Card Removal","floor":36.0,"gold_loss":0.0,"damage_taken":0.0}],"is_beta":false,"boss_relics":[{"not_picked":["Runic Cube","Coffee Dripper"],"picked":"Tiny House"},{"not_picked":["Sozu","Runic Dome"],"picked":"Busted Crown"}],"items_purged_floors":[21],"is_endless":false,"potions_floor_spawned":[3,4,5,6,13,14,22,23,25,30,37,41,48],"killed_by":"The Heart","ascension_level":0}}