{"host":"8pl220r0zqtv6uof","time":1607757829,"event":{"mods":["BaseMod","Colored Map","DeckTracker","Highlight Path","Keyboard Shortcuts","Minty Spire (QoL Compilation)","Quick Restart","SuperFastMode"],"gold_per_floor":[118,118,118,131,0,34,50,50,50,69,69,101,121,148,148,246,246,256,256,256,256,269,269,269,269],"floor_reached":24,"playtime":818,"items_purged":[],"score":300,"play_id":"29ce6b61-019b-48f7-bebb-da70ef78bb0f","local_time":"20201212162349","is_ascension_mode":true,"campfire_choices":[{"data":"1","floor":11,"key":"LIFT"},{"floor":15,"key":"REST"},{"data":"2","floor":23,"key":"LIFT"}],"circlet_count":0,"master_deck":["Defend_G","Defend_G","Defend_G","Defend_G","Defend_G","Survivor","Neutralize","Quick Slash","Envenom+1","Infinite Blades","Reflex","Leg Sweep","Infinite Blades","Bouncing Flask","Dagger Spray","Noxious Fumes","Venomology+1","Bane","Bite","Bite","Bite","Bite","Bite"],"relics":["Ring of the Snake","NeowsBlessing","Girya","Juzu Bracelet","Membership Card","TungstenRod","Matryoshka","Bronze Scales","Nunchaku","Philosopher\u0027s Stone"],"acts_visited":["Exordium","TheCity"],"potions_floor_usage":[12,12,14,22,24,24],"damage_taken":[{"damage":0,"enemies":"Small Slimes","floor":1,"turns":1},{"damage":0,"enemies":"Cultist","floor":4,"turns":1},{"damage":0,"enemies":"3 Sentries","floor":6,"turns":1},{"damage":3,"enemies":"Jaw Worm","floor":7,"turns":7},{"damage":2,"enemies":"Blue Slaver","floor":10,"turns":4},{"damage":27,"enemies":"Lagavulin","floor":12,"turns":6},{"damage":5,"enemies":"Lots of Slimes","floor":13,"turns":3},{"damage":16,"enemies":"Gremlin Nob","floor":14,"turns":4},{"damage":36,"enemies":"Slime Boss","floor":16,"turns":8},{"damage":4,"enemies":"Chosen","floor":18,"turns":5},{"damage":24,"enemies":"Shell Parasite","floor":22,"turns":4},{"damage":52,"enemies":"Gremlin Leader","floor":24,"turns":3}],"seed_played":"-193369242814700766","potions_obtained":[{"floor":1,"key":"Ancient Potion"},{"floor":10,"key":"Poison Potion"},{"floor":13,"key":"Poison Potion"},{"floor":16,"key":"Fire Potion"}],"is_trial":false,"path_per_floor":["M","?","?","M","$","E","M","?","T","M","R","E","M","E","R","B",null,"M","?","?","?","M","R","E"],"character_chosen":"THE_SILENT","items_purchased":["Reflex","Girya","Juzu Bracelet","Membership Card","ColorlessPotion"],"campfire_rested":1,"item_purchase_floors":[5,5,5,5,5],"current_hp_per_floor":[70,70,70,70,70,70,67,72,72,70,70,43,38,22,44,8,75,71,58,58,56,40,40,0,0],"gold":269,"neow_bonus":"THREE_ENEMY_KILL","is_daily":false,"chose_seed":false,"campfire_upgraded":0,"win_rate":0.0,"timestamp":1607757829,"path_taken":["M","?","?","?","$","E","M","?","T","M","R","E","M","E","R","BOSS","M","?","?","?","M","R","E"],"items_purchased_type":["Card","Relic","Relic","Relic","Potion"],"build_version":"2020-11-30","purchased_purges":0,"victory":false,"max_hp_per_floor":[70,70,70,70,70,70,70,75,75,75,75,75,75,75,75,75,75,75,80,80,56,56,56,56,56],"card_choices":[{"not_picked":["Dodge and Roll","Predator"],"picked":"Quick Slash","floor":1},{"not_picked":["Dash","PiercingWail"],"picked":"Infinite Blades","floor":4},{"not_picked":["Escape Plan","Blur"],"picked":"Leg Sweep","floor":6},{"not_picked":["Underhanded Strike","Endless Agony"],"picked":"Infinite Blades","floor":7},{"not_picked":["Flechettes","Dodge and Roll"],"picked":"Bouncing Flask","floor":10},{"not_picked":["Bane","Poisoned Stab"],"picked":"Dagger Spray","floor":12},{"not_picked":["Outmaneuver","Skewer","Choke"],"picked":"SKIP","floor":13},{"not_picked":["Well Laid Plans","Reflex"],"picked":"Noxious Fumes","floor":14},{"not_picked":["Corpse Explosion","Storm of Steel"],"picked":"Venomology","floor":16},{"not_picked":["Dagger Spray","Terror+1"],"picked":"Bane","floor":18},{"not_picked":["Well Laid Plans","Eviscerate","Outmaneuver"],"picked":"SKIP","floor":22}],"player_experience":104418,"relics_obtained":[{"floor":6,"key":"TungstenRod"},{"floor":9,"key":"Matryoshka"},{"floor":12,"key":"Bronze Scales"},{"floor":14,"key":"Nunchaku"}],"event_choices":[{"damage_healed":0,"gold_gain":0,"cards_transformed":["Strike_G"],"player_choice":"Change","damage_taken":0,"max_hp_gain":0,"max_hp_loss":0,"event_name":"Living Wall","floor":2,"gold_loss":0,"cards_obtained":["Envenom"]},{"damage_healed":0,"gold_gain":0,"player_choice":"Forge","damage_taken":0,"max_hp_gain":0,"max_hp_loss":0,"event_name":"Accursed Blacksmith","floor":3,"gold_loss":0,"cards_upgraded":["Envenom"]},{"damage_healed":0,"gold_gain":0,"player_choice":"Donut","damage_taken":0,"max_hp_gain":5,"max_hp_loss":0,"event_name":"Big Fish","floor":8,"gold_loss":0},{"damage_healed":0,"gold_gain":0,"player_choice":"Shed Blood","damage_taken":19,"max_hp_gain":5,"max_hp_loss":0,"event_name":"Forgotten Altar","floor":19,"gold_loss":0},{"damage_healed":0,"gold_gain":0,"player_choice":"Upgraded","damage_taken":0,"max_hp_gain":0,"max_hp_loss":0,"event_name":"Upgrade Shrine","floor":20,"gold_loss":0,"cards_upgraded":["Venomology"]},{"damage_healed":0,"gold_gain":0,"player_choice":"Became a vampire","damage_taken":0,"max_hp_gain":0,"max_hp_loss":24,"event_name":"Vampires","floor":21,"gold_loss":0,"cards_obtained":["Bite","Bite","Bite","Bite","Bite"]}],"is_beta":false,"boss_relics":[{"not_picked":["Snecko Eye","Ring of the Serpent"],"picked":"Philosopher\u0027s Stone"}],"items_purged_floors":[],"is_endless":false,"potions_floor_spawned":[1,10,13,16],"killed_by":"Gremlin Leader","ascension_level":3}}