{"host":"3rixevx6n8b56xaj","time":1607789195,"event":{"mods":["2.2 Compatiblity","AchievementEnabler","BaseMod","Better Third Choice","Colored Map","DeckTracker","Friendly Minions","Minty Spire (QoL Compilation)","StSLib","SuperFastMode"],"gold_per_floor":[114,114,131,104,104,129,129,129,129,146,162,12,26,42,42,141,141,158,176,176,210,4,4,16,43,43,43,59,86,105,116,116,213,213,223,45,64,64,83,113,113,123,170,182,194,240,262,301,313,325,337,349,57,84,84],"floor_reached":56,"playtime":2182,"items_purged":["Defend_G"],"score":1429,"play_id":"63ce3d79-1559-43ad-92ed-5ad626442748","local_time":"20201213010635","is_ascension_mode":false,"campfire_choices":[{"data":"Choke","floor":7,"key":"SMITH"},{"floor":15,"key":"RECALL"},{"floor":23,"key":"REST"},{"data":"Dagger Throw","floor":27,"key":"SMITH"},{"floor":32,"key":"REST"},{"floor":41,"key":"REST"},{"floor":44,"key":"REST"},{"floor":49,"key":"REST"},{"data":"After Image","floor":52,"key":"SMITH"}],"circlet_count":0,"master_deck":["Strike_G","Strike_G","Defend_G+1","Defend_G","Defend_G","Defend_G+1","Survivor","Neutralize","Underhanded Strike","Dagger Throw+1","Choke+1","Catalyst+1","Blade Dance+1","Apotheosis+1","Dagger Spray","After Image+1","Crippling Poison+1","Backflip+1","Reflex+1","Corpse Explosion+1","Escape Plan+1","Flechettes+1","PiercingWail+1","Bullet Time+1","Crippling Poison+1","Acrobatics+1","Bouncing Flask+1","Deadly Poison+1","Blur+1","Calculated Gamble+1","Prepared+1","Prepared+1","Concentrate+1","Tactician+1"],"relics":["Ring of the Snake","NeowsBlessing","betterThird:SlimedRelic","Blue Candle","The Courier","Toxic Egg 2","HoveringKite","Red Mask","Kunai","Matryoshka","Molten Egg 2","Snake Skull","Ancient Tea Set","Runic Pyramid","StoneCalendar","MawBank","Incense Burner","Ornamental Fan","TungstenRod","FossilizedHelix"],"acts_visited":["Exordium","TheCity","TheBeyond","TheEnding"],"potions_floor_usage":[16,16,21,24,25,29,55],"damage_taken":[{"damage":0,"enemies":"2 Louse","floor":1,"turns":1},{"damage":0,"enemies":"Jaw Worm","floor":3,"turns":1},{"damage":0,"enemies":"Lagavulin","floor":6,"turns":2},{"damage":0,"enemies":"Cultist","floor":10,"turns":3},{"damage":10,"enemies":"Looter","floor":11,"turns":3},{"damage":0,"enemies":"Large Slime","floor":13,"turns":2},{"damage":0,"enemies":"3 Louse","floor":14,"turns":3},{"damage":0,"enemies":"Slime Boss","floor":16,"turns":3},{"damage":9,"enemies":"Chosen","floor":18,"turns":7},{"damage":4,"enemies":"Shell Parasite","floor":19,"turns":5},{"damage":10,"enemies":"Masked Bandits","floor":21,"turns":3},{"damage":5,"enemies":"3 Cultists","floor":24,"turns":5},{"damage":18,"enemies":"Gremlin Leader","floor":25,"turns":3},{"damage":10,"enemies":"Centurion and Healer","floor":28,"turns":5},{"damage":14,"enemies":"Slavers","floor":29,"turns":4},{"damage":0,"enemies":"Snecko","floor":30,"turns":6},{"damage":0,"enemies":"Snake Plant","floor":31,"turns":4},{"damage":51,"enemies":"Automaton","floor":33,"turns":12},{"damage":8,"enemies":"3 Shapes","floor":35,"turns":3},{"damage":11,"enemies":"Orb Walker","floor":37,"turns":3},{"damage":12,"enemies":"Jaw Worm Horde","floor":39,"turns":2},{"damage":14,"enemies":"Giant Head","floor":40,"turns":6},{"damage":0,"enemies":"3 Darklings","floor":42,"turns":1},{"damage":0,"enemies":"Reptomancer","floor":46,"turns":4},{"damage":5,"enemies":"Sphere and 2 Shapes","floor":47,"turns":4},{"damage":0,"enemies":"Nemesis","floor":48,"turns":5},{"damage":7,"enemies":"Awakened One","floor":50,"turns":11},{"damage":0,"enemies":"Shield and Spear","floor":54,"turns":3},{"damage":29,"enemies":"The Heart","floor":55,"turns":8}],"seed_played":"6065572803080350147","potions_obtained":[{"floor":1,"key":"CunningPotion"},{"floor":11,"key":"DuplicationPotion"},{"floor":14,"key":"Explosive Potion"},{"floor":16,"key":"DuplicationPotion"},{"floor":18,"key":"SkillPotion"},{"floor":28,"key":"Regen Potion"},{"floor":29,"key":"Swift Potion"},{"floor":31,"key":"Regen Potion"},{"floor":33,"key":"Swift Potion"},{"floor":48,"key":"EntropicBrew"}],"is_trial":false,"path_per_floor":["M","?","M","?","?","E","R","T","T","M","M","$","M","M","R","B",null,"M","M","?","?","$","R","M","E","T","R","M","E","M","M","R","B",null,"M","$","M","?","M","E","R","M","T","R","?","E","M","E","R","B",null,"R","$","E","B",null],"character_chosen":"THE_SILENT","items_purchased":["Apotheosis+1","Kunai","Acrobatics+1","Bouncing Flask+1","Deadly Poison+1","TungstenRod","Tactician+1"],"campfire_rested":5,"item_purchase_floors":[12,22,36,36,36,53,53],"current_hp_per_floor":[70,75,75,64,49,49,49,49,49,49,39,39,39,39,39,39,75,66,62,62,52,52,74,69,51,51,51,41,39,39,39,61,10,75,67,67,56,56,44,30,52,52,52,74,74,74,69,69,75,68,75,75,75,75,58],"gold":84,"neow_bonus":"THREE_ENEMY_KILL","is_daily":false,"chose_seed":false,"campfire_upgraded":3,"win_rate":0.0,"timestamp":1607789195,"path_taken":["M","?","M","?","?","E","R","?","T","?","M","$","M","M","R","BOSS","M","M","?","?","$","R","M","E","T","R","M","E","M","M","R","BOSS","M","$","M","?","M","E","R","?","T","R","?","E","M","E","R","BOSS","R","$","E","BOSS"],"items_purchased_type":["Card","Relic","Card","Card","Card","Relic","Card"],"build_version":"2020-11-30","purchased_purges":1,"victory":true,"max_hp_per_floor":[70,75,75,75,75,75,75,75,75,75,75,75,75,75,75,75,75,75,75,75,75,75,75,75,75,75,75,75,75,75,75,75,75,75,75,75,75,75,75,75,75,75,75,75,75,75,75,75,75,75,75,75,75,75,75],"card_choices":[{"not_picked":["Deadly Poison","Deflect"],"picked":"Underhanded Strike","floor":1},{"not_picked":["Sucker Punch","Quick Slash"],"picked":"Dagger Throw","floor":3},{"not_picked":["All Out Attack","Tools of the Trade"],"picked":"Choke","floor":6},{"not_picked":["Caltrops","Dash"],"picked":"Catalyst+1","floor":10},{"not_picked":["Dodge and Roll+1","Sucker Punch"],"picked":"Blade Dance+1","floor":11},{"not_picked":["Concentrate+1","Deflect+1","Endless Agony"],"picked":"SKIP","floor":13},{"not_picked":["Predator","PiercingWail+1"],"picked":"Dagger Spray","floor":14},{"not_picked":["Malaise+1","Tools of the Trade"],"picked":"After Image","floor":16},{"not_picked":["Cloak And Dagger+1","Bane"],"picked":"Crippling Poison+1","floor":18},{"not_picked":["Bane","Endless Agony"],"picked":"Backflip+1","floor":19},{"not_picked":["Cloak And Dagger+1","Expertise+1"],"picked":"Reflex+1","floor":24},{"not_picked":["Flying Knee","Cloak And Dagger+1"],"picked":"Corpse Explosion+1","floor":25},{"not_picked":["Slice+1","Dodge and Roll+1"],"picked":"Escape Plan+1","floor":28},{"not_picked":["Backflip+1","Terror+1"],"picked":"Flechettes+1","floor":29},{"not_picked":["Predator+1","Sucker Punch+1","Backflip+1"],"picked":"SKIP","floor":30},{"not_picked":["Dodge and Roll+1","Flying Knee+1"],"picked":"PiercingWail+1","floor":31},{"not_picked":["After Image","Phantasmal Killer+1"],"picked":"Bullet Time+1","floor":33},{"not_picked":["Well Laid Plans+1","Slice+1"],"picked":"Crippling Poison+1","floor":35},{"not_picked":["Backflip+1","Crippling Poison+1","Riddle With Holes+1"],"picked":"SKIP","floor":37},{"not_picked":["Dagger Spray+1","Quick Slash+1"],"picked":"Blur+1","floor":39},{"not_picked":["Dagger Throw+1","Sucker Punch+1","Bane+1"],"picked":"SKIP","floor":40},{"not_picked":["Bouncing Flask+1","Backflip+1"],"picked":"Calculated Gamble+1","floor":42},{"not_picked":["Blade Dance+1","Backflip+1"],"picked":"Prepared+1","floor":46},{"not_picked":["PiercingWail+1","Outmaneuver+1"],"picked":"Prepared+1","floor":47},{"not_picked":["Underhanded Strike+1","Prepared+1"],"picked":"Concentrate+1","floor":48},{"not_picked":["Slice+1","Backflip+1","Infinite Blades+1"],"picked":"SKIP","floor":54}],"player_experience":508230,"relics_obtained":[{"floor":6,"key":"Blue Candle"},{"floor":8,"key":"The Courier"},{"floor":9,"key":"Toxic Egg 2"},{"floor":21,"key":"Red Mask"},{"floor":25,"key":"Matryoshka"},{"floor":26,"key":"Molten Egg 2"},{"floor":26,"key":"Snake Skull"},{"floor":29,"key":"Ancient Tea Set"},{"floor":40,"key":"StoneCalendar"},{"floor":43,"key":"MawBank"},{"floor":46,"key":"Incense Burner"},{"floor":48,"key":"Ornamental Fan"},{"floor":54,"key":"FossilizedHelix"}],"event_choices":[{"damage_healed":0,"gold_gain":0,"player_choice":"Donut","damage_taken":0,"max_hp_gain":5,"max_hp_loss":0,"event_name":"Big Fish","floor":2,"gold_loss":0},{"damage_healed":0,"gold_gain":0,"player_choice":"Slimed","damage_taken":11,"max_hp_gain":0,"max_hp_loss":0,"event_name":"betterThird:BetterGoop","floor":4,"gold_loss":27},{"damage_healed":64,"gold_gain":0,"player_choice":"Upgrade","damage_taken":15,"max_hp_gain":0,"max_hp_loss":75,"event_name":"betterThird:BetterShining","floor":5,"gold_loss":0,"cards_upgraded":["Defend_G","Defend_G"]},{"cards_removed":["Strike_G"],"damage_healed":0,"gold_gain":0,"player_choice":"Elegance","damage_taken":0,"max_hp_gain":0,"max_hp_loss":0,"event_name":"betterThird:BetterWriting","floor":20,"gold_loss":0},{"damage_healed":0,"gold_gain":0,"player_choice":"Fought Bandits","damage_taken":0,"max_hp_gain":0,"max_hp_loss":0,"event_name":"Masked Bandits","floor":21,"gold_loss":0},{"cards_removed":["Strike_G"],"damage_healed":0,"gold_gain":0,"player_choice":"Card Removal","damage_taken":0,"max_hp_gain":0,"max_hp_loss":0,"event_name":"Wheel of Change","floor":38,"gold_loss":0},{"cards_removed":["Strike_G"],"damage_healed":0,"gold_gain":0,"player_choice":"Removed Attack","damage_taken":0,"max_hp_gain":0,"max_hp_loss":0,"event_name":"Falling","floor":45,"gold_loss":0}],"is_beta":false,"boss_relics":[{"not_picked":["Coffee Dripper","SlaversCollar"],"picked":"HoveringKite"},{"not_picked":["SacredBark","Velvet Choker"],"picked":"Runic Pyramid"}],"items_purged_floors":[36],"is_endless":false,"potions_floor_spawned":[1,11,14,16,18,28,29,31,33,37,46,47,48],"ascension_level":0}}