{"host":"z9grmtg2w0nmz8n1","time":1607750840,"event":{"mods":["Aspiration","BaseMod","Better Third Choice","BetterRewards","CCEM","Colored Map","GifTheSpireLib","Highlight Path","Hubris","Infinite Spire","Jedi Mod","Jorbs\u0027s Wanderer Trilogy","Minty Spire (QoL Compilation)","Permanent Neow","Replay The Spire","Spicy Shops","StSLib","Stuff the Spire","The Bug Knight"],"gold_per_floor":[111,64,64,76,96,123,123,123,146,180,200,200,200,200,217,249,249,249,249],"floor_reached":18,"playtime":823,"items_purged":[],"score":155,"play_id":"1442349c-9912-4246-a998-8dec169599da","local_time":"20201212032720","is_ascension_mode":false,"campfire_choices":[{"floor":12,"key":"RECALL"},{"data":"Flex","floor":17,"key":"SMITH"}],"circlet_count":0,"master_deck":["Strike_R","Strike_R","Strike_R","Strike_R","Strike_R","Defend_R","Defend_R","Defend_R","Defend_R","Bash","Flex+1","Sword Boomerang+1","Twin Strike","StuffTheSpire:Incineration","Adrenaline","Injury"],"relics":["Burning Blood","aspiration:Nostalgia","Replay:M_StaffOfTheSnake","hubris:SlimyHat","Molten Egg 2","Mirror","infinitespire:CheckeredPen"],"acts_visited":["Exordium"],"potions_floor_usage":[10,16,18],"damage_taken":[{"damage":1,"enemies":"Jaw Worm","floor":1,"turns":4},{"damage":1,"enemies":"Cultist","floor":4,"turns":3},{"damage":1,"enemies":"2 Louse","floor":5,"turns":2},{"damage":18,"enemies":"Gremlin Nob","floor":6,"turns":3},{"damage":22,"enemies":"3 Sentries","floor":10,"turns":7},{"damage":1,"enemies":"Large Slime","floor":11,"turns":4},{"damage":9,"enemies":"3 Louse","floor":15,"turns":3},{"damage":0,"enemies":"Gremlin Nob","floor":16,"turns":2},{"damage":87,"enemies":"Fading Forest","floor":18,"turns":10}],"seed_played":"-3561627959675038417","potions_obtained":[{"floor":6,"key":"BlessingOfTheForge"},{"floor":10,"key":"Toxic Potion"},{"floor":16,"key":"Fire Potion"}],"is_trial":false,"path_per_floor":["M","$","?","M","M","E","?","?","T","E","M","R","PTL","PTL","M","E","R","B"],"character_chosen":"IRONCLAD","items_purchased":["Sword Boomerang"],"campfire_rested":0,"item_purchase_floors":[2],"current_hp_per_floor":[80,80,80,80,80,68,49,49,49,33,38,38,38,38,35,41,41,0,0],"gold":249,"neow_bonus":"NOSTALGIA","is_daily":false,"chose_seed":false,"campfire_upgraded":1,"win_rate":0.0,"timestamp":1607750840,"path_taken":["M","$","?","?","M","E","?","?","T","E","M","R","PTL","PTL","M","E","R","BOSS"],"items_purchased_type":["Card"],"build_version":"2020-11-30","purchased_purges":0,"victory":false,"max_hp_per_floor":[80,80,80,80,80,80,80,80,80,80,80,80,80,80,80,80,80,80,80],"card_choices":[{"not_picked":["jedi:controlledanger","Replay:Undeath\u0027s Touch"],"picked":"Flex","floor":1},{"not_picked":["True Grit","Hemokinesis"],"picked":"Twin Strike","floor":4},{"not_picked":["Entrench","JustLucky"],"picked":"StuffTheSpire:Incineration","floor":5},{"not_picked":["Uppercut","Dagger Throw"],"picked":"Adrenaline","floor":6},{"not_picked":["Shrug It Off","ThirdEye","Crescendo"],"picked":"SKIP","floor":10},{"not_picked":["True Grit","Replay:Undeath\u0027s Touch+1","JustLucky+1"],"picked":"SKIP","floor":11},{"not_picked":["Dagger Throw+1","hubris:ReadiedAction","Evolve"],"picked":"SKIP","floor":15},{"not_picked":["Double Tap","Replay:Undeath\u0027s Touch+1","Sanctity"],"picked":"SKIP","floor":16}],"player_experience":534962,"relics_obtained":[{"floor":6,"key":"hubris:SlimyHat"},{"floor":10,"key":"Mirror"},{"floor":16,"key":"infinitespire:CheckeredPen"}],"event_choices":[{"damage_healed":0,"gold_gain":0,"player_choice":"Upgraded","damage_taken":0,"max_hp_gain":0,"max_hp_loss":0,"event_name":"Upgrade Shrine","floor":3,"gold_loss":0,"cards_upgraded":["Sword Boomerang"]}],"is_beta":false,"boss_relics":[],"items_purged_floors":[],"is_endless":false,"potions_floor_spawned":[6,10,16],"killed_by":"Fading Forest","ascension_level":0}}