{"host":"7l2t4psy44vpcd9q","time":1607770082,"event":{"mods":["AchievementEnabler","BaseMod","DeckTracker","Minty Spire (QoL Compilation)","SuperFastMode"],"gold_per_floor":[13,23,23,41,18,18,34,34,34,60,60,90,117,129,129,205,205,217,217,229,110,110,110,110,110,110],"floor_reached":25,"playtime":1158,"items_purged":["Defend_B"],"score":401,"play_id":"36b5aee3-b56b-4712-a570-2c0d7fb378be","local_time":"20201212194802","is_ascension_mode":true,"campfire_choices":[{"data":"Zap","floor":6.0,"key":"SMITH"},{"data":"Beam Cell","floor":8.0,"key":"SMITH"},{"floor":11.0,"key":"REST"},{"data":"Chaos","floor":15.0,"key":"SMITH"},{"data":"Dualcast","floor":23.0,"key":"SMITH"}],"circlet_count":0,"master_deck":["AscendersBane","Strike_B","Strike_B","Strike_B","Defend_B","Defend_B","Defend_B","Zap+1","Dualcast+1","Ball Lightning","Cold Snap","Auto Shields","Coolheaded","Conserve Battery","Beam Cell+1","Chaos+1","Streamline+1","Multi-Cast","Capacitor","Barrage+1","BootSequence","Decay"],"relics":["Cracked Core","StrikeDummy","Molten Egg 2","Pantograph","Odd Mushroom","SacredBark"],"acts_visited":["Exordium","TheCity"],"potions_floor_usage":[25],"damage_taken":[{"damage":4.0,"enemies":"Jaw Worm","floor":1.0,"turns":4.0},{"damage":3.0,"enemies":"2 Louse","floor":2.0,"turns":3.0},{"damage":9.0,"enemies":"Small Slimes","floor":4.0,"turns":3.0},{"damage":10.0,"enemies":"Exordium Thugs","floor":5.0,"turns":4.0},{"damage":5.0,"enemies":"Large Slime","floor":7.0,"turns":6.0},{"damage":9.0,"enemies":"3 Sentries","floor":10.0,"turns":9.0},{"damage":26.0,"enemies":"Gremlin Nob","floor":12.0,"turns":4.0},{"damage":29.0,"enemies":"The Mushroom Lair","floor":13.0,"turns":4.0},{"damage":2.0,"enemies":"3 Louse","floor":14.0,"turns":3.0},{"damage":9.0,"enemies":"Hexaghost","floor":16.0,"turns":9.0},{"damage":0.0,"enemies":"Spheric Guardian","floor":18.0,"turns":3.0},{"damage":11.0,"enemies":"2 Thieves","floor":20.0,"turns":4.0},{"damage":70,"enemies":"Gremlin Leader","floor":25,"turns":6}],"seed_played":"4255382669497743527","potions_obtained":[{"floor":4.0,"key":"DuplicationPotion"},{"floor":5.0,"key":"AttackPotion"},{"floor":7.0,"key":"Strength Potion"},{"floor":13.0,"key":"Regen Potion"},{"floor":16.0,"key":"SpeedPotion"},{"floor":18.0,"key":"PotionOfCapacity"}],"is_trial":false,"path_per_floor":["M","M","?","M","M","R","M","R","T","E","R","E","?","M","R","B",null,"M","?","M","$","?","R","?","E"],"character_chosen":"DEFECT","items_purchased":["BootSequence"],"campfire_rested":1,"item_purchase_floors":[21],"current_hp_per_floor":[74,71,71,62,52,52,47,47,47,38,63,37,8,15,15,31,72,72,72,61,61,61,61,61,0,0],"gold":110,"neow_bonus":"TWENTY_PERCENT_HP_BONUS","is_daily":false,"chose_seed":false,"campfire_upgraded":4,"win_rate":0.0,"timestamp":1607770082,"path_taken":["M","M","?","M","M","R","M","R","T","E","R","E","?","M","R","BOSS","M","?","M","$","?","R","?","E"],"items_purchased_type":["Card"],"build_version":"2020-11-30","purchased_purges":1,"victory":false,"max_hp_per_floor":[85,85,85,85,85,85,85,85,85,85,85,85,85,85,85,85,85,85,85,85,85,85,85,85,85,85],"card_choices":[{"not_picked":["Barrage","Self Repair"],"picked":"Ball Lightning","floor":1.0},{"not_picked":["Barrage","Hologram"],"picked":"Cold Snap","floor":2.0},{"not_picked":["Turbo","Steam"],"picked":"Coolheaded","floor":4.0},{"not_picked":["Reinforced Body","Scrape"],"picked":"Conserve Battery","floor":5.0},{"not_picked":["Sweeping Beam","Go for the Eyes"],"picked":"Beam Cell","floor":7.0},{"not_picked":["FTL+1","Undo"],"picked":"Chaos","floor":10.0},{"not_picked":["Turbo","Double Energy"],"picked":"Streamline+1","floor":12.0},{"not_picked":["Beam Cell+1","Cold Snap+1","Sweeping Beam+1"],"picked":"SKIP","floor":14.0},{"not_picked":["Meteor Strike+1","Reboot"],"picked":"Multi-Cast","floor":16.0},{"not_picked":["Scrape+1","Leap"],"picked":"Capacitor","floor":18.0},{"not_picked":["Storm","Rebound+1"],"picked":"Barrage+1","floor":20.0}],"player_experience":1084123,"relics_obtained":[{"floor":9.0,"key":"StrikeDummy"},{"floor":10.0,"key":"Molten Egg 2"},{"floor":12.0,"key":"Pantograph"},{"floor":13.0,"key":"Odd Mushroom"}],"event_choices":[{"damage_healed":0.0,"max_hp_gain":0.0,"max_hp_loss":0.0,"gold_gain":0.0,"cards_transformed":["Strike_B"],"event_name":"Living Wall","player_choice":"Change","floor":3.0,"gold_loss":0.0,"damage_taken":0.0,"cards_obtained":["Auto Shields"]},{"damage_healed":0.0,"max_hp_gain":0.0,"max_hp_loss":0.0,"gold_gain":0.0,"event_name":"Mushrooms","player_choice":"Fought Mushrooms","floor":13.0,"gold_loss":0.0,"damage_taken":0.0},{"damage_healed":0.0,"max_hp_gain":0.0,"max_hp_loss":0.0,"gold_gain":0.0,"event_name":"Vampires","player_choice":"Ignored","floor":19.0,"gold_loss":0.0,"damage_taken":0.0},{"damage_healed":0.0,"max_hp_gain":0.0,"max_hp_loss":0.0,"gold_gain":0.0,"event_name":"Forgotten Altar","player_choice":"Smashed Altar","floor":22.0,"gold_loss":0.0,"damage_taken":0.0,"cards_obtained":["Decay"]},{"damage_healed":0.0,"max_hp_gain":0.0,"max_hp_loss":0.0,"gold_gain":0.0,"event_name":"Ghosts","player_choice":"Ignored","floor":24.0,"gold_loss":0.0,"damage_taken":0.0}],"is_beta":false,"boss_relics":[{"not_picked":["Tiny House","Runic Dome"],"picked":"SacredBark"}],"items_purged_floors":[21],"is_endless":false,"potions_floor_spawned":[4,5,7,13,16,18],"killed_by":"Gremlin Leader","ascension_level":18}}