{"host":"3omna1v4kuj0u9pv","time":1607738857,"event":{"mods":["AchievementEnabler","Act Like it!","Aspiration","BaseMod","Better Altar","Better Match","Better Note","Better Sensory Stone","Better Skull","Better Third Choice","Better Vampires","BetterRewards","CCEM","CapriCore","Conspire","Curses Come First","Displayed Cursed Tome","Downfall","Halation","Hallownest","Hubris","Infinite Spire","Minty Spire (QoL Compilation)","Permanent Neow","Rare Cards Sparkle","Replay The Spire","Shop Mod","Spicy Shops","StSLib","The Animator","The Bug Knight","Transform Curses"],"gold_per_floor":[117,132,149,165,181,181,131,131,131,131,131],"floor_reached":10,"playtime":682,"items_purged":[],"score":60,"play_id":"3ad6b98c-f9c3-4c5a-a39b-d738ed02f7b8","local_time":"20201212120737","is_ascension_mode":false,"campfire_choices":[{"floor":6,"key":"REST"},{"floor":8,"key":"REST"}],"circlet_count":0,"master_deck":["Strike_G","Strike_G","Strike_G","Strike_G","Strike_G","Defend_G","Defend_G","Defend_G","Defend_G","Defend_G","Survivor","Neutralize","Doppelganger","Poisoned Stab","Acrobatics","Cloak And Dagger","Flying Knee","Cloak And Dagger"],"relics":["Ring of the Snake","betterThird:SlimedRelic"],"acts_visited":["Exordium"],"potions_floor_usage":[],"damage_taken":[{"damage":2,"enemies":"Cultist","floor":1,"turns":5},{"damage":3,"enemies":"Small Slimes","floor":2,"turns":4},{"damage":1,"enemies":"2 Louse","floor":3,"turns":3},{"damage":25,"enemies":"Large Slime","floor":4,"turns":9},{"damage":23,"enemies":"Lots of Slimes","floor":5,"turns":5},{"damage":55,"enemies":"Lagavulin","floor":10,"turns":6}],"seed_played":"6071586848414874685","potions_obtained":[{"floor":3,"key":"SpeedPotion"}],"is_trial":false,"path_per_floor":["M","M","M","M","M","R","?","R","T","E"],"character_chosen":"THE_SILENT","items_purchased":[],"campfire_rested":2,"item_purchase_floors":[],"current_hp_per_floor":[68,65,64,39,16,37,26,47,47,0,0],"gold":131,"neow_bonus":"ONE_RANDOM_RARE_CARD","is_daily":false,"chose_seed":false,"campfire_upgraded":0,"win_rate":0.0,"timestamp":1607738857,"path_taken":["M","?","M","M","?","R","?","R","T","E"],"items_purchased_type":[],"build_version":"2020-11-30","purchased_purges":0,"victory":false,"max_hp_per_floor":[70,70,70,70,70,70,70,70,70,70,70],"card_choices":[{"not_picked":["PiercingWail","Prepared"],"picked":"Poisoned Stab","floor":1},{"not_picked":["Bane","hubris:SlightOfHand"],"picked":"Acrobatics","floor":2},{"not_picked":["Bane","Dagger Throw"],"picked":"Cloak And Dagger","floor":3},{"not_picked":["Atom Bomb","Acrobatics"],"picked":"Flying Knee","floor":4},{"not_picked":["Sneak Up","Dagger Spray"],"picked":"Cloak And Dagger","floor":5}],"player_experience":136188,"relics_obtained":[],"event_choices":[{"damage_healed":0,"gold_gain":0,"player_choice":"Slimed","damage_taken":11,"max_hp_gain":0,"max_hp_loss":0,"event_name":"betterThird:BetterGoop","floor":7,"gold_loss":50}],"is_beta":false,"boss_relics":[],"items_purged_floors":[],"is_endless":false,"potions_floor_spawned":[3],"killed_by":"Lagavulin","ascension_level":0}}