{"host":"pwhq7648p2dwl3jg","time":1607767487,"event":{"mods":["AchievementEnabler","BaseMod","Colored Map","Minty Spire (QoL Compilation)","Rare Cards Sparkle","SuperFastMode"],"gold_per_floor":[119,130,91,101,51,84,84,99,180,180,206,226,226,237,237,339,339,353,377,349,196,208,208,228,228,281,130,165,177,177,177,177,282,282,301,320,170,170,182,182,195,212,282,292,309,309,68,78,78,78],"floor_reached":51,"playtime":1934,"items_purged":["Strike_B","Zap","Capacitor"],"score":780,"play_id":"85ac1c81-7a60-49ee-836c-56532145a568","local_time":"20201212190447","is_ascension_mode":true,"campfire_choices":[{"data":"Glacier","floor":7,"key":"SMITH"},{"floor":10,"key":"REST"},{"floor":15,"key":"REST"},{"data":"Dualcast","floor":23,"key":"SMITH"},{"floor":25,"key":"REST"},{"floor":32,"key":"REST"},{"floor":40,"key":"REST"},{"floor":49,"key":"REST"}],"circlet_count":0,"master_deck":["Strike_B+1","Strike_B+1","Defend_B+1","Defend_B+1","Defend_B+1","Defend_B+1","Dualcast+1","Cold Snap","Glacier+1","Capacitor","Chill","Double Energy","Cold Snap","Core Surge","FTL","Capacitor","Redo+1","Chill","Barrage+1","Buffer","Defragment+1","Barrage","Cold Snap+1","Writhe","Hologram"],"relics":["Cracked Core","StoneCalendar","Kunai","Whetstone","Runic Pyramid","MealTicket","Blood Vial","Oddly Smooth Stone","Pen Nib","SlaversCollar","The Courier"],"acts_visited":["TheCity","TheBeyond"],"potions_floor_usage":[16,16,28,29,29,38,48,50,50],"damage_taken":[{"damage":1,"enemies":"Cultist","floor":1,"turns":3},{"damage":2,"enemies":"Jaw Worm","floor":2,"turns":3},{"damage":1,"enemies":"2 Louse","floor":4,"turns":2},{"damage":20,"enemies":"3 Sentries","floor":6,"turns":13},{"damage":1,"enemies":"Lots of Slimes","floor":8,"turns":7},{"damage":7,"enemies":"Lagavulin","floor":11,"turns":7},{"damage":16,"enemies":"Looter","floor":12,"turns":3},{"damage":5,"enemies":"2 Fungi Beasts","floor":14,"turns":4},{"damage":26,"enemies":"Hexaghost","floor":16,"turns":9},{"damage":0,"enemies":"Chosen","floor":18,"turns":6},{"damage":23,"enemies":"2 Thieves","floor":20,"turns":5},{"damage":2,"enemies":"Snecko","floor":22,"turns":7},{"damage":9,"enemies":"Cultist and Chosen","floor":24,"turns":7},{"damage":33,"enemies":"Slavers","floor":28,"turns":7},{"damage":24,"enemies":"3 Cultists","floor":29,"turns":6},{"damage":10,"enemies":"Collector","floor":33,"turns":9},{"damage":15,"enemies":"Orb Walker","floor":35,"turns":5},{"damage":8,"enemies":"3 Darklings","floor":36,"turns":7},{"damage":0,"enemies":"Spire Growth","floor":38,"turns":1},{"damage":22,"enemies":"Transient","floor":39,"turns":5},{"damage":0,"enemies":"3 Darklings","floor":41,"turns":7},{"damage":0,"enemies":"Maw","floor":42,"turns":8},{"damage":48,"enemies":"Sphere and 2 Shapes","floor":44,"turns":7},{"damage":11,"enemies":"Spire Growth","floor":45,"turns":7},{"damage":22,"enemies":"Jaw Worm Horde","floor":48,"turns":7},{"damage":32,"enemies":"Time Eater","floor":50,"turns":10}],"seed_played":"8984394005811518452","potions_obtained":[{"floor":1,"key":"SteroidPotion"},{"floor":8,"key":"LiquidBronze"},{"floor":11,"key":"Swift Potion"},{"floor":13,"key":"SkillPotion"},{"floor":13,"key":"Block Potion"},{"floor":13,"key":"Fire Potion"},{"floor":16,"key":"FearPotion"},{"floor":22,"key":"EssenceOfSteel"},{"floor":29,"key":"SmokeBomb"},{"floor":41,"key":"Block Potion"},{"floor":44,"key":"Weak Potion"},{"floor":45,"key":"PotionOfCapacity"}],"is_trial":false,"path_per_floor":["M","M","$","M","?","E","R","M","T","R","E","M","?","M","R","B",null,"M","T","M","$","M","R","M","R","T","$","E","M","?","?","R","B",null,"M","M","$","M","M","R","M","M","T","M","M","?","$","M","R","B",null],"character_chosen":"DEFECT","items_purchased":["Capacitor","Capacitor","Oddly Smooth Stone","Barrage","AttackPotion","Hologram","Capacitor"],"campfire_rested":6,"item_purchase_floors":[3,21,27,37,47,47,47],"current_hp_per_floor":[81,79,79,78,78,58,58,57,57,81,74,58,58,53,77,51,82,82,82,59,74,72,72,63,82,82,82,49,27,27,27,51,43,82,67,61,76,78,58,82,82,82,82,34,25,46,61,41,65,35],"gold":78,"neow_bonus":"TEN_PERCENT_HP_BONUS","is_daily":false,"chose_seed":false,"campfire_upgraded":2,"win_rate":0.0,"timestamp":1607767487,"path_taken":["M","M","$","M","?","E","R","M","T","R","E","M","?","M","R","BOSS","M","?","M","$","M","R","M","R","T","$","E","M","?","?","R","BOSS","M","?","$","M","M","R","M","M","T","M","M","?","$","M","R","BOSS"],"items_purchased_type":["Card","Card","Relic","Card","Potion","Card","Card"],"build_version":"2020-11-30","purchased_purges":3,"victory":true,"max_hp_per_floor":[82,82,82,82,82,82,82,82,82,82,82,82,82,82,82,82,82,82,82,82,82,82,82,82,82,82,82,82,82,82,82,82,82,82,82,82,82,82,82,82,82,82,82,82,82,82,82,82,82,82],"card_choices":[{"not_picked":["Steam Power","Leap"],"picked":"Cold Snap","floor":1},{"not_picked":["Cold Snap","Chill"],"picked":"Glacier","floor":2},{"not_picked":["Lockon","Steam","Turbo"],"picked":"SKIP","floor":4},{"not_picked":["Steam","Coolheaded"],"picked":"Chill","floor":6},{"not_picked":["Compile Driver","Barrage","Reinforced Body"],"picked":"SKIP","floor":8},{"not_picked":["Doom and Gloom","Aggregate"],"picked":"Double Energy","floor":11},{"not_picked":["Gash","Barrage"],"picked":"Cold Snap","floor":12},{"not_picked":["Melter","Streamline","Go for the Eyes"],"picked":"SKIP","floor":14},{"not_picked":["All For One","Reboot"],"picked":"Core Surge","floor":16},{"not_picked":["Steam+1","Compile Driver","Fusion"],"picked":"SKIP","floor":18},{"not_picked":["Undo","Stack"],"picked":"FTL","floor":20},{"not_picked":["BootSequence","Sunder","Force Field"],"picked":"SKIP","floor":22},{"not_picked":["Streamline+1","Steam+1"],"picked":"Redo+1","floor":24},{"not_picked":["Aggregate","Turbo+1"],"picked":"Chill","floor":28},{"not_picked":["Redo","Skim"],"picked":"Barrage+1","floor":29},{"not_picked":["Machine Learning","Multi-Cast"],"picked":"Buffer","floor":33},{"not_picked":["Go for the Eyes","Leap+1","Compile Driver+1"],"picked":"SKIP","floor":35},{"not_picked":["Turbo+1","Hologram"],"picked":"Defragment+1","floor":36},{"not_picked":["Ball Lightning+1","Rip and Tear+1"],"picked":"Cold Snap+1","floor":39},{"not_picked":["Steam+1","Sunder+1","Cold Snap+1"],"picked":"SKIP","floor":41},{"not_picked":["Barrage+1","Beam Cell+1","Undo+1"],"picked":"SKIP","floor":42},{"not_picked":["Undo","Stack+1","Skim+1"],"picked":"SKIP","floor":44},{"not_picked":["Buffer","Skim","Sweeping Beam"],"picked":"SKIP","floor":45},{"not_picked":["Rebound+1","Cold Snap","Scrape+1"],"picked":"SKIP","floor":48}],"player_experience":196997,"relics_obtained":[{"floor":6,"key":"StoneCalendar"},{"floor":9,"key":"Kunai"},{"floor":11,"key":"Whetstone"},{"floor":19,"key":"MealTicket"},{"floor":26,"key":"Blood Vial"},{"floor":28,"key":"Pen Nib"},{"floor":43,"key":"The Courier"}],"event_choices":[{"cards_removed":["Strike_B"],"damage_healed":0,"gold_gain":0,"player_choice":"Card Removal","damage_taken":0,"max_hp_gain":0,"max_hp_loss":0,"event_name":"The Cleric","floor":5,"gold_loss":50},{"damage_healed":0,"gold_gain":0,"player_choice":"Got Potions","damage_taken":0,"max_hp_gain":0,"max_hp_loss":0,"event_name":"Lab","floor":13,"gold_loss":0},{"damage_healed":0,"gold_gain":0,"player_choice":"Simplicity","damage_taken":0,"max_hp_gain":0,"max_hp_loss":0,"event_name":"Back to Basics","floor":30,"gold_loss":0,"cards_upgraded":["Defend_B","Defend_B","Defend_B","Defend_B"]},{"damage_healed":0,"gold_gain":0,"player_choice":"0 cards matched","damage_taken":0,"max_hp_gain":0,"max_hp_loss":0,"event_name":"Match and Keep!","floor":31,"gold_loss":0,"cards_obtained":[]},{"damage_healed":21,"gold_gain":0,"player_choice":"Writhe","damage_taken":0,"max_hp_gain":0,"max_hp_loss":0,"event_name":"Winding Halls","floor":46,"gold_loss":0,"cards_obtained":["Writhe"]}],"is_beta":false,"boss_relics":[{"not_picked":["Calling Bell","Ectoplasm"],"picked":"Runic Pyramid"},{"not_picked":["Pandora\u0027s Box","SacredBark"],"picked":"SlaversCollar"}],"items_purged_floors":[21,37,47],"is_endless":false,"potions_floor_spawned":[1,8,11,16,22,24,29,38,41,44,45],"ascension_level":3}}