{"host":"3t6uby4o5waaq95r","time":1607749459,"event":{"mods":["AchievementEnabler","BaseMod","Colored Map","Highlight Path","Minty Spire (QoL Compilation)","Permanent Neow","Quick Restart","Random Character Button","SuperFastMode"],"gold_per_floor":[16,34,50,69,169,169,201,218,265,265,297,297,297,309,309,414,414,428,445,461,471,59,59,76,109,134,233,244,273,302,324,324,432,459,476,500,542,566,616,616,647,26,26,126,157,176,176,191,191,191],"floor_reached":51,"playtime":5479,"items_purged":["Defend_P"],"score":1244,"play_id":"c54ecb63-16fa-4106-8f0e-7c6c9aaf8856","local_time":"20201211230419","is_ascension_mode":true,"campfire_choices":[{"data":"Eruption","floor":6.0,"key":"SMITH"},{"floor":10.0,"key":"REST"},{"data":"Ragnarok","floor":12.0,"key":"SMITH"},{"data":"Vigilance","floor":15.0,"key":"SMITH"},{"data":"Omniscience","floor":23.0,"key":"SMITH"},{"floor":32.0,"key":"REST"},{"floor":40,"key":"REST"},{"data":"Vault","floor":47,"key":"SMITH"},{"floor":49,"key":"REST"}],"circlet_count":0,"master_deck":["AscendersBane","Defend_P","Eruption+1","Vigilance+1","MentalFortress","FearNoEvil","Sanctity","Consecrate","Ragnarok+1","Vengeance+1","DeusExMachina+1","FearNoEvil+1","Omniscience+1","FlurryOfBlows+1","Brilliance+1","JustLucky+1","FlyingSleeves+1","Brilliance+1","FlurryOfBlows+1","FlurryOfBlows+1","EmptyFist+1","Wish","Vault+1","Swivel+1","Nirvana+1","BattleHymn+1","TalkToTheHand+1","FlurryOfBlows+1","Master of Strategy","Tantrum+1"],"relics":["PureWater","Gambling Chip","Singing Bowl","Happy Flower","Molten Egg 2","Empty Cage","War Paint","DollysMirror","Regal Pillow","Bag of Preparation","Red Mask","CeramicFish","Astrolabe","Mango","Vajra","Lee\u0027s Waffle","Lizard Tail","Letter Opener","Bag of Marbles"],"acts_visited":["Exordium","TheCity","TheBeyond"],"potions_floor_usage":[38,50,50],"damage_taken":[{"damage":11.0,"enemies":"Jaw Worm","floor":1.0,"turns":4.0},{"damage":0.0,"enemies":"Cultist","floor":2.0,"turns":2.0},{"damage":6.0,"enemies":"2 Louse","floor":3.0,"turns":3.0},{"damage":0.0,"enemies":"Red Slaver","floor":4.0,"turns":3.0},{"damage":22.0,"enemies":"Lagavulin","floor":7.0,"turns":4.0},{"damage":0.0,"enemies":"2 Fungi Beasts","floor":8.0,"turns":2.0},{"damage":13.0,"enemies":"3 Sentries","floor":11.0,"turns":4.0},{"damage":9.0,"enemies":"3 Louse","floor":14.0,"turns":2.0},{"damage":24.0,"enemies":"The Guardian","floor":16.0,"turns":11.0},{"damage":0.0,"enemies":"3 Byrds","floor":18.0,"turns":2.0},{"damage":0.0,"enemies":"2 Thieves","floor":19.0,"turns":1.0},{"damage":0.0,"enemies":"Centurion and Healer","floor":20.0,"turns":3.0},{"damage":10.0,"enemies":"3 Cultists","floor":21.0,"turns":4.0},{"damage":18.0,"enemies":"Snake Plant","floor":24.0,"turns":3.0},{"damage":0.0,"enemies":"Gremlin Leader","floor":25.0,"turns":2.0},{"damage":0.0,"enemies":"Shelled Parasite and Fungi","floor":28.0,"turns":1.0},{"damage":0.0,"enemies":"Masked Bandits","floor":29.0,"turns":2.0},{"damage":7.0,"enemies":"Slavers","floor":30.0,"turns":2.0},{"damage":0.0,"enemies":"Snecko","floor":31.0,"turns":1.0},{"damage":17.0,"enemies":"Champ","floor":33.0,"turns":5.0},{"damage":10.0,"enemies":"3 Shapes","floor":35.0,"turns":5.0},{"damage":15.0,"enemies":"3 Darklings","floor":36.0,"turns":5.0},{"damage":32,"enemies":"4 Shapes","floor":37,"turns":6},{"damage":0,"enemies":"Transient","floor":38,"turns":6},{"damage":14,"enemies":"Mind Bloom Boss Battle","floor":39,"turns":4},{"damage":46,"enemies":"Nemesis","floor":41,"turns":7},{"damage":29,"enemies":"Giant Head","floor":45,"turns":7},{"damage":1,"enemies":"Jaw Worm Horde","floor":46,"turns":3},{"damage":0,"enemies":"3 Darklings","floor":48,"turns":1},{"damage":18,"enemies":"Donu and Deca","floor":50,"turns":7}],"seed_played":"-8386297540487748974","potions_obtained":[{"floor":1.0,"key":"BlessingOfTheForge"},{"floor":4.0,"key":"Dexterity Potion"},{"floor":7.0,"key":"BottledMiracle"},{"floor":14.0,"key":"Explosive Potion"},{"floor":20.0,"key":"Ancient Potion"},{"floor":24.0,"key":"Weak Potion"},{"floor":28.0,"key":"SkillPotion"},{"floor":29.0,"key":"Fire Potion"},{"floor":30.0,"key":"SteroidPotion"},{"floor":36.0,"key":"Regen Potion"},{"floor":39,"key":"Dexterity Potion"},{"floor":45,"key":"DistilledChaos"}],"is_trial":false,"path_per_floor":["M","M","M","M","?","R","E","M","T","R","E","R","?","M","R","B",null,"M","M","M","M","$","R","M","E","T","?","M","?","E","M","R","B",null,"M","M","M","M","?","R","E","$","T","?","E","M","R","M","R","B",null],"character_chosen":"WATCHER","items_purchased":["War Paint","DollysMirror","FlurryOfBlows+1","Lee\u0027s Waffle","Lizard Tail","Master of Strategy"],"campfire_rested":4,"item_purchase_floors":[22,22,22,42,42,42],"current_hp_per_floor":[54,54,48,48,48,48,26,26,26,47,34,34,34,25,25,1,54,54,54,54,44,44,44,26,26,26,26,28,30,25,25,63,46,70,62,47,17,32,34,78,34,107,107,107,80,79,79,81,111,93],"gold":191,"neow_bonus":"ONE_RARE_RELIC","is_daily":false,"chose_seed":false,"campfire_upgraded":5,"win_rate":0.0,"timestamp":1607749459,"path_taken":["M","M","M","M","?","R","E","?","T","R","E","R","?","?","R","BOSS","M","M","M","M","$","R","M","E","T","?","M","?","E","M","R","BOSS","M","M","M","M","?","R","E","$","T","?","E","M","R","M","R","BOSS"],"items_purchased_type":["Relic","Relic","Card","Relic","Relic","Card"],"build_version":"2020-11-30","purchased_purges":1,"victory":true,"max_hp_per_floor":[72,72,72,72,72,72,72,72,72,72,72,72,72,72,72,72,72,72,72,72,72,72,72,72,72,72,72,74,76,78,78,78,78,78,80,80,82,82,98,98,100,107,107,107,109,109,109,111,111,111],"card_choices":[{"not_picked":["Evaluate","CrushJoints"],"picked":"MentalFortress","floor":1.0},{"not_picked":["WheelKick","Wireheading"],"picked":"FearNoEvil","floor":2.0},{"not_picked":["Consecrate","SashWhip"],"picked":"Sanctity","floor":3.0},{"not_picked":["FlyingSleeves","EmptyBody"],"picked":"Consecrate","floor":4.0},{"not_picked":["Tantrum","WreathOfFlame"],"picked":"Ragnarok","floor":7.0},{"not_picked":["ClearTheMind","Wireheading"],"picked":"Vengeance","floor":8.0},{"not_picked":["TalkToTheHand+1","Prostrate"],"picked":"DeusExMachina","floor":11.0},{"not_picked":["EmptyBody","MentalFortress"],"picked":"FearNoEvil+1","floor":14.0},{"not_picked":["ConjureBlade","Scrawl"],"picked":"Omniscience","floor":16.0},{"not_picked":["Crescendo+1","EmptyBody"],"picked":"FlurryOfBlows+1","floor":18.0},{"not_picked":["JustLucky+1","Evaluate+1"],"picked":"Brilliance+1","floor":19.0},{"not_picked":["Halt","Pray"],"picked":"JustLucky+1","floor":20.0},{"not_picked":["Nirvana","Pray"],"picked":"FlyingSleeves+1","floor":21.0},{"not_picked":["Halt","SashWhip+1"],"picked":"FlurryOfBlows+1","floor":24.0},{"not_picked":["ClearTheMind","LikeWater"],"picked":"EmptyFist+1","floor":25.0},{"not_picked":["ClearTheMind","FlyingSleeves+1","Prostrate+1"],"picked":"Singing Bowl","floor":28.0},{"not_picked":["FearNoEvil+1","PathToVictory","ThirdEye"],"picked":"Singing Bowl","floor":29.0},{"not_picked":["Meditate+1","Consecrate+1","Study+1"],"picked":"Singing Bowl","floor":30.0},{"not_picked":["Conclude+1","Perseverance"],"picked":"Wish","floor":31.0},{"not_picked":["DevaForm","Establishment"],"picked":"Vault","floor":33.0},{"not_picked":["PathToVictory+1","BowlingBash+1","Meditate+1"],"picked":"Singing Bowl","floor":35.0},{"not_picked":["EmptyFist+1","Protect+1"],"picked":"TalkToTheHand+1","floor":36.0},{"not_picked":["Consecrate+1","PathToVictory","Conclude+1"],"picked":"Singing Bowl","floor":37},{"not_picked":["ThirdEye+1","EmptyBody"],"picked":"FlurryOfBlows+1","floor":38},{"not_picked":["MentalFortress","ClearTheMind+1","CrushJoints+1"],"picked":"Singing Bowl","floor":39},{"not_picked":["ThirdEye","BowlingBash+1","Consecrate+1"],"picked":"Singing Bowl","floor":41},{"not_picked":["EmptyMind","EmptyBody","Worship+1"],"picked":"Singing Bowl","floor":45},{"not_picked":["SashWhip+1","Conclude+1"],"picked":"Tantrum+1","floor":46},{"not_picked":["FollowUp+1","PathToVictory","DeceiveReality"],"picked":"Singing Bowl","floor":48}],"player_experience":736465,"relics_obtained":[{"floor":7.0,"key":"Singing Bowl"},{"floor":9.0,"key":"Happy Flower"},{"floor":11.0,"key":"Molten Egg 2"},{"floor":25.0,"key":"Regal Pillow"},{"floor":26.0,"key":"Bag of Preparation"},{"floor":29.0,"key":"Red Mask"},{"floor":30.0,"key":"CeramicFish"},{"floor":39,"key":"Mango"},{"floor":41,"key":"Vajra"},{"floor":43,"key":"Letter Opener"},{"floor":45,"key":"Bag of Marbles"}],"event_choices":[{"damage_healed":0.0,"max_hp_gain":0.0,"max_hp_loss":0.0,"gold_gain":100.0,"event_name":"Golden Shrine","player_choice":"Pray","floor":5.0,"gold_loss":0.0,"damage_taken":0.0},{"cards_removed":["Strike_P"],"damage_healed":0.0,"max_hp_gain":0.0,"max_hp_loss":0.0,"gold_gain":0.0,"event_name":"Purifier","player_choice":"Purged","floor":13.0,"gold_loss":0.0,"damage_taken":0.0},{"damage_healed":0.0,"max_hp_gain":0.0,"max_hp_loss":0.0,"gold_gain":99.0,"event_name":"Nest","player_choice":"Stole From Cult","floor":27.0,"gold_loss":0.0,"damage_taken":0.0},{"damage_healed":0.0,"max_hp_gain":0.0,"max_hp_loss":0.0,"gold_gain":0.0,"event_name":"Masked Bandits","player_choice":"Fought Bandits","floor":29.0,"gold_loss":0.0,"damage_taken":0.0},{"damage_healed":0,"gold_gain":0,"player_choice":"Fight","damage_taken":0,"max_hp_gain":0,"max_hp_loss":0,"event_name":"MindBloom","floor":39,"gold_loss":0},{"damage_healed":0,"gold_gain":100,"player_choice":"Pray","damage_taken":0,"max_hp_gain":0,"max_hp_loss":0,"event_name":"Golden Shrine","floor":44,"gold_loss":0}],"is_beta":false,"boss_relics":[{"not_picked":["Cursed Key","Runic Pyramid"],"picked":"Empty Cage"},{"not_picked":["Coffee Dripper","SacredBark"],"picked":"Astrolabe"}],"items_purged_floors":[22],"is_endless":false,"potions_floor_spawned":[1,4,7,14,20,24,28,29,30,36,37,39,45],"ascension_level":11}}