{"host":"6fbjdsiu9jij34p7","time":1607798096,"event":{"mods":["2.2 Compatiblity","AchievementEnabler","BaseMod","Colored Map","DeckTracker","Highlight Path","Keyboard Shortcuts","Minty Spire (QoL Compilation)","Permanent Neow","Quick Restart","StSLib","SuperFastMode"],"gold_per_floor":[115,190,201,201,201,201,216,216,216,34,44,55,5,180,180,180,180],"floor_reached":16,"playtime":248,"items_purged":["Pain"],"score":108,"play_id":"5723432e-15af-4cb1-905f-92faca1b7f70","local_time":"20201213033456","is_ascension_mode":true,"campfire_choices":[{"floor":6,"key":"REST"},{"data":"Battle Trance","floor":8,"key":"SMITH"},{"data":"Armaments","floor":15,"key":"SMITH"}],"circlet_count":0,"master_deck":["Strike_R","Strike_R","Strike_R+1","Strike_R","Defend_R","Defend_R","Defend_R","Defend_R","Bash","Sword Boomerang+1","Entrench","Battle Trance+1","Thunderclap","Armaments+1","Ghostly Armor","Shrug It Off","Doubt"],"relics":["Burning Blood","WarpedTongs","Singing Bowl"],"acts_visited":["Exordium"],"potions_floor_usage":[16],"damage_taken":[{"damage":8,"enemies":"Small Slimes","floor":1,"turns":5},{"damage":1,"enemies":"Cultist","floor":3,"turns":3},{"damage":10,"enemies":"2 Louse","floor":7,"turns":2},{"damage":13,"enemies":"Blue Slaver","floor":11,"turns":3},{"damage":15,"enemies":"2 Fungi Beasts","floor":12,"turns":3},{"damage":70,"enemies":"Slime Boss","floor":16,"turns":7}],"seed_played":"-8073032256604114368","potions_obtained":[{"floor":1,"key":"SteroidPotion"},{"floor":11,"key":"BloodPotion"}],"is_trial":false,"path_per_floor":["M","?","M","?","?","R","M","R","T","$","M","M","$","?","R","B"],"character_chosen":"IRONCLAD","items_purchased":["Thunderclap","Armaments","Shrug It Off"],"campfire_rested":1,"item_purchase_floors":[10,10,13],"current_hp_per_floor":[78,67,72,56,56,80,76,76,76,76,71,62,62,62,62,0,0],"gold":180,"neow_bonus":"REMOVE_CARD","is_daily":false,"chose_seed":false,"campfire_upgraded":2,"win_rate":0.0,"timestamp":1607798096,"path_taken":["M","?","M","?","?","R","?","R","T","$","M","M","?","?","R","BOSS"],"items_purchased_type":["Card","Card","Card"],"build_version":"2020-11-30","purchased_purges":1,"victory":false,"max_hp_per_floor":[80,80,80,80,80,80,80,80,80,80,82,82,82,82,82,82,82],"card_choices":[{"not_picked":["Evolve","Anger"],"picked":"Sword Boomerang","floor":1},{"not_picked":["Warcry","Perfected Strike"],"picked":"Entrench","floor":3},{"not_picked":["Fire Breathing","Shockwave"],"picked":"Battle Trance","floor":7},{"not_picked":["Clothesline","Pommel Strike","Dual Wield"],"picked":"Singing Bowl","floor":11},{"not_picked":["Iron Wave","Blood for Blood"],"picked":"Ghostly Armor","floor":12}],"player_experience":230023,"relics_obtained":[{"floor":9,"key":"Singing Bowl"}],"event_choices":[{"damage_healed":0,"gold_gain":75,"player_choice":"Gather Gold","damage_taken":11,"max_hp_gain":0,"max_hp_loss":0,"event_name":"World of Goop","floor":2,"gold_loss":0},{"damage_healed":0,"gold_gain":0,"player_choice":"Entered Light","damage_taken":16,"max_hp_gain":0,"max_hp_loss":0,"event_name":"Shining Light","floor":4,"gold_loss":0,"cards_upgraded":["Strike_R","Sword Boomerang"]},{"damage_healed":0,"gold_gain":0,"player_choice":"Rummage","damage_taken":0,"relics_obtained":["WarpedTongs"],"max_hp_gain":0,"max_hp_loss":0,"event_name":"Accursed Blacksmith","floor":5,"gold_loss":0,"cards_obtained":["Pain"]},{"damage_healed":0,"gold_gain":175,"player_choice":"AGREE","damage_taken":0,"max_hp_gain":0,"max_hp_loss":0,"event_name":"Liars Game","floor":14,"gold_loss":0,"cards_obtained":["Doubt"]}],"is_beta":false,"boss_relics":[],"items_purged_floors":[10],"is_endless":false,"potions_floor_spawned":[1,11],"killed_by":"Slime Boss","ascension_level":4}}