{"host":"m1ntkrf87179kmo6","time":1607815069,"event":{"mods":["BaseMod","Better Third Choice","Minty Spire (QoL Compilation)","Shade Mod","StSLib"],"gold_per_floor":[117,117,23,24,34,69,83,83,109,109,128,128,8,38,38,38,38],"floor_reached":16,"playtime":839,"items_purged":[],"score":133,"play_id":"a049a319-fe8f-4005-a82e-ce78973193d7","local_time":"20201212181749","is_ascension_mode":false,"campfire_choices":[{"floor":10,"key":"RECALL"},{"data":"Shade:AnimateDead","floor":12,"key":"SMITH"},{"floor":15,"key":"REST"}],"circlet_count":0,"master_deck":["Shade:Strike_Shade","Shade:Strike_Shade+1","Shade:Strike_Shade","Shade:Strike_Shade","Shade:Defend_Shade","Shade:Defend_Shade","Shade:Defend_Shade","Shade:Defend_Shade","Shade:AnimateDead+1","Shade:CarefulCut+1","Shade:Bite_Shade","Shade:ExtraLimbs","Shade:Brains"],"relics":["Shade:YorickSkull","NeowsBlessing","SsserpentHead","Whetstone","Boot","Dream Catcher","HornCleat"],"acts_visited":["Exordium"],"potions_floor_usage":[14,14],"damage_taken":[{"damage":0,"enemies":"Cultist","floor":1,"turns":1},{"damage":0,"enemies":"Jaw Worm","floor":5,"turns":1},{"damage":0,"enemies":"Gremlin Nob","floor":6,"turns":1},{"damage":0,"enemies":"Small Slimes","floor":7,"turns":2},{"damage":0,"enemies":"Looter","floor":11,"turns":2},{"damage":24,"enemies":"Lagavulin","floor":14,"turns":5},{"damage":78,"enemies":"Hexaghost","floor":16,"turns":16}],"seed_played":"2471949585014261732","potions_obtained":[{"floor":7,"key":"Explosive Potion"},{"floor":11,"key":"ColorlessPotion"}],"is_trial":false,"path_per_floor":["M","?","$","?","M","E","M","$","T","R","M","R","$","E","R","B"],"character_chosen":"SHADE","items_purchased":["Whetstone","Shade:Bite_Shade","Shade:ExtraLimbs"],"campfire_rested":1,"item_purchase_floors":[3,13,13],"current_hp_per_floor":[65,65,65,65,65,65,65,65,65,65,65,65,65,43,62,0,0],"gold":38,"neow_bonus":"THREE_ENEMY_KILL","is_daily":false,"chose_seed":false,"campfire_upgraded":1,"win_rate":0.0,"timestamp":1607815069,"path_taken":["M","?","?","?","M","E","M","$","T","R","M","R","$","E","R","BOSS"],"items_purchased_type":["Relic","Card","Card"],"build_version":"2020-11-30","purchased_purges":0,"victory":false,"max_hp_per_floor":[65,65,65,65,65,65,65,65,65,65,65,65,65,65,65,65,65],"card_choices":[{"not_picked":["Shade:FreshBones","Shade:RavenousHorde","Shade:DangerousRitual"],"picked":"SKIP","floor":1},{"not_picked":["Shade:BoneShards","Shade:FingerOfDeath","Shade:Trample"],"picked":"SKIP","floor":5},{"not_picked":["Shade:SoulToxin","Shade:FeralStrike","Shade:Tombstone"],"picked":"SKIP","floor":6},{"not_picked":["Shade:SoulToxin","Shade:Frenzy","Shade:SpontaneousRitual"],"picked":"SKIP","floor":7},{"not_picked":["Shade:CoffinDance","Shade:Bonestorm","Shade:FleshToFlesh"],"picked":"SKIP","floor":11},{"not_picked":["Shade:Tombstone","Shade:PoundOfFlesh","Shade:Trample"],"picked":"SKIP","floor":14},{"not_picked":["Shade:SensePrey","Shade:FreshBones"],"picked":"Shade:Brains","floor":15}],"player_experience":986687,"relics_obtained":[{"floor":6,"key":"Boot"},{"floor":9,"key":"Dream Catcher"},{"floor":14,"key":"HornCleat"}],"event_choices":[{"damage_healed":0,"gold_gain":0,"player_choice":"Trade","damage_taken":0,"relics_obtained":["SsserpentHead"],"max_hp_gain":0,"max_hp_loss":0,"event_name":"FaceTrader","floor":2,"gold_loss":0},{"damage_healed":0,"gold_gain":0,"player_choice":"Left","damage_taken":0,"max_hp_gain":0,"max_hp_loss":0,"event_name":"betterThird:BetterGoop","floor":4,"gold_loss":49}],"is_beta":false,"boss_relics":[],"items_purged_floors":[],"is_endless":false,"potions_floor_spawned":[7,11],"killed_by":"Hexaghost","ascension_level":0}}