{"host":"fhq3k2nq5elnbks3","time":1607816020,"event":{"mods":["2.2 Compatiblity","AchievementEnabler","Act Like it!","AlwaysNeverKeys","Aspiration","Astrologer","Bard","Bartender","BaseMod","Better Altar","Better Skull","Better Vampires","Better-Laid Plans","CCEM","CapriCore","Card Filter","CatGirl Mod","Chen","Clockwork Mod","Colored Powertips","Displayed Cursed Tome","Ekko","Eldritch Tears","Emptier Cage","Fiend Mod","Fireblade Mod","Friendly Minions","FutureSeer","GifTheSpireLib","Gremlin Skip","Hallownest","Hermit","HololiveMod","Hunter ??","JesterMod","Koishi","Mad Scientist","Minty Spire (QoL Compilation)","Onozuka Komachi Mod","Permanent Neow","Potionbrewer","Prisma Mod","Quick Restart","READ ME - Guardian Mod","Reimu??????","Relic Filter","Robot Space Explorer","Shop Mod","Somnambulant","Spikes Relics","StSLib","SuperFastMode","The Animator","The Bug Knight","The Gatherer","The Hierophant","The Immortal","The Necromancer","The Runesmith","The Trickster","The Valiant","The Wild Card","TheBandit","TheFirefly","Transform Curses","Uncapped","Unknown Chances","Virulent Crown","Yohane!","Yuri Mod","thorton","vexMod"],"gold_per_floor":[109,129,149,168,188,188,208,208,232,232,250,261,261,43,43,148,148,168,168,186,205,205,205],"floor_reached":22,"playtime":2338,"items_purged":[],"score":182,"play_id":"08027c61-53c9-48ce-8ea1-1778432fde6c","local_time":"20201212173340","is_ascension_mode":false,"campfire_choices":[{"data":"Clockwork:Tinker","floor":6,"key":"SMITH"},{"data":"Clockwork:HeadStart","floor":8,"key":"SMITH"},{"data":"Clockwork:WarmUp","floor":13,"key":"SMITH"},{"data":"Clockwork:CogShield","floor":15,"key":"SMITH"}],"circlet_count":0,"master_deck":["Clockwork:Strike+1","Clockwork:Strike","Clockwork:Strike","Clockwork:Strike","Clockwork:Shield","Clockwork:Shield+1","Clockwork:Shield","Clockwork:Shield+1","Clockwork:Tinker+1","Clockwork:WarmUp+1","Clockwork:CogShield+1","Clockwork:HeadStart+1","Clockwork:EnthusiasticStrike+1"],"relics":["Clockwork:MomentumEngine","Ring of the Snake","Runesmith:AutoHammer","MerchantsRug","Boot"],"acts_visited":["Exordium","TheCity"],"potions_floor_usage":[5],"damage_taken":[{"damage":13,"enemies":"Cultist","floor":1,"turns":6},{"damage":0,"enemies":"Small Slimes","floor":2,"turns":7},{"damage":0,"enemies":"Jaw Worm","floor":3,"turns":7},{"damage":23,"enemies":"Lots of Slimes","floor":4,"turns":7},{"damage":12,"enemies":"Exordium Thugs","floor":5,"turns":6},{"damage":10,"enemies":"3 Louse","floor":7,"turns":5},{"damage":1,"enemies":"Blue Slaver","floor":11,"turns":5},{"damage":6,"enemies":"2 Fungi Beasts","floor":12,"turns":6},{"damage":2,"enemies":"The Guardian","floor":16,"turns":15},{"damage":14,"enemies":"Spheric Guardian","floor":18,"turns":9},{"damage":29,"enemies":"2 Thieves","floor":20,"turns":4},{"damage":31,"enemies":"Snecko","floor":21,"turns":12},{"damage":15,"enemies":"Snake Plant","floor":22,"turns":2}],"seed_played":"-5168924683136473690","potions_obtained":[{"floor":2,"key":"GrandPatriotsElixir:ReiMu"},{"floor":4,"key":"PowerPotion"},{"floor":7,"key":"DuplicationPotion"},{"floor":11,"key":"Fire Potion"}],"is_trial":false,"path_per_floor":["M","M","M","M","M","R","M","R","T","?","M","M","R","$","R","B",null,"M","$","M","M","M"],"character_chosen":"CLOCKWORK","items_purchased":["MerchantsRug","Boot"],"campfire_rested":0,"item_purchase_floors":[14,14],"current_hp_per_floor":[72,72,72,49,37,37,27,27,27,27,26,20,20,20,20,18,85,71,71,42,11,0,0],"gold":205,"neow_bonus":"NOSTALGIA","is_daily":false,"chose_seed":false,"campfire_upgraded":4,"win_rate":0.0,"timestamp":1607816020,"path_taken":["M","M","M","M","M","R","?","R","T","?","M","?","R","?","R","BOSS","M","?","M","M","M"],"items_purchased_type":["Relic","Relic"],"build_version":"2020-11-30","purchased_purges":0,"victory":false,"max_hp_per_floor":[85,85,85,85,85,85,85,85,85,85,85,85,85,85,85,85,85,85,85,85,85,85,85],"card_choices":[{"not_picked":["Clockwork:Enhance","Clockwork:Roundhouse"],"picked":"Clockwork:CogShield","floor":1},{"not_picked":["Clockwork:Improve","Clockwork:Scour","Clockwork:ChargingShield"],"picked":"SKIP","floor":2},{"not_picked":["Clockwork:RitualDaggerMk0","Clockwork:Friction"],"picked":"Clockwork:HeadStart","floor":3},{"not_picked":["Clockwork:Redundancy","Clockwork:SpurOn","Clockwork:SnapKeep"],"picked":"SKIP","floor":4},{"not_picked":["Clockwork:ChargingShield","Clockwork:SnapKeep","Clockwork:Pluck"],"picked":"SKIP","floor":5},{"not_picked":["Clockwork:ReserveSystems","Clockwork:CogShield"],"picked":"Clockwork:SmithsMallet","floor":7},{"not_picked":["Clockwork:Halt","Clockwork:ReserveSystems","Clockwork:SpringShield"],"picked":"SKIP","floor":11},{"not_picked":["Clockwork:SearchingStrike","Clockwork:ChargingShield","Clockwork:SystemHardening"],"picked":"SKIP","floor":12},{"not_picked":["Clockwork:Friction","Clockwork:Pluck","Clockwork:ElasticNanites"],"picked":"SKIP","floor":18},{"not_picked":["Clockwork:AdaptiveShield","Clockwork:ForgeStrike"],"picked":"Clockwork:EnthusiasticStrike+1","floor":20},{"not_picked":["Clockwork:ElasticNanites+1","Clockwork:AdaptiveCannon","Clockwork:Pluck+1"],"picked":"SKIP","floor":21}],"player_experience":494227,"relics_obtained":[{"floor":9,"key":"Runesmith:AutoHammer"}],"event_choices":[{"damage_healed":0,"gold_gain":0,"player_choice":"Bought 0 Potions","damage_taken":0,"max_hp_gain":0,"max_hp_loss":0,"event_name":"The Woman in Blue","floor":10,"gold_loss":0}],"is_beta":false,"boss_relics":[{"not_picked":["Snecko Eye","Runesmith:UraniumAnvil","vexMod:EndlessSickness"]}],"items_purged_floors":[],"is_endless":false,"potions_floor_spawned":[2,4,7,11],"killed_by":"Snake Plant","ascension_level":0}}