{"host":"v0byp44r5syn346h","time":1607744069,"event":{"mods":["2.2 Compatiblity","AchievementEnabler","Act Like it!","AlwaysNeverKeys","Aspiration","BaseMod","Bestiary","Better Match","Better Note","Better Skull","Better Third Choice","Better Vampires","BetterRewards","Card Filter","Colored Map","Colored Powertips","Conspire","Defuse TimeMaze Blight","Displayed Cursed Tome","Downfall","Friendly Minions","Gremlin Skip","Halation","Highlight Path","Hubris","Infinite Spire","Minty Spire (QoL Compilation)","Pale of the Ancients","Quarter Circle Forward PUNCH!","Quick Restart","Random Character Button","Rare Cards Sparkle","Relic Filter","Relic Stats","Reorder Act Four","Replay The Spire","Reworked Bosses","Shop Mod","Spicy Shops","Spikes Relics","StSLib","SuperFastMode","The Blue Laboratory","The Construct","The Cursed","The Hierophant","The Jungle","Thieving Mod","Trackpad","Unknown Chances","egg","vexMod"],"gold_per_floor":[112,39,49,49,49,80,80,112,135,220,220,305,317,348,348,444,444,444,444],"floor_reached":18,"playtime":525,"items_purged":["Strike_P"],"score":416,"play_id":"dc560586-3043-462d-8a6f-de8c5b3df2ea","local_time":"20201212043429","is_ascension_mode":true,"campfire_choices":[{"data":"Ragnarok","floor":11,"key":"SMITH"},{"data":"Vault","floor":15,"key":"SMITH"}],"circlet_count":0,"master_deck":["Strike_P+1","Strike_P","Defend_P","Defend_P","Defend_P","Defend_P","Eruption+1","Vigilance+1","Replay:Cycle+1","DevaForm+1","SashWhip+1","FearNoEvil","MentalFortress","Ragnarok+1","Vault+1","DeusExMachina"],"relics":["PureWater","trackpad:PocketGalaxy","WingedGreaves","vexMod:RedPlottingStone","Guide Book","vexMod:PaidLearning","Chemical X","hubris:MobiusCoin","OrangePellets","hubris:TenFootPole","PreservedInsect","Meat on the Bone","infinitespire:Beetle Shell","halation:BlackBeret","RoseTintedShades","aspiration:HiddenCompartment","aspiration:RandomNobGenerator"],"acts_visited":["Exordium","TheCity"],"potions_floor_usage":[10,18,18],"damage_taken":[{"damage":4,"enemies":"2 Louse","floor":1,"turns":2},{"damage":0,"enemies":"Cultist","floor":3,"turns":2},{"damage":0,"enemies":"Lagavulin","floor":6,"turns":4},{"damage":42,"enemies":"Replay:BlueRogue","floor":8,"turns":4},{"damage":0,"enemies":"3 Sentries","floor":10,"turns":2},{"damage":0,"enemies":"Gremlin Nob","floor":12,"turns":1},{"damage":4,"enemies":"Jaw Worm","floor":13,"turns":2},{"damage":11,"enemies":"3 Sentries","floor":14,"turns":3},{"damage":1,"enemies":"The Guardian","floor":16,"turns":5},{"damage":84,"enemies":"3 Byrds","floor":18,"turns":5}],"seed_played":"-5182847907161002822","potions_obtained":[{"floor":3,"key":"SteroidPotion"},{"floor":13,"key":"blueLaboratory:EnragingPotion"},{"floor":16,"key":"blueLaboratory:NullPotion"}],"is_trial":false,"path_per_floor":["M","?","M","?","$","E","R","E","T","E","R","E","M","E","R","B",null,"M"],"character_chosen":"WATCHER","items_purchased":["trackpad:PocketGalaxy","Replay:Cycle+1","WingedGreaves","DevaForm","vexMod:RedPlottingStone","Guide Book","vexMod:PaidLearning","Chemical X","hubris:MobiusCoin","OrangePellets","SashWhip+1"],"campfire_rested":0,"item_purchase_floors":[0,0,0,0,0,0,0,0,0,0,0],"current_hp_per_floor":[61,61,61,61,61,61,61,19,19,31,31,43,39,40,40,39,64,0,0],"gold":444,"neow_bonus":"","is_daily":false,"chose_seed":false,"campfire_upgraded":2,"win_rate":0.0,"timestamp":1607744069,"path_taken":["M","?","?","?","?","E","R","E","T","E","R","E","?","E","R","BOSS","M"],"items_purchased_type":["Relic","Card","Relic","Card","Relic","Relic","Relic","Relic","Relic","Relic","Card"],"build_version":"2020-11-30","purchased_purges":1,"victory":false,"max_hp_per_floor":[72,72,72,72,72,72,72,72,72,72,72,72,72,72,72,72,72,72,72],"relic_stats":{"OrangePellets":[2],"counters":[42,154],"PreservedInsect":107,"Chemical X":[1],"obtain_stats":[{"halation:BlackBeret":10,"Golden Egg":9,"trackpad:Mousetrap":7,"vexMod:MemoryStick":13,"RoseTintedShades":12,"Cursed Key":17,"halation:RedSoulGem":2,"Replay:Ringing Soul":9,"trackpad:PocketGalaxy":0,"TheAbacus":4,"Strawberry":30,"vexMod:RedPlottingStone":0,"WingedGreaves":0,"Necronomicon":22,"trackpad:AdjectivePendant":3,"Chemical X":0,"Ring of Panic":2,"hubris:MobiusCoin":0,"NeowsBlessing":0,"trackpad:Trackpad":17,"Guide Book":0,"vexMod:MysteryBossChallenge":17,"Oddly Smooth Stone":22,"infinitespire:Joker Card":8,"PreservedInsect":0,"infinitespire:Beetle Shell":9,"vexMod:PaidLearning":0,"aspiration:RandomNobGenerator":17,"aspiration:HiddenCompartment":6,"Question Card":26,"OrangePellets":0,"Pondfish Scales":0,"Snack Pack":23,"hubris:TenFootPole":2,"halation:AfternoonTea":13,"PureWater":0,"ReplayTheSpireMod:Ring of Challenge":2,"Meat on the Bone":8},{"halation:BlackBeret":37,"Golden Egg":4,"trackpad:Mousetrap":16,"vexMod:MemoryStick":18,"RoseTintedShades":38,"Cursed Key":20,"halation:RedSoulGem":1,"Replay:Ringing Soul":16,"trackpad:PocketGalaxy":32,"TheAbacus":30,"Strawberry":27,"vexMod:RedPlottingStone":29,"WingedGreaves":32,"Necronomicon":23,"trackpad:AdjectivePendant":1,"Chemical X":32,"Ring of Panic":30,"hubris:MobiusCoin":32,"NeowsBlessing":0,"trackpad:Trackpad":8,"Guide Book":32,"vexMod:MysteryBossChallenge":8,"Oddly Smooth Stone":11,"infinitespire:Joker Card":4,"PreservedInsect":12,"infinitespire:Beetle Shell":36,"vexMod:PaidLearning":32,"aspiration:RandomNobGenerator":41,"aspiration:HiddenCompartment":3,"Question Card":25,"OrangePellets":32,"Pondfish Scales":12,"Snack Pack":24,"hubris:TenFootPole":33,"halation:AfternoonTea":6,"PureWater":0,"ReplayTheSpireMod:Ring of Challenge":30,"Meat on the Bone":36},{"halation:BlackBeret":138,"Golden Egg":6,"trackpad:Mousetrap":57,"vexMod:MemoryStick":63,"RoseTintedShades":139,"Cursed Key":73,"halation:RedSoulGem":1,"Replay:Ringing Soul":57,"trackpad:PocketGalaxy":124,"TheAbacus":119,"Strawberry":105,"vexMod:RedPlottingStone":114,"WingedGreaves":124,"Necronomicon":88,"trackpad:AdjectivePendant":1,"Chemical X":124,"Ring of Panic":119,"hubris:MobiusCoin":124,"NeowsBlessing":0,"trackpad:Trackpad":22,"Guide Book":124,"vexMod:MysteryBossChallenge":22,"Oddly Smooth Stone":35,"infinitespire:Joker Card":6,"PreservedInsect":38,"infinitespire:Beetle Shell":136,"vexMod:PaidLearning":124,"aspiration:RandomNobGenerator":149,"aspiration:HiddenCompartment":3,"Question Card":96,"OrangePellets":124,"Pondfish Scales":38,"Snack Pack":92,"hubris:TenFootPole":126,"halation:AfternoonTea":12,"PureWater":0,"ReplayTheSpireMod:Ring of Challenge":119,"Meat on the Bone":136}],"Meat on the Bone":36},"card_choices":[{"not_picked":["JustLucky","ReachHeaven","Halt"],"picked":"SKIP","floor":1},{"not_picked":["EmptyFist","FollowUp"],"picked":"FearNoEvil","floor":3},{"not_picked":["Establishment","Evaluate","Nirvana"],"picked":"SKIP","floor":6},{"not_picked":["Crescendo","Perseverance"],"picked":"MentalFortress","floor":8},{"not_picked":["Replay:Vibes","InnerPeace"],"picked":"Ragnarok","floor":10},{"not_picked":["Halt","Wallop","FlyingSleeves"],"picked":"SKIP","floor":12},{"not_picked":["Halt","Wallop","FlyingSleeves"],"picked":"SKIP","floor":12},{"not_picked":["CrushJoints","Protect","PathToVictory"],"picked":"SKIP","floor":13},{"not_picked":["Fasting2","FlyingSleeves"],"picked":"Vault","floor":14},{"not_picked":["ConjureBlade","LessonLearned"],"picked":"DeusExMachina","floor":16}],"player_experience":816159,"relics_obtained":[{"floor":6,"key":"PreservedInsect"},{"floor":8,"key":"Meat on the Bone"},{"floor":9,"key":"infinitespire:Beetle Shell"},{"floor":10,"key":"halation:BlackBeret"},{"floor":12,"key":"RoseTintedShades"},{"floor":14,"key":"aspiration:HiddenCompartment"}],"event_choices":[{"damage_healed":0,"gold_gain":0,"player_choice":"Paid Gold","damage_taken":0,"relics_obtained":["hubris:TenFootPole"],"max_hp_gain":0,"max_hp_loss":0,"event_name":"WeMeetAgain","floor":2,"gold_loss":73},{"cards_removed":["Strike_P"],"damage_healed":0,"gold_gain":0,"player_choice":"Forget","damage_taken":0,"max_hp_gain":0,"max_hp_loss":0,"event_name":"Living Wall","floor":4,"gold_loss":0}],"is_beta":false,"boss_relics":[{"not_picked":["conspire:SeveredTorchhead","Tiny House"],"picked":"aspiration:RandomNobGenerator"}],"items_purged_floors":[0],"is_endless":false,"potions_floor_spawned":[3,13,16],"killed_by":"3 Byrds","ascension_level":7}}