{"host":"8qb550oiisecbnz6","time":1607814700,"event":{"mods":["AchievementEnabler","BaseMod","Colored Map","Colored Powertips","Minty Spire (QoL Compilation)","Quick Restart","Slay-I","StSLib"],"gold_per_floor":[117,129,129,148,148,148,179,199,199,229,229,256,268,284,284,387,387,401,416,96,110,110,141,152,152,152,152,162,162,19,33,33,134,134,151,151,151,164,9,9,21,21,21,31,63,75,25,37,37,37],"floor_reached":51,"playtime":4719,"items_purged":["Defend_P","Defend_P"],"score":829,"play_id":"ff71e6ef-6588-4062-a2aa-cdfe1d187cb9","local_time":"20201213001140","is_ascension_mode":true,"campfire_choices":[{"data":"Wallop","floor":6.0,"key":"SMITH"},{"data":"Judgement","floor":11.0,"key":"SMITH"},{"data":"ClearTheMind","floor":15.0,"key":"SMITH"},{"floor":25.0,"key":"REST"},{"data":"BattleHymn","floor":29.0,"key":"SMITH"},{"data":"Strike_P","floor":32.0,"key":"PURGE"},{"data":"Defend_P","floor":40.0,"key":"PURGE"},{"data":"Defend_P","floor":42.0,"key":"PURGE"},{"data":"Strike_P","floor":49.0,"key":"PURGE"}],"circlet_count":0,"master_deck":["Strike_P","Eruption+1","Vigilance","FlurryOfBlows","Wallop+1","ThirdEye","Judgement+1","Fasting2","ClearTheMind+1","CurseOfTheBell","LikeWater","CutThroughFate+1","Dramatic Entrance","CutThroughFate","Consecrate","BattleHymn+1","FlurryOfBlows+1","Evaluate+1","ForeignInfluence+1","Ragnarok","Prostrate+1"],"relics":["PureWater","NeowsBlessing","PreservedInsect","MealTicket","Shuriken","Calling Bell","Blood Vial","White Beast Statue","Peace Pipe","Orichalcum","Enchiridion","Red Mask","Sundial","Membership Card","Coffee Dripper","Toxic Egg 2","Akabeko","Medical Kit","Prayer Wheel","Vajra"],"acts_visited":["Exordium","TheCity","TheBeyond"],"potions_floor_usage":[50,50],"damage_taken":[{"damage":0.0,"enemies":"Cultist","floor":1.0,"turns":1.0},{"damage":0.0,"enemies":"2 Louse","floor":2.0,"turns":1.0},{"damage":0.0,"enemies":"Small Slimes","floor":4.0,"turns":1.0},{"damage":8.0,"enemies":"3 Sentries","floor":7.0,"turns":8.0},{"damage":2.0,"enemies":"3 Louse","floor":8.0,"turns":3.0},{"damage":0.0,"enemies":"Gremlin Nob","floor":12.0,"turns":1.0},{"damage":0.0,"enemies":"Looter","floor":13.0,"turns":2.0},{"damage":0.0,"enemies":"Blue Slaver","floor":14.0,"turns":2.0},{"damage":37.0,"enemies":"Hexaghost","floor":16.0,"turns":10.0},{"damage":32.0,"enemies":"Chosen","floor":18.0,"turns":8.0},{"damage":11.0,"enemies":"Shell Parasite","floor":19.0,"turns":7.0},{"damage":15.0,"enemies":"Cultist and Chosen","floor":21.0,"turns":7.0},{"damage":0.0,"enemies":"Masked Bandits","floor":23.0,"turns":2.0},{"damage":15.0,"enemies":"Shelled Parasite and Fungi","floor":24.0,"turns":3.0},{"damage":8.0,"enemies":"Snake Plant","floor":28.0,"turns":4.0},{"damage":20.0,"enemies":"Centurion and Healer","floor":31.0,"turns":5.0},{"damage":19.0,"enemies":"Champ","floor":33.0,"turns":6.0},{"damage":0.0,"enemies":"3 Darklings","floor":35.0,"turns":2.0},{"damage":3.0,"enemies":"3 Shapes","floor":38.0,"turns":6.0},{"damage":11.0,"enemies":"3 Darklings","floor":41.0,"turns":3.0},{"damage":0.0,"enemies":"Transient","floor":44.0,"turns":5.0},{"damage":19.0,"enemies":"Giant Head","floor":45.0,"turns":6.0},{"damage":26.0,"enemies":"Jaw Worm Horde","floor":46.0,"turns":3.0},{"damage":0.0,"enemies":"Sphere and 2 Shapes","floor":48.0,"turns":5.0},{"damage":54,"enemies":"Awakened One","floor":50,"turns":8}],"seed_played":"7872247824024553894","potions_obtained":[{"floor":2.0,"key":"DistilledChaos"},{"floor":7.0,"key":"Dexterity Potion"},{"floor":8.0,"key":"AttackPotion"},{"floor":14.0,"key":"GamblersBrew"},{"floor":18.0,"key":"SmokeBomb"},{"floor":19.0,"key":"Block Potion"},{"floor":21.0,"key":"LiquidMemories"},{"floor":23.0,"key":"Dexterity Potion"},{"floor":24.0,"key":"Regen Potion"},{"floor":28.0,"key":"Regen Potion"},{"floor":31.0,"key":"SneckoOil"},{"floor":33.0,"key":"Strength Potion"},{"floor":35.0,"key":"BlessingOfTheForge"},{"floor":38.0,"key":"SpeedPotion"},{"floor":41.0,"key":"FairyPotion"},{"floor":44.0,"key":"SkillPotion"}],"is_trial":false,"path_per_floor":["M","M","?","M","?","R","E","M","T","?","R","E","M","M","R","B",null,"M","M","$","M","?","?","M","R","T","T","M","R","$","M","R","B",null,"M","T","?","M","$","R","M","R","T","M","E","M","$","M","R","B",null],"character_chosen":"WATCHER","items_purchased":["Orichalcum","Dramatic Entrance","Membership Card","Akabeko","Medical Kit"],"campfire_rested":1,"item_purchase_floors":[20,20,30,39,39],"current_hp_per_floor":[72,72,72,72,72,72,64,62,62,62,62,62,62,62,62,25,72,40,31,46,33,17,19,6,27,27,27,30,30,45,41,41,24,72,72,72,72,69,72,72,61,61,61,63,46,22,37,39,39,9],"gold":37,"neow_bonus":"THREE_ENEMY_KILL","is_daily":false,"chose_seed":false,"campfire_upgraded":4,"win_rate":0.0,"timestamp":1607814700,"path_taken":["M","?","?","?","?","R","E","?","T","?","R","E","M","M","R","BOSS","M","M","$","M","?","?","M","R","T","?","?","R","?","M","R","BOSS","M","?","?","M","$","R","M","R","T","M","E","?","$","M","R","BOSS"],"items_purchased_type":["Relic","Card","Relic","Relic","Relic"],"build_version":"2020-11-30","purchased_purges":2,"victory":true,"max_hp_per_floor":[72,72,72,72,72,72,72,72,72,72,72,72,72,72,72,72,72,72,72,72,72,72,72,72,72,72,72,72,72,72,72,72,72,72,72,72,72,72,72,72,72,72,72,72,72,72,72,72,72,72],"card_choices":[{"not_picked":["Halt","PathToVictory"],"picked":"FlurryOfBlows","floor":1.0},{"not_picked":["Fasting2","Weave"],"picked":"Wallop","floor":2.0},{"not_picked":["Protect","Halt"],"picked":"ThirdEye","floor":4.0},{"not_picked":["LikeWater","Protect","Collect"],"picked":"SKIP","floor":7.0},{"not_picked":["CutThroughFate","LikeWater"],"picked":"Judgement","floor":8.0},{"not_picked":["ForeignInfluence","MentalFortress","Halt"],"picked":"SKIP","floor":12.0},{"not_picked":["WreathOfFlame","FollowUp"],"picked":"Fasting2","floor":13.0},{"not_picked":["ThirdEye","FollowUp"],"picked":"ClearTheMind","floor":14.0},{"not_picked":["MentalFortress","Consecrate"],"picked":"LikeWater","floor":18.0},{"not_picked":["ReachHeaven","Evaluate+1"],"picked":"CutThroughFate+1","floor":19.0},{"not_picked":["CrushJoints+1","Halt+1"],"picked":"CutThroughFate","floor":21.0},{"not_picked":["Halt","Meditate"],"picked":"Consecrate","floor":23.0},{"not_picked":["BowlingBash","EmptyFist+1"],"picked":"BattleHymn","floor":24.0},{"not_picked":["ThirdEye","FollowUp+1","WheelKick"],"picked":"SKIP","floor":28.0},{"not_picked":["Crescendo","WreathOfFlame","Halt"],"picked":"SKIP","floor":31.0},{"not_picked":["FlyingSleeves+1","Vengeance"],"picked":"FlurryOfBlows+1","floor":35.0},{"not_picked":["FollowUp+1","Worship+1","FearNoEvil"],"picked":"SKIP","floor":38.0},{"not_picked":["EmptyFist+1","Consecrate"],"picked":"Evaluate+1","floor":41.0},{"not_picked":["SashWhip","FlyingSleeves+1"],"picked":"ForeignInfluence+1","floor":44.0},{"not_picked":["ThirdEye+1","Study+1","Crescendo+1"],"picked":"SKIP","floor":44.0},{"not_picked":["Crescendo+1","EmptyFist"],"picked":"Ragnarok","floor":45.0},{"not_picked":["Halt+1","WindmillStrike+1"],"picked":"Prostrate+1","floor":46.0},{"not_picked":["EmptyBody+1","Worship+1","Consecrate"],"picked":"SKIP","floor":46.0},{"not_picked":["EmptyBody+1","Worship+1","Consecrate"],"picked":"SKIP","floor":46.0},{"not_picked":["Pray+1","FlyingSleeves","PathToVictory+1"],"picked":"SKIP","floor":48.0},{"not_picked":["BowlingBash+1","Crescendo+1","Meditate+1"],"picked":"SKIP","floor":48.0}],"player_experience":328317,"relics_obtained":[{"floor":7.0,"key":"PreservedInsect"},{"floor":9.0,"key":"MealTicket"},{"floor":12.0,"key":"Shuriken"},{"floor":17.0,"key":"Blood Vial"},{"floor":17.0,"key":"White Beast Statue"},{"floor":17.0,"key":"Peace Pipe"},{"floor":22.0,"key":"Enchiridion"},{"floor":23.0,"key":"Red Mask"},{"floor":27.0,"key":"Sundial"},{"floor":36.0,"key":"Toxic Egg 2"},{"floor":43.0,"key":"Prayer Wheel"},{"floor":45.0,"key":"Vajra"}],"event_choices":[{"damage_healed":0.0,"max_hp_gain":0.0,"max_hp_loss":0.0,"gold_gain":0.0,"event_name":"Upgrade Shrine","player_choice":"Upgraded","floor":3.0,"gold_loss":0.0,"damage_taken":0.0,"cards_upgraded":["Eruption"]},{"cards_removed":["Strike_P"],"damage_healed":0.0,"max_hp_gain":0.0,"max_hp_loss":0.0,"gold_gain":0.0,"event_name":"Bonfire Elementals","player_choice":"Offered Basic","floor":5.0,"gold_loss":0.0,"damage_taken":0.0},{"damage_healed":0.0,"max_hp_gain":0.0,"max_hp_loss":0.0,"gold_gain":30.0,"event_name":"Dead Adventurer","player_choice":"Searched \u00272\u0027 times","floor":10.0,"gold_loss":0.0,"damage_taken":0.0},{"damage_healed":0.0,"max_hp_gain":0.0,"max_hp_loss":0.0,"gold_gain":0.0,"event_name":"Cursed Tome","player_choice":"Obtained Book","floor":22.0,"gold_loss":0.0,"damage_taken":16.0},{"damage_healed":0.0,"max_hp_gain":0.0,"max_hp_loss":0.0,"gold_gain":0.0,"event_name":"Masked Bandits","player_choice":"Fought Bandits","floor":23.0,"gold_loss":0.0,"damage_taken":0.0},{"damage_healed":0.0,"max_hp_gain":0.0,"max_hp_loss":0.0,"gold_gain":0.0,"event_name":"Duplicator","player_choice":"Ignored","floor":37.0,"gold_loss":0.0,"damage_taken":0.0}],"is_beta":false,"boss_relics":[{"not_picked":["Black Star","Astrolabe"],"picked":"Calling Bell"},{"not_picked":["HolyWater","Velvet Choker"],"picked":"Coffee Dripper"}],"items_purged_floors":[20,47],"is_endless":false,"potions_floor_spawned":[2,7,8,14,18,19,21,23,24,28,31,33,35,38,41,44,45,46,48],"ascension_level":4}}