{"host":"pivahb1bacxk2eup","time":1607775526,"event":{"mods":["AchievementEnabler","BaseMod","Colored Map","Colored Powertips","Downfall","Hermit","Hero for Fun","Hubris","Jedi Mod","Jorbs\u0027s Wanderer Trilogy","Lobotomy","Marisa????????","Minty Spire (QoL Compilation)","Remilia??????","StSLib","The Alterego","The Animator","The Construct","The Hierophant","The Runesmith","The Servant 0.9.4","TheBandit","TheFirefly","Yuri Mod","thorton"],"gold_per_floor":[119,138,138,138,47,47,47,78,78,78,103,118,153,164,164,259,259,272,286,305,85,85,113,113,142,188,199,214,178,193,153,153,257,257,276,276,286,296,342,342,367,367,367,367,381,399,418,190,190,190,190,190,2,32,32],"floor_reached":56,"playtime":5127,"items_purged":[],"score":1309,"play_id":"49eef824-dfb1-470a-aa91-28f9c68fa1a5","local_time":"20201212071846","is_ascension_mode":false,"campfire_choices":[{"data":"alterego_mod:ChallengeComplete","floor":6.0,"key":"SMITH"},{"floor":10.0,"key":"REST"},{"data":"alterego_mod:BigMeatyClaws","floor":15.0,"key":"SMITH"},{"data":"alterego_mod:TrickOrTreatment","floor":24.0,"key":"SMITH"},{"floor":32,"key":"REST"},{"data":"alterego_mod:TrickOrTreatment","floor":40,"key":"SMITH"},{"floor":42,"key":"RECALL"},{"data":"alterego_mod:Impale","floor":44,"key":"SMITH"},{"data":"alterego_mod:STier","floor":49,"key":"SMITH"},{"data":"alterego_mod:Cushion","floor":52,"key":"SMITH"}],"circlet_count":0,"master_deck":["alterego_mod:Strike","alterego_mod:Strike","alterego_mod:Strike","alterego_mod:Strike","alterego_mod:Defend","alterego_mod:Defend","alterego_mod:Defend+1","alterego_mod:Defend+1","alterego_mod:Impale+1","alterego_mod:BigMeatyClaws+1","alterego_mod:BrynhildrsRune","alterego_mod:Maid","alterego_mod:Cushion","alterego_mod:ChallengeComplete+1","alterego_mod:BiFurious","alterego_mod:Vow","alterego_mod:Collar","alterego_mod:Undulate","alterego_mod:Cushion+1","alterego_mod:STier+1","alterego_mod:Mirror","alterego_mod:ChallengeComplete+1","alterego_mod:Rip","alterego_mod:BustOut","alterego_mod:TrickOrTreatment+1","alterego_mod:TrashNCrash","alterego_mod:Bounce+1","alterego_mod:Schoolgirl","alterego_mod:Cooking+1","alterego_mod:Bounce+1","alterego_mod:Venus+1","alterego_mod:Pet+1","alterego_mod:Smother","alterego_mod:TrickOrTreatment+1","alterego_mod:MagicResistance+1","alterego_mod:MagicResistance","alterego_mod:Table","alterego_mod:Crossover","alterego_mod:ChallengeComplete+1","alterego_mod:BusterCard+1","alterego_mod:Rake+1","alterego_mod:SakuraLabyrinth","alterego_mod:DiscoLights+1"],"relics":["alterego_mod:MasochisticConstitution","Boot","Omamori","Kunai","jedi:kaleidoscope","Molten Egg 2","SacredBark","hubris:SlimyHat","hubris:Icosahedron","Strawberry","Tiny Chest","SlaversCollar","hubris:BundleOfHerbs","Toy Ornithopter","Akabeko","DollysMirror","jedi:Pinwheel"],"acts_visited":["Exordium","TheCity","TheBeyond","TheEnding"],"potions_floor_usage":[29,30,33,33,38,39,50],"damage_taken":[{"damage":6.0,"enemies":"Cultist","floor":1.0,"turns":4.0},{"damage":1.0,"enemies":"Jaw Worm","floor":2.0,"turns":3.0},{"damage":7.0,"enemies":"Gremlin Nob","floor":8.0,"turns":4.0},{"damage":4.0,"enemies":"3 Sentries","floor":11.0,"turns":10.0},{"damage":0.0,"enemies":"Small Slimes","floor":12.0,"turns":3.0},{"damage":4.0,"enemies":"Gremlin Nob","floor":13.0,"turns":4.0},{"damage":0.0,"enemies":"2 Fungi Beasts","floor":14.0,"turns":3.0},{"damage":0.0,"enemies":"Hexaghost","floor":16.0,"turns":5.0},{"damage":12.0,"enemies":"2 Thieves","floor":18.0,"turns":4.0},{"damage":3.0,"enemies":"3 Byrds","floor":19.0,"turns":4.0},{"damage":4.0,"enemies":"Centurion and Healer","floor":20.0,"turns":9.0},{"damage":0.0,"enemies":"Gremlin Leader","floor":23.0,"turns":4.0},{"damage":34.0,"enemies":"Book of Stabbing","floor":25.0,"turns":6.0},{"damage":10.0,"enemies":"3 Cultists","floor":27.0,"turns":6.0},{"damage":1,"enemies":"Snake Plant","floor":28,"turns":7},{"damage":30,"enemies":"Sentry and Sphere","floor":29,"turns":12},{"damage":16,"enemies":"Centurion and Healer","floor":30,"turns":5},{"damage":38,"enemies":"hubris:MusketHawk","floor":33,"turns":10},{"damage":6,"enemies":"Orb Walker","floor":35,"turns":4},{"damage":0,"enemies":"3 Shapes","floor":37,"turns":3},{"damage":16,"enemies":"Transient","floor":38,"turns":5},{"damage":32,"enemies":"2 Orb Walkers","floor":39,"turns":4},{"damage":10,"enemies":"Writhing Mass","floor":45,"turns":8},{"damage":22,"enemies":"Sphere and 2 Shapes","floor":46,"turns":10},{"damage":16,"enemies":"3 Darklings","floor":47,"turns":6},{"damage":9,"enemies":"Awakened One","floor":50,"turns":10},{"damage":72,"enemies":"Shield and Spear","floor":54,"turns":9},{"damage":143,"enemies":"The Heart","floor":55,"turns":10}],"seed_played":"2333115372043671327","potions_obtained":[{"floor":1.0,"key":"BlessingOfTheForge"},{"floor":11.0,"key":"SpeedPotion"},{"floor":12.0,"key":"Energy Potion"},{"floor":19.0,"key":"sneckomod:MuddlingPotion"},{"floor":20.0,"key":"Swift Potion"},{"floor":23.0,"key":"Dexterity Potion"},{"floor":25.0,"key":"Swift Potion"},{"floor":29,"key":"SkillPotion"},{"floor":30,"key":"Block Potion"},{"floor":37,"key":"SkillPotion"},{"floor":38,"key":"Block Potion"},{"floor":39,"key":"jedi:StrikingPotion"},{"floor":46,"key":"SpeedPotion"},{"floor":54,"key":"BlessingOfTheForge"}],"is_trial":false,"path_per_floor":["M","M","?","?","$","R","?","E","T","R","E","M","E","M","R","B",null,"M","M","M","$","?","E","R","E","T","M","M","M","M","?","R","B",null,"M","?","M","M","?","R","T","R","T","R","M","M","M","$","R","B",null,"R","$","E","B",null],"character_chosen":"The_Alterego","items_purchased":["alterego_mod:ChallengeComplete","alterego_mod:BiFurious","alterego_mod:BustOut","hubris:SlimyHat","DollysMirror","alterego_mod:BusterCard+1","alterego_mod:Rake+1","alterego_mod:SakuraLabyrinth"],"campfire_rested":2,"item_purchase_floors":[5,5,21,21,48,48,53,53],"current_hp_per_floor":[71,71,57,57,57,57,57,51,51,72,69,69,66,75,75,75,75,64,69,78,78,78,85,85,52,52,49,71,49,44,44,71,38,91,92,92,92,84,71,71,71,71,71,71,66,96,81,81,81,93,98,98,98,98,25],"gold":32,"neow_bonus":"RANDOM_COMMON_RELIC","is_daily":false,"chose_seed":false,"campfire_upgraded":7,"win_rate":0.0,"timestamp":1607775526,"path_taken":["M","?","?","?","$","R","?","E","T","R","E","M","E","M","R","BOSS","M","?","M","$","?","E","R","E","T","M","M","M","M","?","R","BOSS","M","?","M","M","?","R","?","R","T","R","M","M","M","?","R","BOSS","R","$","E","BOSS"],"items_purchased_type":["Card","Card","Card","Relic","Relic","Card","Card","Card"],"build_version":"2020-11-30","purchased_purges":0,"victory":true,"max_hp_per_floor":[71,72,72,72,72,72,72,73,73,73,74,74,75,75,75,75,75,76,77,78,78,78,85,85,86,86,87,88,89,90,90,90,91,91,92,92,92,93,94,94,94,94,94,94,95,96,97,97,97,98,98,98,98,99,100],"card_choices":[{"not_picked":["alterego_mod:Bloomers","alterego_mod:DeftHands"],"picked":"alterego_mod:Maid","floor":1.0},{"not_picked":["alterego_mod:Clap","alterego_mod:GoddessCore"],"picked":"alterego_mod:Cushion","floor":2.0},{"not_picked":["alterego_mod:MagicResistance","alterego_mod:1TonWallop"],"picked":"alterego_mod:Vow","floor":8.0},{"not_picked":["alterego_mod:Clap","alterego_mod:Skirt"],"picked":"alterego_mod:Collar","floor":11.0},{"not_picked":["alterego_mod:BiFurious","alterego_mod:Collar"],"picked":"alterego_mod:Belle","floor":12.0},{"not_picked":["alterego_mod:HighServant","alterego_mod:Complex+1"],"picked":"alterego_mod:Undulate","floor":13.0},{"not_picked":["alterego_mod:Skirt+1","alterego_mod:Complex+1"],"picked":"alterego_mod:Cushion","floor":14.0},{"not_picked":["alterego_mod:Vow","alterego_mod:TrickOrTreatment"],"picked":"alterego_mod:STier","floor":16.0},{"not_picked":["alterego_mod:SuperDuperMasochism","alterego_mod:Maid+1"],"picked":"alterego_mod:Mirror","floor":18.0},{"not_picked":["alterego_mod:TrashNCrash","alterego_mod:BiFurious+1"],"picked":"alterego_mod:ChallengeComplete","floor":19.0},{"not_picked":["alterego_mod:Crossover","alterego_mod:DeftHands+1"],"picked":"alterego_mod:Rip","floor":20.0},{"not_picked":["alterego_mod:MagicResistance+1","alterego_mod:DustData+1"],"picked":"alterego_mod:TrickOrTreatment","floor":23.0},{"not_picked":["alterego_mod:BustOut","alterego_mod:PerceptionDisorder"],"picked":"alterego_mod:TrashNCrash","floor":25.0},{"not_picked":["alterego_mod:IndependentAction","alterego_mod:Mirror"],"picked":"alterego_mod:Bounce+1","floor":27.0},{"not_picked":["alterego_mod:IndependentAction","alterego_mod:Cycle"],"picked":"alterego_mod:Schoolgirl","floor":28},{"not_picked":["alterego_mod:SakuraPetals+1","alterego_mod:BiFurious+1"],"picked":"alterego_mod:Cooking+1","floor":29},{"not_picked":["alterego_mod:1TonWallop+1","alterego_mod:DustData+1"],"picked":"alterego_mod:Bounce+1","floor":30},{"not_picked":["alterego_mod:InsideBaseball","alterego_mod:TrickOrTreatment"],"picked":"alterego_mod:Venus+1","floor":33},{"not_picked":["alterego_mod:Cycle","alterego_mod:PurpleHair"],"picked":"alterego_mod:Pet+1","floor":35},{"not_picked":["alterego_mod:DiscoLights","alterego_mod:Birthday+1"],"picked":"alterego_mod:Smother","floor":37},{"not_picked":["alterego_mod:BustOut+1","alterego_mod:GoddessCore+1"],"picked":"alterego_mod:TrickOrTreatment","floor":38},{"not_picked":["alterego_mod:Exercise+1","alterego_mod:BiFurious+1"],"picked":"alterego_mod:MagicResistance+1","floor":39},{"not_picked":["alterego_mod:IndependentAction","alterego_mod:BiFurious+1"],"picked":"alterego_mod:MagicResistance","floor":45},{"not_picked":["alterego_mod:BoobPocket","alterego_mod:Skirt+1"],"picked":"alterego_mod:Table","floor":46},{"not_picked":["alterego_mod:TrashNCrash","alterego_mod:BiFurious+1"],"picked":"alterego_mod:Crossover","floor":47},{"not_picked":["alterego_mod:Table+1","alterego_mod:Maid+1"],"picked":"alterego_mod:DiscoLights+1","floor":54}],"player_experience":498419,"relics_obtained":[{"floor":8.0,"key":"Omamori"},{"floor":9.0,"key":"Kunai"},{"floor":11.0,"key":"jedi:kaleidoscope"},{"floor":13.0,"key":"Molten Egg 2"},{"floor":23.0,"key":"Strawberry"},{"floor":25.0,"key":"Tiny Chest"},{"floor":39,"key":"hubris:BundleOfHerbs"},{"floor":41,"key":"Toy Ornithopter"},{"floor":43,"key":"Akabeko"},{"floor":54,"key":"jedi:Pinwheel"}],"event_choices":[{"damage_healed":0.0,"max_hp_gain":0.0,"max_hp_loss":0.0,"gold_gain":0.0,"event_name":"Shining Light","player_choice":"Entered Light","floor":3.0,"gold_loss":0.0,"damage_taken":14.0,"cards_upgraded":["alterego_mod:Defend","alterego_mod:Defend"]},{"damage_healed":0.0,"max_hp_gain":0.0,"max_hp_loss":0.0,"gold_gain":0.0,"event_name":"Golden Wing","player_choice":"Ignored","floor":4.0,"gold_loss":0.0,"damage_taken":0.0},{"damage_healed":0.0,"max_hp_gain":0.0,"max_hp_loss":0.0,"gold_gain":0.0,"event_name":"Purifier","player_choice":"Ignored","floor":7.0,"gold_loss":0.0,"damage_taken":0.0},{"damage_healed":0,"gold_gain":0,"player_choice":"Upgrade","damage_taken":0,"max_hp_gain":0,"max_hp_loss":0,"event_name":"Designer","floor":31,"gold_loss":40,"cards_upgraded":["alterego_mod:ChallengeComplete"]},{"damage_healed":0,"gold_gain":0,"player_choice":"Ignored","damage_taken":0,"max_hp_gain":0,"max_hp_loss":0,"event_name":"Tomb of Lord Red Mask","floor":36,"gold_loss":0},{"damage_healed":0,"gold_gain":0,"player_choice":"Fight","damage_taken":0,"max_hp_gain":0,"max_hp_loss":0,"event_name":"Mysterious Sphere","floor":39,"gold_loss":0}],"is_beta":false,"boss_relics":[{"not_picked":["hubris:ScarierMask","hubris:RunicObelisk"],"picked":"SacredBark"},{"not_picked":["Runic Pyramid","jedi:hotpepper"],"picked":"SlaversCollar"}],"items_purged_floors":[],"is_endless":false,"potions_floor_spawned":[1,11,12,19,20,23,25,29,30,37,38,39,46,54],"ascension_level":0}}