{"host":"1","time":1607803217,"event":{"mods":["Act Like it!","BaseMod","Better Third Choice","Hubris","Jorbs\u0027s Wanderer Trilogy","Minty Spire (QoL Compilation)","Replay The Spire","Shade Mod","StSLib","The Cursed","The Mystic","Wandering Minibosses"],"gold_per_floor":[110,122,122,122,138,152,167,201,214,35,35,35,35,48,48,66,66,169,169,182,80,92,109,109,143,143,143,143],"floor_reached":27,"playtime":899,"items_purged":["Pain"],"score":274,"play_id":"b36f51d4-d78f-4cf4-9531-8f257994dd06","local_time":"20201212230017","is_ascension_mode":true,"campfire_choices":[{"floor":12,"key":"REST"},{"data":"Pommel Strike","floor":15,"key":"SMITH"},{"floor":17,"key":"REST"}],"circlet_count":0,"master_deck":["Strike_R","Strike_R","Strike_R","Strike_R","Defend_R","Defend_R","Defend_R","Defend_R","Bash","Evolve","Run Through","Metallicize","Feed","Cleave","Clash","Apotheosis+1","Pommel Strike+1","Iron Wave","Demon Form+1","ReplayTheSpireMod:Stacked","Flex+1","Inflame","hubris:ReadiedAction","Rage"],"relics":["Burning Blood","Golden Egg","Nunchaku","WarpedTongs","ChewingGum","Toy Ornithopter"],"acts_visited":["Exordium","TheCity"],"potions_floor_usage":[8,8,18,18,18,25,25],"damage_taken":[{"damage":11,"enemies":"Jaw Worm","floor":1,"turns":2},{"damage":6,"enemies":"Cultist","floor":2,"turns":4},{"damage":8,"enemies":"Small Slimes","floor":5,"turns":4},{"damage":12,"enemies":"Looter","floor":6,"turns":4},{"damage":13,"enemies":"2 Fungi Beasts","floor":7,"turns":4},{"damage":35,"enemies":"Gremlin Nob","floor":8,"turns":5},{"damage":22,"enemies":"Blue Slaver","floor":9,"turns":5},{"damage":8,"enemies":"Exordium Thugs","floor":14,"turns":4},{"damage":13,"enemies":"Exordium Wildlife","floor":16,"turns":4},{"damage":77,"enemies":"Hexaghost","floor":18,"turns":8},{"damage":22,"enemies":"2 Thieves","floor":20,"turns":4},{"damage":13,"enemies":"Chosen","floor":22,"turns":6},{"damage":28,"enemies":"Shelled Parasite and Fungi","floor":23,"turns":5},{"damage":27,"enemies":"Slavers","floor":25,"turns":4},{"damage":40,"enemies":"Book of Stabbing","floor":27,"turns":3}],"seed_played":"-3022349889732127839","potions_obtained":[{"floor":2,"key":"BloodPotion"},{"floor":5,"key":"Milkshake"},{"floor":6,"key":"Fire Potion"},{"floor":8,"key":"LiquidMemories"},{"floor":14,"key":"Ancient Potion"},{"floor":16,"key":"Dexterity Potion"},{"floor":20,"key":"SkillPotion"},{"floor":22,"key":"LifebloodPotion"}],"is_trial":false,"path_per_floor":["M","M","PTL","PTL","M","M","M","E","M","$","T","R","?","M","R","M","R","B",null,"M","$","M","M","T","E","?","E"],"character_chosen":"IRONCLAD","items_purchased":["Apotheosis","Flex"],"campfire_rested":2,"item_purchase_floors":[10,21],"current_hp_per_floor":[75,75,75,75,73,67,63,50,37,37,37,62,62,63,63,60,87,16,93,81,81,78,56,56,35,35,0,0],"gold":143,"neow_bonus":"THREE_CARDS","is_daily":false,"chose_seed":false,"campfire_upgraded":1,"win_rate":0.0,"timestamp":1607803217,"path_taken":["M","M","PTL","PTL","M","M","M","E","M","$","T","R","?","?","R","M","R","BOSS","M","$","M","M","?","E","?","E"],"items_purchased_type":["Card","Card"],"build_version":"2020-11-17","purchased_purges":1,"victory":false,"max_hp_per_floor":[80,80,80,80,80,80,83,83,86,86,86,86,86,89,89,93,93,93,93,97,97,101,101,101,101,101,101,101],"card_choices":[{"not_picked":["Clothesline","Heavy Blade"],"picked":"Evolve","floor":0},{"not_picked":["Anger","Rage"],"picked":"Run Through","floor":1},{"not_picked":["Heavy Blade","Wild Strike"],"picked":"Metallicize","floor":2},{"not_picked":["Sword Boomerang","Anger","Thunderclap"],"picked":"SKIP","floor":5},{"not_picked":["Battle Trance","Run Through"],"picked":"Feed","floor":6},{"not_picked":["Sword Boomerang","Massacre"],"picked":"Cleave","floor":7},{"not_picked":["Run Through","Defy Death","Iron Wave"],"picked":"SKIP","floor":8},{"not_picked":["Twin Strike","Sword Boomerang"],"picked":"Clash","floor":9},{"not_picked":["Clothesline","Intimidate"],"picked":"Pommel Strike","floor":14},{"not_picked":["Sword Boomerang","Rupture"],"picked":"Iron Wave","floor":16},{"not_picked":["Impervious","Berserk"],"picked":"Demon Form","floor":18},{"not_picked":["Perfected Strike","Bloodletting"],"picked":"ReplayTheSpireMod:Stacked","floor":20},{"not_picked":["Infernal Blade","Feel No Pain"],"picked":"Inflame","floor":22},{"not_picked":["Replay:Undeath\u0027s Touch+1","Perfected Strike"],"picked":"hubris:ReadiedAction","floor":23},{"not_picked":["Perfected Strike","Iron Wave"],"picked":"Rage","floor":25}],"player_experience":48490,"relics_obtained":[{"floor":8,"key":"Golden Egg"},{"floor":11,"key":"Nunchaku"},{"floor":25,"key":"Toy Ornithopter"}],"event_choices":[{"damage_healed":0,"gold_gain":0,"player_choice":"Rummage","damage_taken":0,"relics_obtained":["WarpedTongs"],"max_hp_gain":0,"max_hp_loss":0,"event_name":"Accursed Blacksmith","floor":13,"gold_loss":0,"cards_obtained":["Pain"]},{"cards_removed":["Strike_R"],"damage_healed":0,"gold_gain":0,"player_choice":"Elegance","damage_taken":0,"max_hp_gain":0,"max_hp_loss":0,"event_name":"betterThird:BetterWriting","floor":26,"gold_loss":0}],"is_beta":true,"boss_relics":[{"not_picked":["Snecko Eye","Replay:Grab Bag"],"picked":"ChewingGum"}],"items_purged_floors":[21],"is_endless":false,"potions_floor_spawned":[2,5,6,8,14,16,20,22],"killed_by":"Book of Stabbing","ascension_level":1}}