{"host":"a1eatafr7pisesky","time":1607756982,"event":{"mods":["BaseMod","Colored Map","DeckTracker","Highlight Path","Keyboard Shortcuts","Minty Spire (QoL Compilation)","Permanent Neow","Random Character Button","StSLib","SuperFastMode","everything is the same but u backflip on backflip"],"gold_per_floor":[112,37,49,61,75,75,106,165,243,243,263,263,282,301,301,403,403,420,320,339,33,48,48,64,64,64],"floor_reached":25,"playtime":720,"items_purged":["Strike_G","Defend_G","Strike_G"],"score":228,"play_id":"0c7119ab-47cc-4ccc-94c6-3271426a6215","local_time":"20201212160942","is_ascension_mode":true,"campfire_choices":[{"data":"Cloak And Dagger","floor":6.0,"key":"SMITH"},{"data":"Backflip","floor":12.0,"key":"SMITH"},{"data":"Riddle With Holes","floor":15.0,"key":"SMITH"},{"data":"Apotheosis","floor":23.0,"key":"SMITH"}],"circlet_count":0,"master_deck":["Strike_G","Strike_G","Strike_G","Defend_G","Defend_G","Defend_G","Defend_G","Survivor","Neutralize","Wraith Form v2","Dagger Spray","Terror","Riddle With Holes+1","Cloak And Dagger+1","Backflip+1","Footwork","Blur","Corpse Explosion","Dagger Spray","Burst","Acrobatics","Backstab","Apotheosis+1","Escape Plan","PiercingWail+1"],"relics":["Ring of the Snake","StoneCalendar","Akabeko","Blue Candle","SlaversCollar"],"acts_visited":["Exordium","TheCity"],"potions_floor_usage":[],"damage_taken":[{"damage":1.0,"enemies":"Small Slimes","floor":1.0,"turns":4.0},{"damage":0.0,"enemies":"2 Louse","floor":3.0,"turns":2.0},{"damage":0.0,"enemies":"Cultist","floor":4.0,"turns":3.0},{"damage":0.0,"enemies":"3 Louse","floor":5.0,"turns":2.0},{"damage":45.0,"enemies":"3 Sentries","floor":7.0,"turns":9.0},{"damage":2.0,"enemies":"3 Sentries","floor":8.0,"turns":3.0},{"damage":0.0,"enemies":"Lots of Slimes","floor":11.0,"turns":1.0},{"damage":0.0,"enemies":"Blue Slaver","floor":13.0,"turns":4.0},{"damage":7.0,"enemies":"Gremlin Gang","floor":14.0,"turns":4.0},{"damage":12.0,"enemies":"Hexaghost","floor":16.0,"turns":8.0},{"damage":7.0,"enemies":"Chosen","floor":18.0,"turns":3.0},{"damage":19.0,"enemies":"2 Thieves","floor":20.0,"turns":4.0},{"damage":10.0,"enemies":"Snake Plant","floor":22.0,"turns":5.0},{"damage":17.0,"enemies":"Snecko","floor":24.0,"turns":6.0},{"damage":0,"enemies":"Sentry and Sphere","floor":25,"turns":1}],"seed_played":"-5623742451051438140","potions_obtained":[{"floor":3.0,"key":"Fire Potion"},{"floor":7.0,"key":"ColorlessPotion"},{"floor":8.0,"key":"SteroidPotion"},{"floor":10.0,"key":"EntropicBrew"},{"floor":10.0,"key":"LiquidBronze"},{"floor":14.0,"key":"Fruit Juice"},{"floor":18.0,"key":"Weak Potion"},{"floor":20.0,"key":"Energy Potion"},{"floor":22.0,"key":"Block Potion"},{"floor":24.0,"key":"ColorlessPotion"}],"is_trial":false,"path_per_floor":["M","$","M","M","M","R","E","?","T","?","M","R","M","M","R","B",null,"M","$","M","$","M","R","M","M"],"character_chosen":"THE_SILENT","items_purchased":["Apotheosis"],"campfire_rested":0,"item_purchase_floors":[21],"current_hp_per_floor":[62,62,62,62,62,62,17,15,15,15,15,15,15,13,13,1,68,61,61,42,42,32,32,15,15,15],"gold":64,"neow_bonus":"THREE_RARE_CARDS","is_daily":false,"chose_seed":false,"campfire_upgraded":4,"win_rate":0.0,"timestamp":1607756982,"path_taken":["M","$","M","M","M","R","E","?","T","?","M","R","M","M","R","BOSS","M","$","M","$","M","R","M","M"],"items_purchased_type":["Card"],"build_version":"2020-11-30","purchased_purges":3,"victory":false,"max_hp_per_floor":[63,63,63,63,63,63,63,63,63,63,63,63,63,68,68,68,68,68,68,68,68,68,68,68,68,68],"card_choices":[{"not_picked":["Doppelganger","Envenom"],"picked":"Wraith Form v2","floor":0.0},{"not_picked":["Quick Slash","Slice"],"picked":"Dagger Spray","floor":1.0},{"not_picked":["Infinite Blades","Dodge and Roll"],"picked":"Terror","floor":3.0},{"not_picked":["Dagger Spray","Escape Plan"],"picked":"Riddle With Holes","floor":4.0},{"not_picked":["Sucker Punch","Flying Knee"],"picked":"Cloak And Dagger","floor":5.0},{"not_picked":["Footwork","Deadly Poison"],"picked":"Backflip","floor":7.0},{"not_picked":["Blade Dance","Poisoned Stab"],"picked":"Footwork","floor":8.0},{"not_picked":["Flechettes","Flying Knee"],"picked":"Blur","floor":11.0},{"not_picked":["Choke","Expertise"],"picked":"Corpse Explosion","floor":13.0},{"not_picked":["Well Laid Plans","Endless Agony"],"picked":"Dagger Spray","floor":14.0},{"not_picked":["Malaise","Wraith Form v2"],"picked":"Burst","floor":16.0},{"not_picked":["Prepared+1","Slice"],"picked":"Acrobatics","floor":18.0},{"not_picked":["Dagger Spray","Expertise"],"picked":"Backstab","floor":20.0},{"not_picked":["Sucker Punch","Backflip+1"],"picked":"Escape Plan","floor":22.0},{"not_picked":["Flechettes","Masterful Stab"],"picked":"PiercingWail+1","floor":24.0}],"player_experience":199152,"relics_obtained":[{"floor":7.0,"key":"StoneCalendar"},{"floor":9.0,"key":"Blue Candle"}],"event_choices":[{"damage_healed":0.0,"max_hp_gain":0.0,"max_hp_loss":0.0,"gold_gain":0.0,"event_name":"Dead Adventurer","player_choice":"Searched \u00273\u0027 times","floor":8.0,"gold_loss":0.0,"damage_taken":0.0,"relics_obtained":["Akabeko"]},{"damage_healed":0.0,"max_hp_gain":0.0,"max_hp_loss":0.0,"gold_gain":0.0,"event_name":"Lab","player_choice":"Got Potions","floor":10.0,"gold_loss":0.0,"damage_taken":0.0}],"is_beta":false,"boss_relics":[{"not_picked":["HoveringKite","WristBlade"],"picked":"SlaversCollar"}],"items_purged_floors":[2,19,21],"is_endless":false,"potions_floor_spawned":[3,7,8,11,14,18,20,22,24],"killed_by":"Sentry and Sphere","ascension_level":2}}