{"host":"91qk9v3o49otpvon","time":1607809193,"event":{"mods":["A Magickal Journey","Act Like it!","Astrologer","BaseMod","Downfall","Elementarium","Fireblade Mod","GungeonMod","Hallownest","Hermit","JesterMod","Luminous","Minty Spire (QoL Compilation)","Quick Restart","Remilia??????","SOS???????","StSLib","The Animator","The Bug Knight","The Exalted","The Judge","The Kombatant","The Necromancer","The Servant 0.9.4","The Wild Card","TheHero","TheSwordswoman"],"gold_per_floor":[115,69,82,82,36,54,54,54,54,72,72,88,106,71,71,71,71],"floor_reached":16,"playtime":607,"items_purged":[],"score":92,"play_id":"40f92ef2-a9b3-4c56-954f-fcb728316131","local_time":"20201212213953","is_ascension_mode":false,"campfire_choices":[{"floor":7,"key":"REST"},{"floor":11,"key":"RECALL"},{"floor":15,"key":"REST"}],"circlet_count":0,"master_deck":["jesterMod:Strike","jesterMod:Strike","jesterMod:Strike","jesterMod:Strike","jesterMod:Sickle","jesterMod:Defend","jesterMod:Defend","jesterMod:Defend","jesterMod:Defend","jesterMod:Dodge","jesterMod:BouncingKnife","jesterMod:Tinker","jesterMod:Rebuff","jesterMod:SmokeScreen","jesterMod:Precipitation","jesterMod:Anticipation","jesterMod:QuickStrike","jesterMod:SmokeScreen"],"relics":["jesterMod:JesterCap","DemoMod:MeltedRock"],"acts_visited":["Exordium"],"potions_floor_usage":[16,16,16],"damage_taken":[{"damage":8,"enemies":"Cultist","floor":1,"turns":5},{"damage":0,"enemies":"Small Slimes","floor":3,"turns":3},{"damage":0,"enemies":"2 Louse","floor":6,"turns":3},{"damage":7,"enemies":"Red Slaver","floor":10,"turns":3},{"damage":5,"enemies":"3 Louse","floor":12,"turns":3},{"damage":25,"enemies":"Exordium Thugs","floor":13,"turns":6},{"damage":82,"enemies":"Hexaghost","floor":16,"turns":15}],"seed_played":"8309317256321623783","potions_obtained":[{"floor":8,"key":"SneckoOil"},{"floor":8,"key":"Swift Potion"},{"floor":8,"key":"DistilledChaos"},{"floor":10,"key":"LiquidBronze"}],"is_trial":false,"path_per_floor":["M","$","M","?","$","M","R","?","T","M","R","M","M","?","R","B"],"character_chosen":"THE_JESTER","items_purchased":["jesterMod:Tinker","jesterMod:SmokeScreen"],"campfire_rested":2,"item_purchase_floors":[2,5],"current_hp_per_floor":[69,69,69,69,69,69,77,77,77,70,70,65,40,59,77,0,0],"gold":71,"neow_bonus":"TEN_PERCENT_HP_BONUS","is_daily":false,"chose_seed":false,"campfire_upgraded":0,"win_rate":0.0,"timestamp":1607809193,"path_taken":["M","?","M","?","$","M","R","?","T","?","R","M","M","?","R","BOSS"],"items_purchased_type":["Card","Card"],"build_version":"2020-11-30","purchased_purges":0,"victory":false,"max_hp_per_floor":[77,77,77,77,77,77,77,77,77,77,77,77,77,77,77,77,77],"card_choices":[{"not_picked":["jesterMod:Talion","jesterMod:MudBall"],"picked":"jesterMod:BouncingKnife","floor":1},{"not_picked":["jesterMod:Precipitation","jesterMod:JackInTheBox"],"picked":"jesterMod:Rebuff","floor":3},{"not_picked":["jesterMod:Arrythmia","jesterMod:Patience"],"picked":"jesterMod:Precipitation","floor":6},{"not_picked":["jesterMod:Tinker","jesterMod:Prankster"],"picked":"jesterMod:Anticipation","floor":10},{"not_picked":["jesterMod:JackInTheBox","jesterMod:DaggerRain"],"picked":"jesterMod:QuickStrike","floor":12},{"not_picked":["jesterMod:Hide","jesterMod:Precipitation"],"picked":"jesterMod:SmokeScreen","floor":13}],"player_experience":210847,"relics_obtained":[{"floor":9,"key":"DemoMod:MeltedRock"}],"event_choices":[{"damage_healed":0,"gold_gain":0,"player_choice":"Ignored","damage_taken":0,"max_hp_gain":0,"max_hp_loss":0,"event_name":"Golden Wing","floor":4,"gold_loss":0},{"damage_healed":0,"gold_gain":0,"player_choice":"Got Potions","damage_taken":0,"max_hp_gain":0,"max_hp_loss":0,"event_name":"Lab","floor":8,"gold_loss":0},{"damage_healed":19,"gold_gain":0,"player_choice":"Healed","damage_taken":0,"max_hp_gain":0,"max_hp_loss":0,"event_name":"The Cleric","floor":14,"gold_loss":35}],"is_beta":false,"boss_relics":[],"items_purged_floors":[],"is_endless":false,"potions_floor_spawned":[10,12],"killed_by":"Hexaghost","ascension_level":0}}