{"host":"uv231blk40vjdojr","time":1607788573,"event":{"mods":["BaseMod","Minty Spire (QoL Compilation)","Relic Stats"],"gold_per_floor":[113,38,57,72,87,114,34,34,34,34,47,47,66,101,101,173,173,190,190,209,228,228,228,256,256,256,271,271,290,41,58,58,58,58],"floor_reached":33,"playtime":1571,"items_purged":[],"score":527,"play_id":"4d4a49f9-d216-43ed-b321-0abc0b947636","local_time":"20201212165613","is_ascension_mode":true,"campfire_choices":[{"floor":8.0,"key":"REST"},{"floor":15.0,"key":"REST"},{"floor":23.0,"key":"REST"},{"data":"Aggregate","floor":25.0,"key":"SMITH"},{"data":"Loop","floor":28.0,"key":"SMITH"},{"data":"Hologram","floor":32.0,"key":"SMITH"}],"circlet_count":0,"master_deck":["AscendersBane","Defend_B","Defend_B","Defend_B","Defend_B","Zap","Dualcast","Lockon","FTL","Rip and Tear","Doom and Gloom","FTL","Rainbow","Recycle","Loop+1","Ball Lightning","Echo Form","Sweeping Beam+1","Steam+1","Self Repair","Bite","Bite","Bite","Bite","Bite","Compile Driver+1","Aggregate+1","Reinforced Body","Hologram+1","Echo Form","Compile Driver","FTL+1"],"relics":["Cracked Core","Art of War","Mercury Hourglass","Pocketwatch","Thread and Needle","Dream Catcher","Sozu","MutagenicStrength","Orichalcum","Prayer Wheel","Anchor"],"acts_visited":["Exordium","TheCity"],"potions_floor_usage":[],"damage_taken":[{"damage":1.0,"enemies":"Cultist","floor":1.0,"turns":3.0},{"damage":10.0,"enemies":"Small Slimes","floor":3.0,"turns":3.0},{"damage":7.0,"enemies":"Jaw Worm","floor":4.0,"turns":3.0},{"damage":14.0,"enemies":"3 Louse","floor":5.0,"turns":2.0},{"damage":30.0,"enemies":"Gremlin Nob","floor":6.0,"turns":4.0},{"damage":0.0,"enemies":"Exordium Thugs","floor":11.0,"turns":3.0},{"damage":0.0,"enemies":"Looter","floor":13.0,"turns":2.0},{"damage":14.0,"enemies":"Lagavulin","floor":14.0,"turns":5.0},{"damage":28.0,"enemies":"Hexaghost","floor":16.0,"turns":8.0},{"damage":16.0,"enemies":"Shell Parasite","floor":18.0,"turns":3.0},{"damage":8.0,"enemies":"3 Byrds","floor":20.0,"turns":2.0},{"damage":3.0,"enemies":"Cultist and Chosen","floor":21.0,"turns":3.0},{"damage":9.0,"enemies":"Gremlin Leader","floor":24.0,"turns":5.0},{"damage":8.0,"enemies":"Snecko","floor":27.0,"turns":3.0},{"damage":10.0,"enemies":"Snake Plant","floor":29.0,"turns":4.0},{"damage":1.0,"enemies":"Cultist and Chosen","floor":31.0,"turns":4.0},{"damage":72,"enemies":"Collector","floor":33,"turns":7}],"seed_played":"-8291653871223659286","potions_obtained":[{"floor":3.0,"key":"PowerPotion"},{"floor":13.0,"key":"SteroidPotion"},{"floor":14.0,"key":"Explosive Potion"}],"is_trial":false,"path_per_floor":["M","$","M","M","M","E","?","R","T","$","M","$","M","E","R","B",null,"M","?","M","M","?","R","E","R","T","M","R","M","$","M","R","B"],"character_chosen":"DEFECT","items_purchased":["FTL","Anchor","Echo Form"],"campfire_rested":3,"item_purchase_floors":[2,30,30],"current_hp_per_floor":[63,63,53,46,32,2,2,23,23,23,23,23,23,9,30,2,54,38,38,30,27,27,41,42,42,42,40,40,43,43,49,49,0,0],"gold":58,"neow_bonus":"RANDOM_COMMON_RELIC","is_daily":false,"chose_seed":false,"campfire_upgraded":3,"win_rate":0.0,"timestamp":1607788573,"path_taken":["M","$","M","M","?","E","?","R","T","$","M","$","?","E","R","BOSS","M","?","M","M","?","R","E","R","T","M","R","M","$","?","R","BOSS"],"items_purchased_type":["Card","Relic","Card"],"build_version":"2020-11-30","purchased_purges":0,"victory":false,"max_hp_per_floor":[71,71,71,71,71,71,71,71,71,71,71,71,71,71,71,71,71,71,71,71,71,49,49,49,49,49,49,49,49,49,49,49,49,49],"relic_stats":{"Sozu":3,"Dream Catcher":2,"counters":[17,63],"Prayer Wheel":3,"Art of War":[5],"Orichalcum":[18],"obtain_stats":[{"Sozu":17,"Dream Catcher":14,"Anchor":30,"MutagenicStrength":19,"Thread and Needle":9,"Prayer Wheel":26,"Art of War":0,"Orichalcum":24,"Cracked Core":0,"Mercury Hourglass":6,"Pocketwatch":7},{"Sozu":9,"Dream Catcher":8,"Anchor":15,"MutagenicStrength":10,"Thread and Needle":5,"Prayer Wheel":13,"Art of War":0,"Orichalcum":13,"Cracked Core":0,"Mercury Hourglass":5,"Pocketwatch":5},{"Sozu":33,"Dream Catcher":25,"Anchor":52,"MutagenicStrength":36,"Thread and Needle":15,"Prayer Wheel":46,"Art of War":0,"Orichalcum":46,"Cracked Core":0,"Mercury Hourglass":15,"Pocketwatch":15}],"Mercury Hourglass":[199],"Pocketwatch":[42]},"card_choices":[{"not_picked":["Hologram","Defragment"],"picked":"Lockon","floor":1.0},{"not_picked":["Redo","Go for the Eyes"],"picked":"Rip and Tear","floor":3.0},{"not_picked":["Heatsinks","Stack"],"picked":"Doom and Gloom","floor":4.0},{"not_picked":["Tempest","Beam Cell"],"picked":"FTL","floor":5.0},{"not_picked":["Leap","Tempest"],"picked":"Rainbow","floor":6.0},{"not_picked":["Gash","Reprogram","Sweeping Beam"],"picked":"SKIP","floor":11.0},{"not_picked":["Rip and Tear","Coolheaded"],"picked":"Recycle","floor":13.0},{"not_picked":["Hello World","Streamline"],"picked":"Loop","floor":14.0},{"not_picked":["Meteor Strike","Streamline"],"picked":"Ball Lightning","floor":15.0},{"not_picked":["Meteor Strike","Buffer"],"picked":"Echo Form","floor":16.0},{"not_picked":["Reprogram+1","Leap"],"picked":"Sweeping Beam+1","floor":18.0},{"not_picked":["Beam Cell","Defragment"],"picked":"Steam+1","floor":20.0},{"not_picked":["Go for the Eyes","Fusion"],"picked":"Self Repair","floor":21.0},{"not_picked":["Ball Lightning","Conserve Battery"],"picked":"Compile Driver+1","floor":23.0},{"not_picked":["Loop","Lockon"],"picked":"Aggregate","floor":24.0},{"not_picked":["Redo","Leap","Melter"],"picked":"SKIP","floor":27.0},{"not_picked":["Darkness","Rebound","Gash"],"picked":"SKIP","floor":27.0},{"not_picked":["Aggregate","Consume"],"picked":"Reinforced Body","floor":29.0},{"not_picked":["Scrape","Double Energy"],"picked":"Hologram","floor":29.0},{"not_picked":["Static Discharge","Self Repair"],"picked":"Compile Driver","floor":31.0},{"not_picked":["Go for the Eyes+1","Barrage"],"picked":"FTL+1","floor":31.0}],"player_experience":472898,"relics_obtained":[{"floor":6.0,"key":"Mercury Hourglass"},{"floor":9.0,"key":"Thread and Needle"},{"floor":14.0,"key":"Dream Catcher"},{"floor":24.0,"key":"Orichalcum"},{"floor":26.0,"key":"Prayer Wheel"}],"event_choices":[{"damage_healed":0.0,"max_hp_gain":0.0,"max_hp_loss":0.0,"gold_gain":0.0,"event_name":"WeMeetAgain","player_choice":"Paid Gold","floor":7.0,"gold_loss":80.0,"damage_taken":0.0,"relics_obtained":["Pocketwatch"]},{"damage_healed":0.0,"max_hp_gain":0.0,"max_hp_loss":0.0,"gold_gain":0.0,"event_name":"Drug Dealer","player_choice":"Inject Mutagens","floor":19.0,"gold_loss":0.0,"damage_taken":0.0,"relics_obtained":["MutagenicStrength"]},{"damage_healed":0.0,"max_hp_gain":0.0,"max_hp_loss":22.0,"gold_gain":0.0,"event_name":"Vampires","player_choice":"Became a vampire","floor":22.0,"gold_loss":0.0,"damage_taken":0.0,"cards_obtained":["Bite","Bite","Bite","Bite","Bite"]}],"is_beta":false,"boss_relics":[{"not_picked":["Coffee Dripper","Fusion Hammer"],"picked":"Sozu"}],"items_purged_floors":[],"is_endless":false,"potions_floor_spawned":[3,13,14,16,18,21,31],"killed_by":"Collector","ascension_level":16}}