{"host":"ppgxiu8l5yxvf2gn","time":1607759123,"event":{"mods":["BaseMod","Marisa£¨Ùöéë¡¡Øª×âÞÞ£©","Minty Spire (QoL Compilation)","StSLib","Td1madao Mod","The Cursed","WarShipGirlsR/??á´Ò³R mod"],"gold_per_floor":[111,127,140,159,234,234,265,277,347,347,681,681,681,693,693,790,790,805,821,39,55,66,66,85,117,117,42,62,62,91,43,43,147,147,163,176,176,188,203,203,236,236,236,585,585,618,67,67,67,67,67,67,17,49,49],"floor_reached":56,"playtime":3208,"items_purged":["Strike_C"],"score":1332,"play_id":"2d5e4701-dc73-4efc-b310-73e36c48562d","local_time":"20201212164523","is_ascension_mode":false,"campfire_choices":[{"floor":6,"key":"RECALL"},{"data":"Im Angry","floor":10,"key":"SMITH"},{"data":"E MP","floor":15,"key":"SMITH"},{"data":"Black Shadow","floor":23,"key":"SMITH"},{"data":"Black Shadow","floor":29,"key":"SMITH"},{"data":"Fire Up","floor":32,"key":"SMITH"},{"data":"Im Angry","floor":40,"key":"SMITH"},{"data":"Cooling Song","floor":42,"key":"SMITH"},{"data":"Madness","floor":45,"key":"SMITH"},{"data":"Secret Weapon","floor":49,"key":"SMITH"},{"data":"Metamorphosis","floor":52,"key":"SMITH"}],"circlet_count":0,"master_deck":["Strike_C","Strike_C","Defend_C","Defend_C","Knight Kick","Chip+1","Resistance","Provocative+1","Cooling Song+1","Here Defend Chip","E MP+1","Afterwards","Black Dance","Im Angry+1","Three Hit","Fire Blade","Format All Data","Provocative+1","Black Shadow+1","Machining+1","New Defend Magic+1","Good Instincts","Sadistic Nature","Light Attack+1","Reflection Mechanism","Fire Up+1","Black Shadow+1","Energy Supply+1","Fire Up+1","Im Angry+1","CurseOfTheBell","New Defend Magic+1","Fire Up","Cooling Song+1","New Defend Magic","E MP+1","Madness+1","Twin Teeth","Secret Weapon+1","Light Attack+1","Enlightenment","Metamorphosis+1","Here Defend Chip","Fixing","Provocative","Optimization","Machining","Here Defend Chip","Fire Up"],"relics":["Apod","Oddly Smooth Stone","Old Coin","Sozu","Strange Spoon","Letter Opener","Happy Flower","War Paint","Smiling Mask","Calling Bell","Dream Catcher","Eternal Feather","Du-Vu Doll","Mummified Hand","Lantern","HandDrill","Unceasing Top","Bottled Tornado","Funny","Membership Card","Mercury Hourglass","Bronze Scales","Calipers"],"acts_visited":["Exordium","TheCity","TheBeyond","TheEnding"],"potions_floor_usage":[16,16,33,55],"damage_taken":[{"damage":7,"enemies":"2 Louse","floor":1,"turns":2},{"damage":0,"enemies":"Cultist","floor":2,"turns":3},{"damage":8,"enemies":"Jaw Worm","floor":3,"turns":3},{"damage":9,"enemies":"Large Slime","floor":4,"turns":6},{"damage":29,"enemies":"Lagavulin","floor":7,"turns":7},{"damage":10,"enemies":"Looter","floor":8,"turns":3},{"damage":27,"enemies":"Gremlin Nob","floor":11,"turns":7},{"damage":11,"enemies":"Red Slaver","floor":14,"turns":4},{"damage":4812,"enemies":"Hexaghost","floor":16,"turns":9},{"damage":9,"enemies":"Shell Parasite","floor":18,"turns":4},{"damage":0,"enemies":"Chosen","floor":19,"turns":5},{"damage":14,"enemies":"Snecko","floor":21,"turns":4},{"damage":10,"enemies":"Snake Plant","floor":22,"turns":4},{"damage":10,"enemies":"Centurion and Healer","floor":24,"turns":5},{"damage":56,"enemies":"Slavers","floor":25,"turns":5},{"damage":7,"enemies":"Cultist and Chosen","floor":28,"turns":5},{"damage":45,"enemies":"Book of Stabbing","floor":30,"turns":5},{"damage":54,"enemies":"Champ","floor":33,"turns":9},{"damage":41,"enemies":"3 Darklings","floor":35,"turns":3},{"damage":24,"enemies":"Orb Walker","floor":36,"turns":4},{"damage":20,"enemies":"Spire Growth","floor":38,"turns":4},{"damage":43,"enemies":"Transient","floor":39,"turns":5},{"damage":84,"enemies":"Giant Head","floor":41,"turns":8},{"damage":43,"enemies":"Nemesis","floor":46,"turns":5},{"damage":99,"enemies":"Awakened One","floor":50,"turns":11},{"damage":55,"enemies":"Shield and Spear","floor":54,"turns":5},{"damage":88,"enemies":"The Heart","floor":55,"turns":8}],"seed_played":"3578921280483904548","potions_obtained":[{"floor":2,"key":"SkillPotion"},{"floor":3,"key":"EssenceOfSteel"},{"floor":7,"key":"DistilledChaos"},{"floor":16,"key":"Block Potion"}],"is_trial":false,"path_per_floor":["M","M","M","M","?","R","E","M","T","R","E","?","?","M","R","B",null,"M","M","$","M","M","R","M","E","T","?","M","R","E","$","R","B",null,"M","M","?","M","M","R","E","R","T","$","R","E","$","?","R","B",null,"R","$","E","B",null],"character_chosen":"TD1MADAO_CLASS","items_purchased":["Strange Spoon","Machining","New Defend Magic","Good Instincts","Sadistic Nature","Letter Opener","Fire Up","Madness","Twin Teeth","HandDrill","Unceasing Top","Bottled Tornado","Secret Weapon","Membership Card","Enlightenment","Metamorphosis","Mercury Hourglass","Bronze Scales","Here Defend Chip","Fixing","Provocative","Machining","Here Defend Chip"],"campfire_rested":0,"item_purchase_floors":[20,20,20,20,20,20,31,44,44,44,44,44,44,47,47,47,47,47,47,47,47,53,53],"current_hp_per_floor":[6293,6293,6285,6276,6265,6265,6236,6226,6226,6226,6199,4273,9630,9619,9619,4807,9630,9621,9621,9621,9607,9597,9597,9587,9531,9531,9531,9524,9524,9479,9479,9479,9425,9630,9589,9565,9565,9545,9502,9523,9439,9460,9460,9460,9481,9438,9438,9438,9465,9366,9630,9630,9630,9575,9487],"gold":49,"neow_bonus":"TRANSFORM_TWO_CARDS","is_daily":false,"chose_seed":false,"campfire_upgraded":10,"win_rate":0.0,"timestamp":1607759123,"path_taken":["M","M","M","M","?","R","E","M","T","R","E","?","?","M","R","BOSS","M","M","$","M","M","R","?","E","T","?","M","R","E","?","R","BOSS","M","M","?","M","M","R","E","R","T","$","R","E","$","?","R","BOSS","R","$","E","BOSS"],"items_purchased_type":["Relic","Card","Card","Card","Card","Relic","Card","Card","Card","Relic","Relic","Relic","Card","Relic","Card","Card","Relic","Relic","Card","Card","Card","Card","Card"],"build_version":"2020-11-30","purchased_purges":1,"victory":true,"max_hp_per_floor":[9630,9630,9630,9630,9630,9630,9630,9630,9630,9630,9630,9630,9630,9630,9630,9630,9630,9630,9630,9630,9630,9630,9630,9630,9630,9630,9630,9630,9630,9630,9630,9630,9630,9630,9630,9630,9630,9630,9630,9630,9630,9630,9630,9630,9630,9630,9630,9630,9630,9630,9630,9630,9630,9630,9630],"card_choices":[{"not_picked":["Rupture","Defend System"],"picked":"Cooling Song","floor":1},{"not_picked":["White Contract","Provocative"],"picked":"Here Defend Chip","floor":2},{"not_picked":["Provocative","Black Dance"],"picked":"E MP","floor":3},{"not_picked":["Cursed Blade","Transfer Energy"],"picked":"Afterwards","floor":4},{"not_picked":["Bugfix","Fixing"],"picked":"Black Dance","floor":7},{"not_picked":["Reflection Mechanism","Three Hit"],"picked":"Im Angry","floor":8},{"not_picked":["Coercion","Money Cant Rescue"],"picked":"Three Hit","floor":11},{"not_picked":["Black Shadow","Defend System"],"picked":"Fire Blade","floor":14},{"not_picked":["Data Freezing","Chip Synthesis"],"picked":"Format All Data","floor":16},{"not_picked":["Sudden Beat+1","Fixing"],"picked":"Provocative+1","floor":18},{"not_picked":["Load Balancing","Reinforcement Parts"],"picked":"Black Shadow","floor":19},{"not_picked":["Resistance+1","Oblique Hack"],"picked":"Light Attack+1","floor":21},{"not_picked":["Data Freezing","Gravity Defend+1"],"picked":"Reflection Mechanism","floor":22},{"not_picked":["Black Shadow","Preparedness"],"picked":"Fire Up+1","floor":24},{"not_picked":["Transfer Energy","Here Defend Chip"],"picked":"Fire Blade+1","floor":25},{"not_picked":["Black Spear","Provocative"],"picked":"Black Shadow","floor":28},{"not_picked":["Light Attack","Preloading"],"picked":"Energy Supply+1","floor":30},{"not_picked":["Moon Tear","Black Contract"],"picked":"Im Angry","floor":33},{"not_picked":["Weapon Shift","Break Into+1"],"picked":"New Defend Magic+1","floor":35},{"not_picked":["Twin Teeth+1","Resistance+1"],"picked":"Fire Up","floor":36},{"not_picked":["Bugfix","Provocative+1"],"picked":"Cooling Song+1","floor":38},{"not_picked":["Afterwards+1","Money Cant Rescue+1"],"picked":"New Defend Magic","floor":39},{"not_picked":["Preparedness","Sudden Beat+1"],"picked":"E MP+1","floor":41},{"not_picked":["Trader","Recovery Mechanism"],"picked":"Light Attack+1","floor":46},{"not_picked":["Ruin Defend","Oblique Hack"],"picked":"Fire Up","floor":54}],"player_experience":52501,"relics_obtained":[{"floor":7,"key":"Oddly Smooth Stone"},{"floor":11,"key":"Old Coin"},{"floor":25,"key":"Happy Flower"},{"floor":26,"key":"War Paint"},{"floor":30,"key":"Smiling Mask"},{"floor":34,"key":"Dream Catcher"},{"floor":34,"key":"Eternal Feather"},{"floor":34,"key":"Du-Vu Doll"},{"floor":41,"key":"Mummified Hand"},{"floor":43,"key":"Lantern"},{"floor":46,"key":"Funny"},{"floor":54,"key":"Calipers"}],"event_choices":[{"damage_healed":0,"gold_gain":75,"player_choice":"Gather Gold","damage_taken":11,"max_hp_gain":0,"max_hp_loss":0,"event_name":"World of Goop","floor":5,"gold_loss":0},{"damage_healed":0,"gold_gain":0,"player_choice":"Entered Light","damage_taken":1926,"max_hp_gain":0,"max_hp_loss":0,"event_name":"Shining Light","floor":12,"gold_loss":0,"cards_upgraded":["Chip","Provocative"]},{"damage_healed":5357,"gold_gain":0,"player_choice":"Full Heal","damage_taken":0,"max_hp_gain":0,"max_hp_loss":0,"event_name":"Wheel of Change","floor":13,"gold_loss":0},{"cards_removed":["Strike_C"],"damage_healed":0,"gold_gain":0,"player_choice":"Gave Gold","damage_taken":0,"max_hp_gain":0,"max_hp_loss":0,"event_name":"Beggar","floor":27,"gold_loss":75},{"cards_removed":["Fire Blade"],"damage_healed":0,"gold_gain":0,"player_choice":"Removed Attack","damage_taken":0,"max_hp_gain":0,"max_hp_loss":0,"event_name":"Falling","floor":37,"gold_loss":0},{"damage_healed":0,"gold_gain":0,"player_choice":"1 cards matched","damage_taken":0,"max_hp_gain":0,"max_hp_loss":0,"event_name":"Match and Keep!","floor":48,"gold_loss":0,"cards_obtained":["Optimization"]}],"is_beta":false,"boss_relics":[{"not_picked":["Runic Dome","Velvet Choker"],"picked":"Sozu"},{"not_picked":["Snecko Eye","Fusion Hammer"],"picked":"Calling Bell"}],"items_purged_floors":[44],"is_endless":false,"potions_floor_spawned":[2,3,7,16,21,22,24,30,33,38,46],"ascension_level":0}}