{"host":"cjhtzh7tp54jdfyv","time":1607737064,"event":{"mods":["BaseMod","Minty Spire (QoL Compilation)"],"gold_per_floor":[116,126,145,38,52,86,86,117,117,117,117],"floor_reached":10,"playtime":619,"items_purged":[],"score":206,"play_id":"38b82715-bd66-453b-a5b5-5a1ae3a074bf","local_time":"20201211203744","is_ascension_mode":true,"campfire_choices":[{"floor":7,"key":"REST"}],"circlet_count":0,"master_deck":["AscendersBane","Strike_R","Strike_R","Strike_R","Strike_R","Strike_R","Defend_R","Defend_R","Defend_R","Defend_R","Bash","True Grit","Spot Weakness","Anger","Sword Boomerang","Shrug It Off","Fire Breathing+1"],"relics":["SacredBark","Blood Vial","Frozen Egg 2","InkBottle"],"acts_visited":["Exordium"],"potions_floor_usage":[6,8],"damage_taken":[{"damage":9,"enemies":"Jaw Worm","floor":1,"turns":4},{"damage":5,"enemies":"Small Slimes","floor":2,"turns":4},{"damage":22,"enemies":"Cultist","floor":3,"turns":6},{"damage":16,"enemies":"Exordium Wildlife","floor":5,"turns":3},{"damage":0,"enemies":"Gremlin Nob","floor":6,"turns":2},{"damage":15,"enemies":"Lagavulin","floor":8,"turns":7},{"damage":28,"enemies":"Gremlin Nob","floor":10,"turns":3}],"seed_played":"-7469927783465585662","potions_obtained":[{"floor":3,"key":"Ancient Potion"},{"floor":6,"key":"Ancient Potion"},{"floor":8,"key":"Fire Potion"}],"is_trial":false,"path_per_floor":["M","M","M","$","M","E","R","E","T","E"],"character_chosen":"IRONCLAD","items_purchased":["Sword Boomerang","Fire Potion"],"campfire_rested":1,"item_purchase_floors":[4,4],"current_hp_per_floor":[59,54,32,32,16,16,38,25,25,0,0],"gold":117,"neow_bonus":"BOSS_RELIC","is_daily":false,"chose_seed":false,"campfire_upgraded":0,"win_rate":0.0,"timestamp":1607737064,"path_taken":["M","M","M","$","M","E","R","E","T","E"],"items_purchased_type":["Card","Potion"],"build_version":"2020-11-30","purchased_purges":0,"victory":false,"max_hp_per_floor":[75,75,75,75,75,75,75,75,75,75,75],"card_choices":[{"not_picked":["Seeing Red","Bloodletting"],"picked":"True Grit","floor":1},{"not_picked":["Warcry","Headbutt"],"picked":"Spot Weakness","floor":2},{"not_picked":["Warcry","Infernal Blade"],"picked":"Anger","floor":3},{"not_picked":["Headbutt","Barricade","Clash"],"picked":"SKIP","floor":5},{"not_picked":["Thunderclap","Cleave"],"picked":"Shrug It Off","floor":6},{"not_picked":["Carnage","Shrug It Off"],"picked":"Fire Breathing+1","floor":8}],"player_experience":4156219,"relics_obtained":[{"floor":6,"key":"Blood Vial"},{"floor":8,"key":"Frozen Egg 2"},{"floor":9,"key":"InkBottle"}],"event_choices":[],"is_beta":false,"boss_relics":[],"items_purged_floors":[],"is_endless":false,"potions_floor_spawned":[3,6,8],"killed_by":"Gremlin Nob","ascension_level":20}}