{"host":"i09pxcjttd31eh4q","time":1607745320,"event":{"mods":["AchievementEnabler","BaseMod","Colored Map","Keyboard Shortcuts","Minty Spire (QoL Compilation)","StSLib","SuperFastMode"],"gold_per_floor":[113,113,113,125,125,154,168,185,185,200,226,226,226,151,151,151,151],"floor_reached":16,"playtime":354,"items_purged":["Strike_P"],"score":257,"play_id":"47b68848-ea26-4c5e-ba2e-e89f0d87b95f","local_time":"20201212125520","is_ascension_mode":true,"campfire_choices":[{"data":"Eruption","floor":13,"key":"SMITH"},{"data":"MentalFortress","floor":15,"key":"SMITH"}],"circlet_count":0,"master_deck":["AscendersBane","Strike_P","Strike_P","Defend_P","Defend_P","Defend_P","Defend_P","Eruption+1","Vigilance","EmptyFist","Adaptation","CrushJoints","MentalFortress+1"],"relics":["PureWater","NeowsBlessing","Oddly Smooth Stone","Toy Ornithopter","Blue Candle"],"acts_visited":["Exordium"],"potions_floor_usage":[10,10],"damage_taken":[{"damage":0.0,"enemies":"2 Louse","floor":1.0,"turns":2.0},{"damage":0.0,"enemies":"Small Slimes","floor":4.0,"turns":1.0},{"damage":0.0,"enemies":"Lagavulin","floor":6.0,"turns":1.0},{"damage":2.0,"enemies":"Cultist","floor":7.0,"turns":3.0},{"damage":2.0,"enemies":"Looter","floor":8.0,"turns":3.0},{"damage":0,"enemies":"Gremlin Gang","floor":10,"turns":3},{"damage":65,"enemies":"3 Sentries","floor":11,"turns":12},{"damage":10,"enemies":"Hexaghost","floor":16,"turns":9}],"seed_played":"-7555256886934697261","potions_obtained":[{"floor":1.0,"key":"ColorlessPotion"},{"floor":4.0,"key":"StancePotion"}],"is_trial":false,"path_per_floor":["M","?","?","M","?","E","M","M","T","M","E","?","R","$","R","B"],"character_chosen":"WATCHER","items_purchased":[],"campfire_rested":0,"item_purchase_floors":[],"current_hp_per_floor":[61,66,66,66,66,66,64,62,62,72,7,7,7,7,7,0,0],"gold":151,"neow_bonus":"THREE_ENEMY_KILL","is_daily":false,"chose_seed":false,"campfire_upgraded":2,"win_rate":0.0,"timestamp":1607745320,"path_taken":["M","?","?","M","?","E","M","M","T","?","E","?","R","$","R","BOSS"],"items_purchased_type":[],"build_version":"2020-11-30","purchased_purges":1,"victory":false,"max_hp_per_floor":[68,73,73,73,73,73,73,73,73,73,73,73,73,73,73,73,73],"card_choices":[{"not_picked":["Nirvana","Indignation"],"picked":"EmptyFist","floor":1.0},{"not_picked":["CutThroughFate","CarveReality"],"picked":"Adaptation","floor":4.0},{"not_picked":["Pray","WreathOfFlame","FlyingSleeves"],"picked":"SKIP","floor":6.0},{"not_picked":["Vengeance","CrushJoints","ThirdEye"],"picked":"SKIP","floor":7.0},{"not_picked":["ThirdEye","Collect"],"picked":"CrushJoints","floor":8.0},{"not_picked":["JustLucky","Meditate","CrushJoints"],"picked":"SKIP","floor":10},{"not_picked":["PathToVictory","DevaForm"],"picked":"MentalFortress","floor":11}],"player_experience":719938,"relics_obtained":[{"floor":6.0,"key":"Oddly Smooth Stone"},{"floor":9.0,"key":"Toy Ornithopter"},{"floor":11,"key":"Blue Candle"}],"event_choices":[{"damage_healed":0.0,"max_hp_gain":5.0,"max_hp_loss":0.0,"gold_gain":0.0,"event_name":"Big Fish","player_choice":"Donut","floor":2.0,"gold_loss":0.0,"damage_taken":0.0},{"cards_removed":["Strike_P"],"damage_healed":0.0,"max_hp_gain":0.0,"max_hp_loss":0.0,"gold_gain":0.0,"event_name":"Living Wall","player_choice":"Forget","floor":3.0,"gold_loss":0.0,"damage_taken":0.0},{"damage_healed":0.0,"max_hp_gain":0.0,"max_hp_loss":0.0,"gold_gain":0.0,"event_name":"Wheel of Change","player_choice":"Cursed","floor":5.0,"gold_loss":0.0,"damage_taken":0.0,"cards_obtained":["Decay"]},{"cards_removed":["Decay"],"damage_healed":0,"gold_gain":0,"player_choice":"Removed Curses","damage_taken":0,"max_hp_gain":0,"max_hp_loss":0,"event_name":"Fountain of Cleansing","floor":12,"gold_loss":0}],"is_beta":false,"boss_relics":[],"items_purged_floors":[14],"is_endless":false,"potions_floor_spawned":[1,4,8],"killed_by":"Hexaghost","ascension_level":18}}