{"host":"3zmin95cvgu7iq60","time":1607755348,"event":{"mods":["BaseMod","Better Skull","BetterRewards","Colored Map","Conspire","Disable Question Mark Monsters","Hermit","Minty Spire (QoL Compilation)","Reorder Act Four","Replay The Spire","Shop Mod","StSLib","Uncapped"],"gold_per_floor":[113,113,22,38,51,51,62,62,85,100,100,151,151,186,186,265,265,276,196,196,208,219,219,236,236,259,279,297,309,309,338,338,409,409,426,356,356,356,356,385,385,405,405,405,120,150,25,52,52,52,52,52,29,29,61,61],"floor_reached":57,"playtime":2143,"items_purged":["Zap","Strike_B","Strike_B","Defend_B","Defend_B","Strike_B","Defend_B","Strike_B"],"score":3791,"play_id":"8e823a5e-dbb7-470d-b2c6-5364caf8e483","local_time":"20201212004228","is_ascension_mode":true,"campfire_choices":[{"data":"Rip and Tear","floor":6,"key":"SMITH"},{"data":"Rip and Tear+1","floor":8,"key":"SMITH"},{"data":"Rip and Tear+2","floor":11,"key":"SMITH"},{"data":"Rip and Tear+3","floor":15,"key":"SMITH"},{"data":"Rip and Tear+4","floor":23,"key":"SMITH"},{"data":"Rip and Tear+5","floor":25,"key":"SMITH"},{"data":"Blizzard+1","floor":30,"key":"SMITH"},{"data":"Blizzard+2","floor":32,"key":"SMITH"},{"data":"Blizzard+3","floor":41,"key":"SMITH"},{"data":"Blizzard+4","floor":44,"key":"SMITH"},{"floor":49,"key":"RECALL"},{"data":"Panacea","floor":54,"key":"SMITH"}],"circlet_count":0,"master_deck":["AscendersBane","Defend_B","Dualcast","Rip and Tear+6","FTL","Glacier+1","Panacea+1","Ball Lightning+1","Gash+1","Doom and Gloom+1","Blizzard+5","Glacier+1","Core Surge+2","All For One+2","Coolheaded","CurseOfTheBell","Glacier+1","Biased Cognition"],"relics":["Cracked Core","MerchantsRug","Anchor","HandDrill","Runic Capacitor","Blue Candle","Membership Card","Bird Faced Urn","conspire:InfiniteJournal","BargainBundle","Garlic","Replay:Frozen Program","Replay:Rubber Ducky","Molten Egg 2","Replay:Multitool","FossilizedHelix","DataDisk","Akabeko","HornCleat","Busted Crown","ClockworkSouvenir","Centennial Puzzle","Bag of Preparation","Pantograph","BranchBurnRelic","Replay:Bottled Steam","Replay:Bottled Eggs","Cables","Art of War","Turnip","Whetstone"],"acts_visited":["Exordium","TheCity","TheBeyond","TheEnding"],"potions_floor_usage":[14,18,45,48,50,55,56],"damage_taken":[{"damage":0,"enemies":"2 Louse","floor":1,"turns":2},{"damage":0,"enemies":"Cultist","floor":4,"turns":2},{"damage":0,"enemies":"Jaw Worm","floor":5,"turns":2},{"damage":0,"enemies":"Blue Slaver","floor":7,"turns":2},{"damage":0,"enemies":"3 Louse","floor":10,"turns":1},{"damage":0,"enemies":"Lagavulin","floor":14,"turns":3},{"damage":1,"enemies":"The Guardian","floor":16,"turns":7},{"damage":0,"enemies":"Chosen","floor":18,"turns":3},{"damage":0,"enemies":"Spheric Guardian","floor":21,"turns":3},{"damage":0,"enemies":"Snecko","floor":22,"turns":3},{"damage":0,"enemies":"3 Cultists","floor":24,"turns":3},{"damage":0,"enemies":"Centurion and Healer","floor":27,"turns":4},{"damage":0,"enemies":"Snake Plant","floor":28,"turns":2},{"damage":0,"enemies":"Chosen and Byrds","floor":29,"turns":3},{"damage":0,"enemies":"Gremlin Leader","floor":31,"turns":5},{"damage":0,"enemies":"Automaton","floor":33,"turns":7},{"damage":0,"enemies":"3 Shapes","floor":35,"turns":3},{"damage":17,"enemies":"Nemesis","floor":40,"turns":6},{"damage":0,"enemies":"Orb Walker","floor":42,"turns":2},{"damage":0,"enemies":"R_Hoarder","floor":46,"turns":8},{"damage":0,"enemies":"Nemesis","floor":48,"turns":3},{"damage":0,"enemies":"Donu and Deca","floor":50,"turns":6},{"damage":8,"enemies":"Awakened One","floor":51,"turns":11},{"damage":52,"enemies":"Shield and Spear","floor":55,"turns":7},{"damage":49,"enemies":"The Heart","floor":56,"turns":11}],"seed_played":"-8387368013244483837","potions_obtained":[{"floor":16,"key":"AttackPotion"},{"floor":22,"key":"FearPotion"},{"floor":48,"key":"EssenceOfDarkness"}],"is_trial":false,"path_per_floor":["M","?","$","M","M","R","M","R","T","M","R","T","?","E","R","B",null,"M","$","?","M","M","R","M","R","T","M","M","M","R","E","R","B",null,"M","$","?","T","?","E","R","M","T","R","$","E","$","E","R","B","B",null,"$","R","E","B",null],"character_chosen":"DEFECT","items_purchased":["Rip and Tear","MerchantsRug","Anchor","Darkstone Periapt","HandDrill","Runic Capacitor","Blue Candle","Tiny Chest","Membership Card","Fruit Juice","Bird Faced Urn","FTL","conspire:InfiniteJournal","BargainBundle","SteroidPotion","Regen Potion","Dexterity Potion","Glacier","Garlic","Ornamental Fan","Replay:Frozen Program","Panacea","Replay:Rubber Ducky","Adrenaline Potion","Molten Egg 2","Ball Lightning+1","Replay:Multitool","Lee\u0027s Waffle","FossilizedHelix","ClockworkSouvenir","Replay:Bottled Eggs","Glacier+1","PowerPotion","Turnip","BlessingOfTheForge"],"campfire_rested":0,"item_purchase_floors":[0,0,0,0,0,0,0,0,0,0,0,0,0,0,0,0,0,0,0,0,0,0,0,0,0,0,0,0,3,19,45,45,45,53,53],"current_hp_per_floor":[78,74,74,74,74,74,74,74,74,74,74,74,79,79,79,78,82,82,82,82,82,82,82,82,82,82,82,82,82,82,82,82,82,89,89,89,85,85,85,80,80,85,85,85,90,100,100,100,100,100,92,98,98,98,62,40],"gold":61,"neow_bonus":"","is_daily":false,"chose_seed":false,"campfire_upgraded":11,"win_rate":0.0,"timestamp":1607755348,"path_taken":["M","?","?","?","M","R","M","R","T","M","R","?","?","E","R","BOSS","M","$","?","M","M","R","M","R","T","M","M","M","R","E","R","BOSS","M","$","?","?","?","E","R","M","T","R","?","E","$","E","R","BOSS","BOSS","$","R","E","BOSS"],"items_purchased_type":["Card","Relic","Relic","Relic","Relic","Relic","Relic","Relic","Relic","Potion","Relic","Card","Relic","Relic","Potion","Potion","Potion","Card","Relic","Relic","Relic","Card","Relic","Potion","Relic","Card","Relic","Relic","Relic","Relic","Relic","Card","Potion","Relic","Potion"],"build_version":"2020-11-30","purchased_purges":8,"victory":true,"max_hp_per_floor":[78,78,78,78,78,78,78,78,78,78,78,78,83,83,83,83,83,83,83,83,83,83,83,83,83,83,83,83,83,83,83,83,83,89,89,89,85,85,85,95,95,95,95,95,100,100,100,100,100,100,100,100,100,100,100,100],"card_choices":[{"not_picked":["Conserve Battery","Hello World"],"picked":"Gash+1","floor":1},{"not_picked":["conspire:Rain","Steam"],"picked":"Doom and Gloom+1","floor":4},{"not_picked":["Streamline+1","Steam"],"picked":"Blizzard+1","floor":5},{"not_picked":["Storm","Coolheaded","White Noise"],"picked":"SKIP","floor":7},{"not_picked":["Hologram","Stack"],"picked":"Glacier","floor":10},{"not_picked":["Lockon+1","Recycle","Biased Cognition"],"picked":"SKIP","floor":14},{"not_picked":["Creative AI","Rainbow"],"picked":"Core Surge+1","floor":16},{"not_picked":["Ball Lightning+1"],"picked":"SKIP","floor":18},{"not_picked":["Coolheaded"],"picked":"SKIP","floor":21},{"not_picked":[],"picked":"Coolheaded","floor":21},{"not_picked":["Compile Driver+1"],"picked":"SKIP","floor":22},{"not_picked":["Leap"],"picked":"SKIP","floor":24},{"not_picked":["Compile Driver+1"],"picked":"SKIP","floor":27},{"not_picked":["Double Energy"],"picked":"SKIP","floor":28},{"not_picked":["Undo"],"picked":"SKIP","floor":29},{"not_picked":["Sweeping Beam+1"],"picked":"SKIP","floor":31},{"not_picked":["Reprogram"],"picked":"SKIP","floor":35},{"not_picked":["Seek"],"picked":"SKIP","floor":40},{"not_picked":["Steam"],"picked":"SKIP","floor":42},{"not_picked":["Chaos+1"],"picked":"SKIP","floor":46},{"not_picked":["conspire:Rain"],"picked":"SKIP","floor":48},{"not_picked":[],"picked":"Biased Cognition","floor":55}],"player_experience":2424140,"relics_obtained":[{"floor":9,"key":"DataDisk"},{"floor":12,"key":"Akabeko"},{"floor":14,"key":"HornCleat"},{"floor":31,"key":"Centennial Puzzle"},{"floor":34,"key":"Bag of Preparation"},{"floor":34,"key":"Pantograph"},{"floor":34,"key":"Dead Branch"},{"floor":38,"key":"Shuriken"},{"floor":40,"key":"Pear"},{"floor":43,"key":"Replay:Bottled Steam"},{"floor":46,"key":"Cables"},{"floor":48,"key":"Art of War"},{"floor":55,"key":"Whetstone"}],"event_choices":[{"damage_healed":0,"gold_gain":0,"player_choice":"Bought 0 Potions","damage_taken":0,"max_hp_gain":0,"max_hp_loss":0,"event_name":"The Woman in Blue","floor":2,"gold_loss":0},{"damage_healed":0,"gold_gain":0,"player_choice":"Donut","damage_taken":0,"max_hp_gain":5,"max_hp_loss":0,"event_name":"Big Fish","floor":13,"gold_loss":0},{"damage_healed":0,"gold_gain":0,"player_choice":"1 cards matched","damage_taken":0,"max_hp_gain":0,"max_hp_loss":0,"event_name":"Match and Keep!","floor":20,"gold_loss":0,"cards_obtained":["All For One"]},{"damage_healed":0,"gold_gain":0,"player_choice":"Max HP","damage_taken":0,"max_hp_gain":0,"max_hp_loss":4,"event_name":"Winding Halls","floor":37,"gold_loss":0},{"damage_healed":0,"gold_gain":0,"player_choice":"Memory 1","damage_taken":0,"max_hp_gain":0,"max_hp_loss":0,"event_name":"SensoryStone","floor":39,"gold_loss":0}],"is_beta":false,"boss_relics":[{"not_picked":["Snecko Eye","SlaversCollar"],"picked":"Busted Crown"},{"not_picked":["Nuclear Battery","FrozenCore"],"picked":"Calling Bell"}],"items_purged_floors":[0,0,0,0,0,36,45,47],"is_endless":false,"potions_floor_spawned":[1,4,5,16,22,27,29,42,48],"ascension_level":20}}