{"host":"07ljfmttuzqopd7f","time":1607753093,"event":{"mods":["2.2 Compatiblity","BaseMod","Bestiary","Block Reminder","Colored Map","Colored Powertips","Curses Come First","Hermit","Minty Spire (QoL Compilation)","Quick Restart","Random Character Button","Rare Cards Sparkle","Relic Stats","StSLib","The Cursed","UnlockEverythingMod"],"gold_per_floor":[10,10,27,27,43,73,173,173,218,265,277,300,312,340,352,464,476,501,529,90,104,32,32,45,45,45],"floor_reached":25,"playtime":1537,"items_purged":["hermit:ShadowCloak+1"],"score":266,"play_id":"9c346192-0ac8-474b-96f7-d630600e7f16","local_time":"20201212010453","is_ascension_mode":true,"campfire_choices":[{"data":"hermit:Combo","floor":8,"key":"SMITH"},{"floor":11,"key":"REST"},{"data":"hermit:Dive","floor":13,"key":"SMITH"},{"floor":15,"key":"REST"},{"data":"hermit:Combo","floor":23,"key":"SMITH"}],"circlet_count":0,"master_deck":["hermit:Strike_Hermit","hermit:Strike_Hermit","hermit:Strike_Hermit","hermit:Strike_Hermit","hermit:Defend_Hermit","hermit:Defend_Hermit","hermit:Defend_Hermit","hermit:Defend_Hermit","hermit:Snapshot","hermit:Covet","hermit:Combo+1","hermit:Ricochet","hermit:Glare","hermit:Dive+1","hermit:Gambit","hermit:Gestalt+1","hermit:FromBeyond","hermit:EyeOfTheStorm","hermit:Combo+1"],"relics":["hermit:Momento","Incense Burner","Smiling Mask","MawBank","Bag of Marbles","Cursed Key","Bottled Flame"],"acts_visited":["Exordium","TheCity"],"potions_floor_usage":[14,25,25],"damage_taken":[{"damage":0,"enemies":"Small Slimes","floor":1,"turns":3},{"damage":1,"enemies":"Cultist","floor":3,"turns":4},{"damage":10,"enemies":"2 Louse","floor":5,"turns":4},{"damage":31,"enemies":"3 Sentries","floor":6,"turns":9},{"damage":9,"enemies":"Gremlin Nob","floor":10,"turns":3},{"damage":2,"enemies":"Red Slaver","floor":12,"turns":3},{"damage":33,"enemies":"Gremlin Gang","floor":14,"turns":5},{"damage":3,"enemies":"Hexaghost","floor":16,"turns":12},{"damage":0,"enemies":"3 Byrds","floor":18,"turns":6},{"damage":18,"enemies":"2 Thieves","floor":19,"turns":3},{"damage":16,"enemies":"Centurion and Healer","floor":21,"turns":7},{"damage":0,"enemies":"Snecko","floor":24,"turns":1},{"damage":33,"enemies":"Book of Stabbing","floor":25,"turns":4}],"seed_played":"-1400063607141789933","potions_obtained":[{"floor":6,"key":"LiquidBronze"},{"floor":10,"key":"BlessingOfTheForge"},{"floor":12,"key":"Block Potion"},{"floor":21,"key":"Explosive Potion"},{"floor":24,"key":"Block Potion"}],"is_trial":false,"path_per_floor":["M","?","M","$","M","E","?","R","T","E","R","M","R","M","R","B",null,"M","M","$","M","$","R","M","E"],"character_chosen":"HERMIT","items_purchased":["Bottled Flame","hermit:FromBeyond","hermit:Combo"],"campfire_rested":2,"item_purchase_floors":[20,20,22],"current_hp_per_floor":[75,75,74,74,64,33,33,33,33,24,46,44,44,11,33,30,64,64,46,46,30,30,30,30,0,0],"gold":45,"neow_bonus":"ONE_RARE_RELIC","is_daily":false,"chose_seed":false,"campfire_upgraded":3,"win_rate":0.0,"timestamp":1607753093,"path_taken":["M","?","?","?","M","E","?","R","T","E","R","M","R","?","R","BOSS","M","M","$","M","$","R","M","E"],"items_purchased_type":["Relic","Card","Card"],"build_version":"2020-11-30","purchased_purges":1,"victory":false,"max_hp_per_floor":[75,75,75,75,75,75,75,75,75,75,75,75,75,75,75,75,75,75,75,75,75,75,75,75,75,75],"relic_stats":{"counters":[13,64],"Smiling Mask":25,"MawBank":132,"Cursed Key":0,"obtain_stats":[{"Bottled Flame":20,"Incense Burner":0,"Bag of Marbles":10,"Smiling Mask":6,"MawBank":9,"Cursed Key":17,"hermit:Momento":0},{"Bottled Flame":10,"Incense Burner":0,"Bag of Marbles":5,"Smiling Mask":4,"MawBank":4,"Cursed Key":8,"hermit:Momento":0},{"Bottled Flame":52,"Incense Burner":0,"Bag of Marbles":23,"Smiling Mask":20,"MawBank":20,"Cursed Key":43,"hermit:Momento":0}]},"card_choices":[{"not_picked":["hermit:CalledShot","hermit:BodyArmor"],"picked":"hermit:ShadowCloak","floor":1},{"not_picked":["hermit:Enervate","hermit:Headshot"],"picked":"hermit:Combo","floor":3},{"not_picked":["hermit:GoldenBullet","hermit:Desperado","hermit:BodyArmor"],"picked":"SKIP","floor":5},{"not_picked":["hermit:ItchyTrigger","hermit:CursedWeapon"],"picked":"hermit:Ricochet","floor":6},{"not_picked":["hermit:EternalForm","hermit:Coalescence"],"picked":"hermit:Glare","floor":10},{"not_picked":["hermit:Feint","hermit:Roulette"],"picked":"hermit:Dive","floor":12},{"not_picked":["hermit:ItchyTrigger","hermit:Manifest","hermit:Misfire"],"picked":"SKIP","floor":14},{"not_picked":["hermit:FatalDesire","hermit:Magnum"],"picked":"hermit:Gambit","floor":16},{"not_picked":["hermit:Misfire","hermit:Snipe","hermit:SprayPray"],"picked":"SKIP","floor":18},{"not_picked":["hermit:LuckOfTheDraw","hermit:LowProfile+1"],"picked":"hermit:Gestalt+1","floor":19},{"not_picked":["hermit:Feint","hermit:Enervate"],"picked":"hermit:EyeOfTheStorm","floor":21},{"not_picked":["hermit:HoleUp","hermit:SprayPray","hermit:TrackingShot"],"picked":"SKIP","floor":24}],"player_experience":386672,"relics_obtained":[{"floor":6,"key":"Smiling Mask"},{"floor":9,"key":"MawBank"},{"floor":10,"key":"Bag of Marbles"}],"event_choices":[{"damage_healed":0,"gold_gain":0,"player_choice":"Forge","damage_taken":0,"max_hp_gain":0,"max_hp_loss":0,"event_name":"Accursed Blacksmith","floor":2,"gold_loss":0,"cards_upgraded":["hermit:ShadowCloak"]},{"damage_healed":0,"gold_gain":100,"player_choice":"Gold","damage_taken":0,"max_hp_gain":0,"max_hp_loss":0,"event_name":"Wheel of Change","floor":7,"gold_loss":0}],"is_beta":false,"boss_relics":[{"not_picked":["Snecko Eye","Calling Bell"],"picked":"Cursed Key"}],"items_purged_floors":[20],"is_endless":false,"potions_floor_spawned":[6,10,12,21,24],"killed_by":"Book of Stabbing","ascension_level":5}}