{"host":"4k3z1vmw52e7hl04","time":1607753186,"event":{"mods":["BaseMod","Best Route Mod","Better Altar","Better Note","Better Third Choice","Colored Powertips","GifTheSpireLib","Hermit","HexUI Lib","Highlight Path","Hubris","Minty Spire (QoL Compilation)","Rare Cards Sparkle","Replay The Spire","Shop Mod","Spicy Shops","StSLib","SuperFastMode","Synergy Search","The Animator","everything is the same but u backflip on backflip"],"gold_per_floor":[112,112,112,126,141,167,167,195,219,219,219,234,234,26,26,130,130,142,154,8,8,26,52,52,62,62,0,13,33,33,33,33],"floor_reached":31,"playtime":4318,"items_purged":[],"score":265,"play_id":"d2ca7b6a-2132-4c6e-8bde-76e81014f3eb","local_time":"20201211220626","is_ascension_mode":false,"campfire_choices":[{"floor":7,"key":"REST"},{"floor":10,"key":"REST"},{"floor":13,"key":"REST"},{"data":"MentalFortress","floor":15,"key":"SMITH"},{"floor":24,"key":"REST"},{"floor":30,"key":"REST"}],"circlet_count":0,"master_deck":["Strike_P","Strike_P","Strike_P","Strike_P","Defend_P","Defend_P","Defend_P","Defend_P","Eruption","Vigilance","Halt","MentalFortress+1","SashWhip","FlurryOfBlows","Vengeance","ReplayTheSpireMod:Private Reserves","FlurryOfBlows","FearNoEvil","EmptyBody+1","Vault","Evaluate","ClearTheMind+1","Blind","DeusExMachina","JustLucky+1","Adaptation","CrushJoints","Alpha","Protect"],"relics":["HolyWater","NeowsBlessing","MealTicket","Letter Opener","Potion Belt","Toy Ornithopter","MerchantsRug","Smiling Mask","Question Card"],"acts_visited":["Exordium","TheCity"],"potions_floor_usage":[8,8,16,16,22,22,22,22,25,25,25,25,29],"damage_taken":[{"damage":0.0,"enemies":"2 Louse","floor":1.0,"turns":1.0},{"damage":0,"enemies":"Small Slimes","floor":4,"turns":1},{"damage":0,"enemies":"Cultist","floor":5,"turns":1},{"damage":47,"enemies":"Gremlin Nob","floor":6,"turns":6},{"damage":42,"enemies":"3 Sentries","floor":8,"turns":8},{"damage":3,"enemies":"2 Fungi Beasts","floor":12,"turns":3},{"damage":28,"enemies":"The Guardian","floor":16,"turns":13},{"damage":5,"enemies":"Shell Parasite","floor":18,"turns":6},{"damage":8,"enemies":"Spheric Guardian","floor":19,"turns":4},{"damage":4,"enemies":"Chosen and Byrds","floor":22,"turns":4},{"damage":51,"enemies":"Gremlin Leader","floor":23,"turns":7},{"damage":49,"enemies":"Cultist and Chosen","floor":25,"turns":12},{"damage":16,"enemies":"Shelled Parasite and Fungi","floor":28,"turns":8},{"damage":5,"enemies":"Snake Plant","floor":29,"turns":4},{"damage":33,"enemies":"Cultist and Chosen","floor":31,"turns":7}],"seed_played":"-454504731617966964","potions_obtained":[{"floor":4,"key":"LiquidMemories"},{"floor":6,"key":"BottledMiracle"},{"floor":8,"key":"Ambrosia"},{"floor":12,"key":"Dexterity Potion"},{"floor":18,"key":"Strength Potion"},{"floor":25,"key":"Dexterity Potion"},{"floor":28,"key":"Energy Potion"}],"is_trial":false,"path_per_floor":["M","?","?","M","M","E","R","E","T","R","?","M","R","$","R","B",null,"M","M","$","?","M","E","R","M","T","$","M","M","R","M"],"character_chosen":"WATCHER","items_purchased":["Toy Ornithopter","FearNoEvil","EmptyBody+1","MerchantsRug","CrushJoints","BlessingOfTheForge"],"campfire_rested":5,"item_purchase_floors":[14,14,14,20,27,27],"current_hp_per_floor":[72,72,72,72,72,25,46,4,4,25,25,22,43,58,58,40,72,67,59,72,39,64,13,34,5,5,20,4,4,25,0,0],"gold":33,"neow_bonus":"THREE_ENEMY_KILL","is_daily":false,"chose_seed":false,"campfire_upgraded":1,"win_rate":0.0,"timestamp":1607753186,"path_taken":["M","?","?","M","M","E","R","E","T","R","?","?","R","$","R","BOSS","M","M","$","?","?","E","R","M","T","$","M","M","R","M"],"items_purchased_type":["Relic","Card","Card","Relic","Card","Potion"],"build_version":"2020-11-30","purchased_purges":0,"victory":false,"max_hp_per_floor":[72,72,72,72,72,72,72,72,72,72,72,72,72,72,72,72,72,72,72,72,72,72,72,72,72,72,72,72,72,72,72,72],"card_choices":[{"not_picked":["Replay:ManipulateFuture","CutThroughFate"],"picked":"Halt","floor":1},{"not_picked":["FlurryOfBlows","Replay:DivineShield"],"picked":"MentalFortress","floor":4},{"not_picked":["ClearTheMind","Replay:Cycle"],"picked":"SashWhip","floor":5},{"not_picked":["Replay:Anticipation","Replay:Vibes"],"picked":"FlurryOfBlows","floor":6},{"not_picked":["Replay:AllIn","TalkToTheHand"],"picked":"Vengeance","floor":8},{"not_picked":["WindmillStrike","CrushJoints"],"picked":"FlurryOfBlows","floor":12},{"not_picked":["ConjureBlade","MasterReality"],"picked":"Vault","floor":16},{"not_picked":["SashWhip","BowlingBash"],"picked":"Evaluate","floor":18},{"not_picked":["FearNoEvil","SashWhip"],"picked":"ClearTheMind+1","floor":19},{"not_picked":["Protect+1","Replay:DivineShield"],"picked":"DeusExMachina","floor":22},{"not_picked":["Replay:BluntJabs","CrushJoints"],"picked":"JustLucky+1","floor":23},{"not_picked":["Replay:Battleflow","EmptyFist+1"],"picked":"Adaptation","floor":25},{"not_picked":["Vengeance","Replay:Anticipation","PathToVictory"],"picked":"Alpha","floor":28},{"not_picked":["Crescendo+1","BowlingBash","PathToVictory"],"picked":"Protect","floor":29}],"player_experience":238645,"relics_obtained":[{"floor":6,"key":"MealTicket"},{"floor":8,"key":"Letter Opener"},{"floor":9,"key":"Potion Belt"},{"floor":23,"key":"Smiling Mask"},{"floor":26,"key":"Question Card"}],"event_choices":[{"damage_healed":0,"gold_gain":0,"player_choice":"Leave","damage_taken":0,"max_hp_gain":0,"max_hp_loss":0,"event_name":"The Cleric","floor":2,"gold_loss":0},{"damage_healed":0,"gold_gain":0,"player_choice":"Ignored","damage_taken":0,"max_hp_gain":0,"max_hp_loss":0,"event_name":"Golden Wing","floor":3,"gold_loss":0},{"damage_healed":0,"gold_gain":0,"player_choice":"1 cards matched","damage_taken":0,"max_hp_gain":0,"max_hp_loss":0,"event_name":"Match and Keep!","floor":11,"gold_loss":0,"cards_obtained":["ReplayTheSpireMod:Private Reserves"]},{"damage_healed":0,"gold_gain":0,"player_choice":"POTION POTION POTION CARD ","damage_taken":33,"max_hp_gain":0,"max_hp_loss":0,"event_name":"Knowing Skull","floor":21,"potions_obtained":["EntropicBrew","CultistPotion","Regen Potion"],"gold_loss":0,"cards_obtained":["Blind"]}],"is_beta":false,"boss_relics":[{"not_picked":["Velvet Choker","Coffee Dripper"],"picked":"HolyWater"}],"items_purged_floors":[],"is_endless":false,"potions_floor_spawned":[4,6,8,12,18,25,28],"killed_by":"Cultist and Chosen","ascension_level":0}}