{"host":"eav5i5w47nlnv2l1","time":1607786945,"event":{"mods":["BaseMod","Minty Spire (QoL Compilation)"],"gold_per_floor":[117,117,130,146,166,166,191,210,210,229,246,246,246,274,274,378,378,396,413,432,443,462,462,475,246,246,49,49,49,66,91,91,192,192,205,44,44,6,22,57,57,57,57,67,80,91,141,152,152,152,152],"floor_reached":50,"playtime":4777,"items_purged":["Strike_P","Strike_P","Defend_P"],"score":510,"play_id":"aec58ea2-b03c-419e-9e4f-45f3db8f8713","local_time":"20201212102905","is_ascension_mode":false,"campfire_choices":[{"data":"Establishment","floor":6.0,"key":"SMITH"},{"floor":12.0,"key":"REST"},{"data":"Eruption","floor":15.0,"key":"SMITH"},{"data":"Worship","floor":23.0,"key":"SMITH"},{"floor":28.0,"key":"REST"},{"floor":32.0,"key":"REST"},{"floor":42,"key":"REST"},{"floor":49,"key":"REST"}],"circlet_count":0,"master_deck":["Defend_P","Defend_P","Defend_P","Eruption+1","Vigilance","Judgement","EmptyBody","Consecrate+1","Establishment+1","WindmillStrike","BattleHymn","DeceiveReality","MasterReality","ClearTheMind","Indignation+1","Protect","Worship+1","EmptyBody","Brilliance","Evaluate+1","BattleHymn","WindmillStrike","Injury","Perseverance+1","Halt+1","Evaluate+1"],"relics":["PureWater","Pantograph","Question Card","Calipers","Cursed Key","Whetstone","Bottled Lightning","Membership Card","Meat on the Bone","Empty Cage","Damaru","Letter Opener","Potion Belt","Girya"],"acts_visited":["Exordium","TheCity","TheBeyond"],"potions_floor_usage":[40,44,44,46,46,50],"damage_taken":[{"damage":0.0,"enemies":"2 Louse","floor":1.0,"turns":1.0},{"damage":0.0,"enemies":"Small Slimes","floor":3.0,"turns":1.0},{"damage":2.0,"enemies":"Jaw Worm","floor":4.0,"turns":2.0},{"damage":0.0,"enemies":"Looter","floor":5.0,"turns":3.0},{"damage":31.0,"enemies":"Gremlin Nob","floor":7.0,"turns":5.0},{"damage":5.0,"enemies":"3 Louse","floor":8.0,"turns":3.0},{"damage":4.0,"enemies":"Large Slime","floor":10.0,"turns":4.0},{"damage":0.0,"enemies":"Blue Slaver","floor":11.0,"turns":2.0},{"damage":11.0,"enemies":"3 Sentries","floor":14.0,"turns":6.0},{"damage":7.0,"enemies":"The Guardian","floor":16.0,"turns":10.0},{"damage":5.0,"enemies":"Spheric Guardian","floor":18.0,"turns":4.0},{"damage":1.0,"enemies":"2 Thieves","floor":19.0,"turns":4.0},{"damage":8.0,"enemies":"Centurion and Healer","floor":20.0,"turns":4.0},{"damage":4.0,"enemies":"Cultist and Chosen","floor":21.0,"turns":5.0},{"damage":2.0,"enemies":"Snecko","floor":22.0,"turns":4.0},{"damage":22.0,"enemies":"Snake Plant","floor":24.0,"turns":5.0},{"damage":10.0,"enemies":"Sentry and Sphere","floor":30.0,"turns":5.0},{"damage":32.0,"enemies":"Book of Stabbing","floor":31.0,"turns":5.0},{"damage":13.0,"enemies":"Champ","floor":33.0,"turns":11.0},{"damage":15.0,"enemies":"3 Darklings","floor":35.0,"turns":5.0},{"damage":3,"enemies":"Orb Walker","floor":39,"turns":3},{"damage":42,"enemies":"Nemesis","floor":40,"turns":5},{"damage":32,"enemies":"Spire Growth","floor":44,"turns":5},{"damage":32,"enemies":"Sphere and 2 Shapes","floor":45,"turns":4},{"damage":6,"enemies":"Transient","floor":46,"turns":5},{"damage":17,"enemies":"Mind Bloom Boss Battle","floor":47,"turns":5},{"damage":24,"enemies":"Maw","floor":48,"turns":6},{"damage":81,"enemies":"Awakened One","floor":50,"turns":6}],"seed_played":"-4069000354288549821","potions_obtained":[{"floor":3.0,"key":"Ancient Potion"},{"floor":8.0,"key":"Swift Potion"},{"floor":10.0,"key":"DuplicationPotion"},{"floor":11.0,"key":"FearPotion"},{"floor":14.0,"key":"Regen Potion"},{"floor":16.0,"key":"Fruit Juice"},{"floor":21.0,"key":"FearPotion"},{"floor":22.0,"key":"SkillPotion"},{"floor":24.0,"key":"PowerPotion"},{"floor":31.0,"key":"SpeedPotion"},{"floor":35.0,"key":"BlessingOfTheForge"},{"floor":40,"key":"Regen Potion"},{"floor":44,"key":"DuplicationPotion"},{"floor":47,"key":"Ancient Potion"}],"is_trial":false,"path_per_floor":["M","?","M","M","M","R","E","M","T","M","M","R","?","E","R","B",null,"M","M","M","M","M","R","M","$","T","$","R","?","M","E","R","B",null,"M","$","?","$","M","E","?","R","T","M","M","M","?","M","R","B"],"character_chosen":"WATCHER","items_purchased":["Whetstone","Membership Card","BattleHymn","Damaru","WindmillStrike"],"campfire_rested":5,"item_purchase_floors":[25,27,36,36,38],"current_hp_per_floor":[72,77,77,75,75,75,44,39,39,35,35,58,58,47,47,70,82,77,76,80,76,74,74,52,52,52,52,76,76,66,34,58,69,82,67,67,67,67,64,34,34,57,57,49,29,35,43,31,54,0,0],"gold":152,"neow_bonus":"ONE_RANDOM_RARE_CARD","is_daily":false,"chose_seed":false,"campfire_upgraded":3,"win_rate":0.0,"timestamp":1607786945,"path_taken":["M","?","M","M","M","R","E","M","T","M","M","R","?","E","R","BOSS","BOSS","M","M","M","M","M","R","M","$","T","$","R","?","M","E","R","BOSS","M","$","?","$","M","E","?","R","T","M","M","M","?","M","R","BOSS"],"items_purchased_type":["Relic","Relic","Card","Relic","Card"],"build_version":"2020-11-30","purchased_purges":3,"victory":false,"max_hp_per_floor":[72,77,77,77,77,77,77,77,77,77,77,77,77,77,77,82,82,82,82,82,82,82,82,82,82,82,82,82,82,82,82,82,82,82,82,82,78,78,78,78,78,78,78,78,78,78,78,78,78,78,78],"card_choices":[{"not_picked":["FollowUp","ClearTheMind"],"picked":"EmptyBody","floor":1.0},{"not_picked":["BowlingBash","Sanctity"],"picked":"Consecrate","floor":3.0},{"not_picked":["Evaluate","CrushJoints","JustLucky"],"picked":"SKIP","floor":4.0},{"not_picked":["EmptyFist","Consecrate"],"picked":"Establishment","floor":5.0},{"not_picked":["Study","ThirdEye"],"picked":"WindmillStrike","floor":7.0},{"not_picked":["Crescendo","FlyingSleeves","CrushJoints"],"picked":"SKIP","floor":8.0},{"not_picked":["Halt","Perseverance","EmptyBody"],"picked":"BattleHymn","floor":10.0},{"not_picked":["WheelKick","JustLucky","Halt","CutThroughFate"],"picked":"SKIP","floor":11.0},{"not_picked":["FearNoEvil","Prostrate","CarveReality"],"picked":"DeceiveReality","floor":14.0},{"not_picked":["Brilliance","Scrawl","Omniscience"],"picked":"MasterReality","floor":16.0},{"not_picked":["CutThroughFate+1","LikeWater","SashWhip"],"picked":"ClearTheMind","floor":18.0},{"not_picked":["Perseverance","Nirvana","Crescendo"],"picked":"Indignation+1","floor":19.0},{"not_picked":["WreathOfFlame","Crescendo+1","Sanctity"],"picked":"Protect","floor":20.0},{"not_picked":["Crescendo+1","ClearTheMind","Swivel","FlyingSleeves"],"picked":"SKIP","floor":21.0},{"not_picked":["Prostrate","WindmillStrike","InnerPeace"],"picked":"Worship","floor":22.0},{"not_picked":["WaveOfTheHand","Halt","CutThroughFate+1","CarveReality"],"picked":"SKIP","floor":24.0},{"not_picked":["Consecrate","FollowUp","Perseverance","CutThroughFate"],"picked":"SKIP","floor":30.0},{"not_picked":["EmptyFist","FlurryOfBlows","SignatureMove"],"picked":"EmptyBody","floor":31.0},{"not_picked":["MasterReality","Omniscience","Vault"],"picked":"Brilliance","floor":33.0},{"not_picked":["Protect","ClearTheMind","PathToVictory+1"],"picked":"Evaluate+1","floor":35.0},{"not_picked":["Evaluate","FlurryOfBlows+1","Vengeance+1","WaveOfTheHand"],"picked":"SKIP","floor":39},{"not_picked":["Indignation+1","PathToVictory","ReachHeaven+1","Wallop"],"picked":"SKIP","floor":40},{"not_picked":["FlyingSleeves","CrushJoints+1","EmptyFist+1"],"picked":"Perseverance+1","floor":44},{"not_picked":["WaveOfTheHand","EmptyBody","BowlingBash","Establishment"],"picked":"SKIP","floor":45},{"not_picked":["WindmillStrike+1","Swivel+1","EmptyBody"],"picked":"Halt+1","floor":46},{"not_picked":["ClearTheMind+1","SandsOfTime+1","Protect"],"picked":"Evaluate+1","floor":48}],"player_experience":1367112,"relics_obtained":[{"floor":7.0,"key":"Pantograph"},{"floor":9.0,"key":"Question Card"},{"floor":14.0,"key":"Calipers"},{"floor":26.0,"key":"Bottled Lightning"},{"floor":31.0,"key":"Meat on the Bone"},{"floor":40,"key":"Letter Opener"},{"floor":43,"key":"Potion Belt"},{"floor":47,"key":"Girya"}],"event_choices":[{"damage_healed":0.0,"max_hp_gain":5.0,"max_hp_loss":0.0,"gold_gain":0.0,"event_name":"Big Fish","player_choice":"Donut","floor":2.0,"gold_loss":0.0,"damage_taken":0.0},{"cards_removed":["Strike_P"],"damage_healed":0.0,"max_hp_gain":0.0,"max_hp_loss":0.0,"gold_gain":0.0,"event_name":"Living Wall","player_choice":"Forget","floor":13.0,"gold_loss":0.0,"damage_taken":0.0},{"damage_healed":0.0,"max_hp_gain":0.0,"max_hp_loss":0.0,"gold_gain":0.0,"event_name":"Ghosts","player_choice":"Ignored","floor":29.0,"gold_loss":0.0,"damage_taken":0.0},{"damage_healed":0.0,"max_hp_gain":0.0,"max_hp_loss":4.0,"gold_gain":0.0,"event_name":"Winding Halls","player_choice":"Max HP","floor":37.0,"gold_loss":0.0,"damage_taken":0.0},{"damage_healed":0,"gold_gain":0,"player_choice":"Ignored","damage_taken":0,"max_hp_gain":0,"max_hp_loss":0,"event_name":"Mysterious Sphere","floor":41,"gold_loss":0},{"damage_healed":0,"gold_gain":0,"player_choice":"Fight","damage_taken":0,"max_hp_gain":0,"max_hp_loss":0,"event_name":"MindBloom","floor":47,"gold_loss":0}],"is_beta":false,"boss_relics":[{"not_picked":["Pandora\u0027s Box","Calling Bell"],"picked":"Cursed Key"},{"not_picked":["Runic Pyramid","Coffee Dripper"],"picked":"Empty Cage"}],"items_purged_floors":[25,27,36],"is_endless":false,"potions_floor_spawned":[3,8,10,11,14,16,21,22,24,31,35,40,44,47],"killed_by":"Awakened One","ascension_level":0}}