{"host":"by8i6f8xc0ywpsd5","time":1607774055,"event":{"mods":["BaseMod","Colored Map","Minty Spire (QoL Compilation)","Relic Stats"],"gold_per_floor":[115,132,132,147,147,186,186,233,233,259,273,273,297,349,349,349,349],"floor_reached":16,"playtime":569,"items_purged":[],"score":240,"play_id":"fdbc59d3-9335-4b2c-968b-07f6eb505c3f","local_time":"20201212135415","is_ascension_mode":true,"campfire_choices":[{"floor":7,"key":"REST"},{"data":"Armaments","floor":15,"key":"SMITH"}],"circlet_count":0,"master_deck":["AscendersBane","Strike_R","Strike_R","Strike_R","Strike_R","Strike_R","Defend_R","Defend_R","Defend_R","Defend_R","Bash","Armaments+1","Perfected Strike","Twin Strike","Feed","Shockwave","Power Through"],"relics":["Burning Blood","Art of War","Golden Idol","CeramicFish","Mercury Hourglass","Oddly Smooth Stone","MealTicket"],"acts_visited":["Exordium"],"potions_floor_usage":[8,13,14,16],"damage_taken":[{"damage":4,"enemies":"Jaw Worm","floor":1,"turns":7},{"damage":5,"enemies":"Small Slimes","floor":2,"turns":4},{"damage":1,"enemies":"Cultist","floor":4,"turns":3},{"damage":35,"enemies":"Lagavulin","floor":6,"turns":5},{"damage":35,"enemies":"3 Sentries","floor":8,"turns":8},{"damage":6,"enemies":"Large Slime","floor":11,"turns":6},{"damage":0,"enemies":"Blue Slaver","floor":13,"turns":2},{"damage":8,"enemies":"Gremlin Nob","floor":14,"turns":3},{"damage":27,"enemies":"Hexaghost","floor":16,"turns":9}],"seed_played":"7534234831933029101","potions_obtained":[{"floor":2,"key":"Explosive Potion"},{"floor":8,"key":"Swift Potion"},{"floor":12,"key":"DistilledChaos"},{"floor":13,"key":"ColorlessPotion"}],"is_trial":false,"path_per_floor":["M","M","?","M","?","E","R","E","T","T","M","?","M","E","R","B"],"character_chosen":"IRONCLAD","items_purchased":[],"campfire_rested":1,"item_purchase_floors":[],"current_hp_per_floor":[70,71,71,75,49,20,42,13,13,13,16,16,22,23,23,0,0],"gold":349,"neow_bonus":"RANDOM_COMMON_RELIC","is_daily":false,"chose_seed":false,"campfire_upgraded":1,"win_rate":0.0,"timestamp":1607774055,"path_taken":["M","M","?","M","?","E","R","E","T","?","M","?","M","E","R","BOSS"],"items_purchased_type":[],"build_version":"2020-11-30","purchased_purges":0,"victory":false,"max_hp_per_floor":[75,75,75,75,75,75,75,75,75,75,78,78,78,81,81,81,81],"relic_stats":{"counters":[9,47],"Golden Idol":33,"CeramicFish":18,"MealTicket":0,"Art of War":[4],"obtain_stats":[{"Golden Idol":5,"CeramicFish":8,"Oddly Smooth Stone":10,"MealTicket":14,"Art of War":0,"Burning Blood":0,"Mercury Hourglass":9},{"Golden Idol":3,"CeramicFish":5,"Oddly Smooth Stone":5,"MealTicket":8,"Art of War":0,"Burning Blood":0,"Mercury Hourglass":5},{"Golden Idol":14,"CeramicFish":27,"Oddly Smooth Stone":27,"MealTicket":38,"Art of War":0,"Burning Blood":0,"Mercury Hourglass":27}],"Burning Blood":47,"Mercury Hourglass":[63]},"card_choices":[{"not_picked":["True Grit","Warcry"],"picked":"Armaments","floor":1},{"not_picked":["Cleave","Ghostly Armor"],"picked":"Perfected Strike","floor":2},{"not_picked":["Clothesline","Iron Wave"],"picked":"Twin Strike","floor":4},{"not_picked":["Pummel","Reckless Charge"],"picked":"Feed","floor":6},{"not_picked":["Perfected Strike","Hemokinesis"],"picked":"Shockwave","floor":8},{"not_picked":["Clothesline","Metallicize","Bloodletting"],"picked":"SKIP","floor":11},{"not_picked":["Iron Wave","Body Slam","Dual Wield"],"picked":"SKIP","floor":13},{"not_picked":["Body Slam","Flex"],"picked":"Power Through","floor":14}],"player_experience":1648654,"relics_obtained":[{"floor":8,"key":"CeramicFish"},{"floor":9,"key":"Mercury Hourglass"},{"floor":10,"key":"Oddly Smooth Stone"},{"floor":14,"key":"MealTicket"}],"event_choices":[{"damage_healed":0,"gold_gain":0,"player_choice":"Ignored","damage_taken":0,"max_hp_gain":0,"max_hp_loss":0,"event_name":"Liars Game","floor":3,"gold_loss":0},{"damage_healed":0,"gold_gain":0,"player_choice":"Take Damage","damage_taken":26,"relics_obtained":["Golden Idol"],"max_hp_gain":0,"max_hp_loss":0,"event_name":"Golden Idol","floor":5,"gold_loss":0},{"damage_healed":0,"gold_gain":0,"player_choice":"Got Potions","damage_taken":0,"max_hp_gain":0,"max_hp_loss":0,"event_name":"Lab","floor":12,"gold_loss":0}],"is_beta":false,"boss_relics":[],"items_purged_floors":[],"is_endless":false,"potions_floor_spawned":[2,8,13],"killed_by":"Hexaghost","ascension_level":20}}