{"host":"jm9833yuloeli2yd","time":1607798871,"event":{"mods":["AchievementEnabler","BaseMod","Better Altar","Better Match","Better Note","Better Sensory Stone","Better Skull","Better Vampires","Colored Map","Colored Powertips","DeckTracker","Minty Spire (QoL Compilation)","Permanent Neow","Quick Restart","StSLib","SuperFastMode"],"gold_per_floor":[368,379,379,14,14,44,44,79,105,130,146,146,32,57,57,133,133,148,165,165,165,165,165,165,165],"floor_reached":24,"playtime":810,"items_purged":[],"score":440,"play_id":"cce1e777-3a51-455c-a4e9-fc8b6e513d85","local_time":"20201212134751","is_ascension_mode":true,"campfire_choices":[{"floor":7,"key":"REST"},{"floor":12,"key":"REST"},{"floor":15,"key":"REST"},{"data":"Buffer","floor":23,"key":"SMITH"}],"circlet_count":0,"master_deck":["AscendersBane","Strike_B","Strike_B","Strike_B","Defend_B","Defend_B","Defend_B","Defend_B","Zap","Dualcast","Compile Driver","FTL+1","Hologram","Self Repair","Rainbow+1","Consume+1","Coolheaded+1","Hologram+1","Gash","Loop","Buffer+1","Reinforced Body+1","Core Surge","Skim+1","Gash"],"relics":["Cracked Core","Lee\u0027s Waffle","Pen Nib","Blood Vial","Toxic Egg 2","Dream Catcher","Pantograph","Anchor","Runic Dome","MutagenicStrength"],"acts_visited":["Exordium","TheCity"],"potions_floor_usage":[8,14,16,24],"damage_taken":[{"damage":1,"enemies":"Cultist","floor":1,"turns":3},{"damage":5,"enemies":"Small Slimes","floor":2,"turns":3},{"damage":52,"enemies":"3 Sentries","floor":6,"turns":11},{"damage":30,"enemies":"Gremlin Nob","floor":8,"turns":4},{"damage":31,"enemies":"3 Sentries","floor":10,"turns":7},{"damage":4,"enemies":"Jaw Worm","floor":11,"turns":4},{"damage":32,"enemies":"Gremlin Nob","floor":14,"turns":4},{"damage":43,"enemies":"The Guardian","floor":16,"turns":14},{"damage":12,"enemies":"3 Byrds","floor":18,"turns":6},{"damage":1,"enemies":"Spheric Guardian","floor":19,"turns":3},{"damage":67,"enemies":"Slavers","floor":24,"turns":5}],"seed_played":"-7578175298702467647","potions_obtained":[{"floor":6,"key":"PowerPotion"},{"floor":11,"key":"SkillPotion"},{"floor":14,"key":"SkillPotion"},{"floor":16,"key":"AttackPotion"},{"floor":19,"key":"Energy Potion"}],"is_trial":false,"path_per_floor":["M","M","?","$","?","E","R","E","T","E","M","R","$","E","R","B",null,"M","M","?","?","?","R","E"],"character_chosen":"DEFECT","items_purchased":["Lee\u0027s Waffle","Pen Nib","Hologram","Gash","Loop"],"campfire_rested":3,"item_purchase_floors":[4,4,4,13,13],"current_hp_per_floor":[45,40,40,78,83,31,55,34,34,12,17,41,41,18,42,33,71,61,62,62,62,62,62,0,0],"gold":165,"neow_bonus":"TWO_FIFTY_GOLD","is_daily":false,"chose_seed":false,"campfire_upgraded":1,"win_rate":0.0,"timestamp":1607798871,"path_taken":["M","?","?","$","?","E","R","E","T","E","M","R","?","E","R","BOSS","M","M","?","?","?","R","E"],"items_purchased_type":["Relic","Relic","Card","Card","Card"],"build_version":"2020-11-30","purchased_purges":0,"victory":false,"max_hp_per_floor":[71,71,71,78,83,83,83,83,83,83,83,83,83,83,83,83,83,83,83,83,83,83,83,83,83],"card_choices":[{"not_picked":["Conserve Battery","Force Field"],"picked":"Compile Driver","floor":1},{"not_picked":["Leap","Cold Snap"],"picked":"FTL","floor":2},{"not_picked":["Coolheaded","Tempest"],"picked":"Self Repair","floor":6},{"not_picked":["Steam+1","Stack+1"],"picked":"Rainbow+1","floor":8},{"not_picked":["Ball Lightning","Gash"],"picked":"Consume+1","floor":10},{"not_picked":["Turbo+1","Go for the Eyes"],"picked":"Coolheaded+1","floor":11},{"not_picked":["Redo+1","FTL"],"picked":"Hologram+1","floor":12},{"not_picked":["Ball Lightning","Lockon"],"picked":"Buffer","floor":14},{"not_picked":["Consume+1","Heatsinks"],"picked":"Reinforced Body+1","floor":15},{"not_picked":["Thunder Strike","Hyperbeam"],"picked":"Core Surge","floor":16},{"not_picked":["Sweeping Beam","Cold Snap","Reprogram+1"],"picked":"SKIP","floor":18},{"not_picked":["Auto Shields+1","Steam Power+1"],"picked":"Skim+1","floor":19}],"player_experience":1028090,"relics_obtained":[{"floor":6,"key":"Blood Vial"},{"floor":8,"key":"Toxic Egg 2"},{"floor":9,"key":"Dream Catcher"},{"floor":10,"key":"Pantograph"},{"floor":14,"key":"Anchor"}],"event_choices":[{"damage_healed":0,"gold_gain":0,"player_choice":"Grow","damage_taken":0,"max_hp_gain":0,"max_hp_loss":0,"event_name":"Living Wall","floor":3,"gold_loss":0,"cards_upgraded":["FTL"]},{"damage_healed":0,"gold_gain":0,"player_choice":"Donut","damage_taken":0,"max_hp_gain":5,"max_hp_loss":0,"event_name":"Big Fish","floor":5,"gold_loss":0},{"damage_healed":0,"gold_gain":0,"player_choice":"Inject Mutagens","damage_taken":0,"relics_obtained":["MutagenicStrength"],"max_hp_gain":0,"max_hp_loss":0,"event_name":"Drug Dealer","floor":20,"gold_loss":0},{"cards_removed":["Strike_B"],"damage_healed":0,"gold_gain":0,"player_choice":"Elegance","damage_taken":0,"max_hp_gain":0,"max_hp_loss":0,"event_name":"Back to Basics","floor":21,"gold_loss":0},{"damage_healed":0,"gold_gain":0,"player_choice":"Read","damage_taken":0,"max_hp_gain":0,"max_hp_loss":0,"event_name":"The Library","floor":22,"gold_loss":0,"cards_obtained":["Gash"]}],"is_beta":false,"boss_relics":[{"not_picked":["Snecko Eye","Velvet Choker"],"picked":"Runic Dome"}],"items_purged_floors":[],"is_endless":false,"potions_floor_spawned":[6,11,14,16,19],"killed_by":"Slavers","ascension_level":20}}