{"host":"6o1vh5lr98s0jjq7","time":1607749792,"event":{"mods":["2.2 Compatiblity","Act Like it!","Aspiration","BaseMod","Better Altar","Better Match","Better Note","Better Third Choice","Conspire","Downfall","Gensokyo","Hallownest","Infinite Spire","Marisa????????","Minty Spire (QoL Compilation)","Replay The Spire","StSLib","The Alterego","WarShipGirlsR/????R mod"],"gold_per_floor":[361,35,35,48,60,60,76,96,119,144,144,469,2,2,2,102,102,115,115,205,218,235,235,235],"floor_reached":23,"playtime":1931,"items_purged":[],"score":241,"play_id":"d6005380-2abd-4e99-803c-e77ca35a61be","local_time":"20201211230952","is_ascension_mode":true,"campfire_choices":[{"floor":6,"key":"RECALL"},{"floor":11,"key":"REST"},{"floor":15,"key":"REST"}],"circlet_count":0,"master_deck":["Strike_MRS","Strike_MRS","Strike_MRS","Defend_MRS","Defend_MRS","MasterSpark","UpSweep","EventHorizon","NonDirectionalLaser","MeteoricShower","6A","PowerUp","GrandCross","DC","AsteroidBelt","GalacticHalo","MilkyWay","All Out Attack","Draining Mist","Dagger Spray","MillisecondPulsars","UnstableBomb","Flash of Steel","Blind","ReplayTheSpireMod:Trickstab","expansioncontent:DecasProtection","PulseMagic","ManaConvection+1"],"relics":["MiniHakkero","Ornamental Fan","Replay:Wax Seal","Old Coin","Garlic","HandDrill","Replay:Bronze Core"],"acts_visited":["Exordium","TheCity"],"potions_floor_usage":[10,10,16,18,22,23],"damage_taken":[{"damage":2,"enemies":"2 Louse","floor":1,"turns":2},{"damage":1,"enemies":"Cultist","floor":4,"turns":3},{"damage":3,"enemies":"Jaw Worm","floor":5,"turns":3},{"damage":0,"enemies":"Large Slime","floor":7,"turns":3},{"damage":10,"enemies":"3 Louse","floor":8,"turns":2},{"damage":14,"enemies":"Replay:BlueRogue","floor":10,"turns":3},{"damage":16,"enemies":"3 Sentries","floor":12,"turns":5},{"damage":69,"enemies":"Fading Forest","floor":16,"turns":11},{"damage":0,"enemies":"Chosen","floor":18,"turns":4},{"damage":2,"enemies":"conspire:FuzzyDice","floor":21,"turns":7},{"damage":12,"enemies":"conspire:HollyBat","floor":22,"turns":13},{"damage":41,"enemies":"Gremlin Leader","floor":23,"turns":6}],"seed_played":"-2145658337217042445","potions_obtained":[{"floor":1,"key":"BottledSpark"},{"floor":8,"key":"Adrenaline Potion"},{"floor":12,"key":"FearPotion"},{"floor":16,"key":"DistilledChaos"},{"floor":21,"key":"Slimebound:ThreeZeroPotion"},{"floor":22,"key":"BlessingOfTheForge"}],"is_trial":false,"path_per_floor":["M","$","?","M","M","R","M","M","T","E","R","E","$","?","R","B",null,"M","?","?","M","M","E"],"character_chosen":"MARISA","items_purchased":["NonDirectionalLaser","Ornamental Fan","MeteoricShower","Garlic","HandDrill","GravityBeat","MilkyWay"],"campfire_rested":2,"item_purchase_floors":[2,2,2,13,13,13,13],"current_hp_per_floor":[66,66,66,65,62,62,62,52,52,38,58,42,42,42,62,9,68,68,68,26,24,24,0,0],"gold":235,"neow_bonus":"TWO_FIFTY_GOLD","is_daily":false,"chose_seed":false,"campfire_upgraded":0,"win_rate":0.0,"timestamp":1607749792,"path_taken":["M","$","?","?","M","R","M","M","T","E","R","E","$","?","R","BOSS","M","?","?","M","M","E"],"items_purchased_type":["Card","Relic","Card","Relic","Relic","Card","Card"],"build_version":"2020-11-30","purchased_purges":0,"victory":false,"max_hp_per_floor":[68,68,68,68,68,68,68,68,68,68,68,68,68,68,68,68,68,68,68,68,68,68,68,68],"card_choices":[{"not_picked":["WitchLeyline","StarBarrage"],"picked":"EventHorizon","floor":1},{"not_picked":["EnergyRecoil","FairyDestructionRay"],"picked":"6A","floor":4},{"not_picked":["SuperNova","Acceleration"],"picked":"PowerUp","floor":5},{"not_picked":["DarkSpark","WitchLeyline"],"picked":"GrandCross","floor":7},{"not_picked":["ChargingUp","ChargeUpSpray"],"picked":"DC","floor":8},{"not_picked":["DragonMeteor","EnergyRecoil"],"picked":"AsteroidBelt","floor":10},{"not_picked":["SporeBomb","ShootingEcho"],"picked":"GalacticHalo","floor":12},{"not_picked":["BigCrunch","BinaryStars"],"picked":"MillisecondPulsars","floor":16},{"not_picked":["ShootingEcho+1","MilkyWay"],"picked":"UnstableBomb","floor":18},{"not_picked":["Acceleration","MilkyWay+1"],"picked":"PulseMagic","floor":21},{"not_picked":["GravityBeat","Acceleration"],"picked":"ManaConvection+1","floor":22}],"player_experience":187279,"relics_obtained":[{"floor":10,"key":"Replay:Wax Seal"},{"floor":12,"key":"Old Coin"}],"event_choices":[{"cards_removed":["Defend_MRS"],"damage_healed":0,"gold_gain":0,"player_choice":"Offered Basic","damage_taken":0,"max_hp_gain":0,"max_hp_loss":0,"event_name":"Bonfire Elementals","floor":3,"gold_loss":0},{"damage_healed":0,"gold_gain":90,"player_choice":"CARD GOLD CARD CARD CARD ","damage_taken":42,"max_hp_gain":0,"max_hp_loss":0,"event_name":"Knowing Skull","floor":20,"potions_obtained":[],"gold_loss":0,"cards_obtained":["Flash of Steel","Blind","ReplayTheSpireMod:Trickstab","expansioncontent:DecasProtection"]}],"is_beta":false,"boss_relics":[{"not_picked":["Replay:Wanted Poster","aspiration:RunicSpoon"],"picked":"Replay:Bronze Core"}],"items_purged_floors":[],"is_endless":false,"potions_floor_spawned":[1,8,12,16,21,22],"killed_by":"Gremlin Leader","ascension_level":4}}