{"host":"Ian","time":1607804733,"event":{"mods":["BaseMod","Bestiary","Block Reminder","Colored Map","Highlight Path","Key Reminder","Minty Spire (QoL Compilation)","Relic Stats"],"gold_per_floor":[113,130,14,25,75,105,31,31,31,31,64,64,94,108,108,185,185,197,216,12,12,12,12,37,37,37,37,64,64,114,134,134,208,208,227,242,192,192,192,192,192],"floor_reached":40,"playtime":1626,"items_purged":[],"score":876,"play_id":"de1df26b-fae8-4490-90b7-404c5d506e8f","local_time":"20201212202533","is_ascension_mode":true,"campfire_choices":[{"data":"Searing Blow","floor":8,"key":"SMITH"},{"data":"Searing Blow+1","floor":10,"key":"SMITH"},{"data":"Searing Blow+2","floor":15,"key":"SMITH"},{"data":"Searing Blow+3","floor":23,"key":"SMITH"},{"data":"Searing Blow+4","floor":27,"key":"SMITH"},{"data":"Searing Blow+5","floor":29,"key":"SMITH"},{"floor":32,"key":"REST"}],"circlet_count":0,"master_deck":["AscendersBane","Strike_R","Strike_R","Strike_R","Strike_R","Strike_R","Defend_R","Defend_R","Defend_R","Defend_R","Bash","Perfected Strike","Armaments","Searing Blow+7","Feel No Pain","Clothesline","Double Tap","Flame Barrier","Havoc","Armaments","Fiend Fire","Second Wind","Headbutt","Flame Barrier","Shockwave","Double Tap","Power Through","Dark Embrace","Immolate","Pommel Strike+1"],"relics":["Cursed Key","Letter Opener","Happy Flower","Vajra","Velvet Choker","Lee\u0027s Waffle","Juzu Bracelet","Bag of Preparation","Runic Cube"],"acts_visited":["Exordium","TheCity","TheBeyond"],"potions_floor_usage":[6,11,13,13,28],"damage_taken":[{"damage":2,"enemies":"Jaw Worm","floor":1,"turns":3},{"damage":0,"enemies":"Cultist","floor":2,"turns":3},{"damage":3,"enemies":"2 Louse","floor":4,"turns":2},{"damage":3,"enemies":"Gremlin Nob","floor":6,"turns":3},{"damage":17,"enemies":"3 Sentries","floor":11,"turns":7},{"damage":5,"enemies":"Lagavulin","floor":13,"turns":5},{"damage":0,"enemies":"2 Fungi Beasts","floor":14,"turns":2},{"damage":10,"enemies":"Hexaghost","floor":16,"turns":9},{"damage":19,"enemies":"Spheric Guardian","floor":18,"turns":4},{"damage":6,"enemies":"2 Thieves","floor":19,"turns":3},{"damage":7,"enemies":"Gremlin Leader","floor":24,"turns":6},{"damage":12,"enemies":"Book of Stabbing","floor":28,"turns":4},{"damage":8,"enemies":"Snecko","floor":31,"turns":4},{"damage":101,"enemies":"Automaton","floor":33,"turns":10},{"damage":15,"enemies":"3 Shapes","floor":35,"turns":5},{"damage":6,"enemies":"Orb Walker","floor":36,"turns":3},{"damage":57,"enemies":"Nemesis","floor":40,"turns":6}],"seed_played":"-5235556036226770128","potions_obtained":[{"floor":2,"key":"Energy Potion"},{"floor":4,"key":"SteroidPotion"},{"floor":6,"key":"Energy Potion"},{"floor":11,"key":"Swift Potion"},{"floor":24,"key":"Strength Potion"},{"floor":28,"key":"FairyPotion"}],"is_trial":false,"path_per_floor":["M","M","$","M","?","E","$","R","T","R","E","T","E","M","R","B",null,"M","M","$","?","$","R","E","?","T","R","E","R","?","M","R","B",null,"M","M","?","?","?","E"],"character_chosen":"IRONCLAD","items_purchased":["Searing Blow","Feel No Pain","Flame Barrier","Lee\u0027s Waffle","Flame Barrier"],"campfire_rested":1,"item_purchase_floors":[3,3,7,20,20],"current_hp_per_floor":[66,66,66,63,63,60,60,60,60,60,43,43,38,38,38,28,63,44,38,82,82,82,82,75,51,51,51,39,39,39,31,57,21,71,56,50,50,50,50,0,0],"gold":192,"neow_bonus":"BOSS_RELIC","is_daily":false,"chose_seed":false,"campfire_upgraded":6,"win_rate":0.0,"timestamp":1607804733,"path_taken":["M","M","$","M","?","E","?","R","T","R","E","?","E","?","R","BOSS","M","M","$","?","$","R","E","?","T","R","E","R","?","M","R","BOSS","M","M","?","?","?","E"],"items_purchased_type":["Card","Card","Card","Relic","Card"],"build_version":"2020-12-07","purchased_purges":0,"victory":false,"max_hp_per_floor":[75,75,75,75,75,75,75,75,75,75,75,75,75,75,75,75,75,75,75,82,82,82,82,82,87,87,87,87,87,87,87,87,87,87,87,87,87,83,83,83,83],"relic_stats":{"Lee\u0027s Waffle":44,"Happy Flower":[20],"counters":[17,79],"Juzu Bracelet":1,"Bag of Preparation":[10],"Letter Opener":[85],"Cursed Key":0,"obtain_stats":[{"Lee\u0027s Waffle":20,"Happy Flower":11,"Vajra":13,"Velvet Choker":17,"Juzu Bracelet":24,"Bag of Preparation":28,"Letter Opener":6,"Cursed Key":0,"Burning Blood":0,"Runic Cube":34},{"Lee\u0027s Waffle":10,"Happy Flower":5,"Vajra":6,"Velvet Choker":8,"Juzu Bracelet":11,"Bag of Preparation":12,"Letter Opener":4,"Cursed Key":0,"Burning Blood":0,"Runic Cube":14},{"Lee\u0027s Waffle":41,"Happy Flower":18,"Vajra":23,"Velvet Choker":34,"Juzu Bracelet":47,"Bag of Preparation":51,"Letter Opener":11,"Cursed Key":0,"Burning Blood":0,"Runic Cube":65}],"Runic Cube":[6]},"card_choices":[{"not_picked":["Clash","Armaments"],"picked":"Perfected Strike","floor":1},{"not_picked":["Flex","Entrench"],"picked":"Armaments","floor":2},{"not_picked":["Shrug It Off","Pommel Strike"],"picked":"Clothesline","floor":4},{"not_picked":["Fiend Fire","Clothesline"],"picked":"Double Tap","floor":6},{"not_picked":["Cleave","Carnage"],"picked":"Havoc","floor":11},{"not_picked":["Whirlwind","True Grit"],"picked":"Armaments","floor":13},{"not_picked":["Infernal Blade","Flex","Cleave"],"picked":"SKIP","floor":14},{"not_picked":["Feed","Barricade"],"picked":"Fiend Fire","floor":16},{"not_picked":["Pummel+1","Entrench"],"picked":"Second Wind","floor":18},{"not_picked":["Body Slam","Flex"],"picked":"Headbutt","floor":19},{"not_picked":["Inflame","Twin Strike"],"picked":"Double Tap","floor":24},{"not_picked":["Rage","Clothesline"],"picked":"Power Through","floor":28},{"not_picked":["Carnage","Iron Wave"],"picked":"Dark Embrace","floor":31},{"not_picked":["Demon Form","Brutality"],"picked":"Immolate","floor":33},{"not_picked":["Body Slam+1","Carnage"],"picked":"Pommel Strike+1","floor":35},{"not_picked":["Clothesline+1","Sword Boomerang","Combust"],"picked":"SKIP","floor":36}],"player_experience":2509168,"relics_obtained":[{"floor":6,"key":"Letter Opener"},{"floor":11,"key":"Happy Flower"},{"floor":13,"key":"Vajra"},{"floor":24,"key":"Juzu Bracelet"},{"floor":28,"key":"Bag of Preparation"}],"event_choices":[{"damage_healed":0,"gold_gain":50,"player_choice":"Pray","damage_taken":0,"max_hp_gain":0,"max_hp_loss":0,"event_name":"Golden Shrine","floor":5,"gold_loss":0},{"damage_healed":0,"gold_gain":0,"player_choice":"Read","damage_taken":0,"max_hp_gain":0,"max_hp_loss":0,"event_name":"The Library","floor":21,"gold_loss":0,"cards_obtained":["Shockwave"]},{"damage_healed":0,"gold_gain":0,"player_choice":"Shed Blood","damage_taken":29,"max_hp_gain":5,"max_hp_loss":0,"event_name":"Forgotten Altar","floor":25,"gold_loss":0},{"damage_healed":0,"gold_gain":50,"player_choice":"Stole From Cult","damage_taken":0,"max_hp_gain":0,"max_hp_loss":0,"event_name":"Nest","floor":30,"gold_loss":0},{"damage_healed":0,"gold_gain":0,"player_choice":"Upgrade","damage_taken":0,"max_hp_gain":0,"max_hp_loss":0,"event_name":"Designer","floor":37,"gold_loss":50,"cards_upgraded":["Searing Blow"]},{"damage_healed":0,"gold_gain":0,"player_choice":"Max HP","damage_taken":0,"max_hp_gain":0,"max_hp_loss":4,"event_name":"Winding Halls","floor":38,"gold_loss":0},{"damage_healed":0,"gold_gain":0,"player_choice":"Ignored","damage_taken":0,"max_hp_gain":0,"max_hp_loss":0,"event_name":"Tomb of Lord Red Mask","floor":39,"gold_loss":0}],"is_beta":true,"boss_relics":[{"not_picked":["Fusion Hammer","SlaversCollar"],"picked":"Velvet Choker"},{"not_picked":["Coffee Dripper","Busted Crown"],"picked":"Runic Cube"}],"items_purged_floors":[],"is_endless":false,"potions_floor_spawned":[2,4,6,11,24,28],"killed_by":"Nemesis","ascension_level":20}}