{"host":"ebguxldc2ucorva7","time":1607801180,"event":{"mods":["AchievementEnabler","BaseMod","Best Route Mod","Bestiary","Colored Map","Colored Powertips","Disable Question Mark Monsters","Energized Spire","Highlight Path","Minty Spire (QoL Compilation)","Permanent Neow","Quick Restart","Replay The Spire","Shop Mod","StSLib"],"gold_per_floor":[109,109,29,47,47,47,81,101,101,133,133,133,143,143,143,246,246,235,246,246,246],"floor_reached":20,"playtime":705,"items_purged":[],"score":191,"play_id":"03f43a5f-21a4-4f4a-8ddf-0fd40dbb7306","local_time":"20201212122620","is_ascension_mode":true,"campfire_choices":[{"data":"Crystallizer","floor":6,"key":"SMITH"},{"data":"Loop","floor":11,"key":"SMITH"}],"circlet_count":0,"master_deck":["Strike_B","Strike_B","Defend_B","Defend_B","Defend_B","Defend_B","Zap","Dualcast","Conserve Battery","Crystallizer+1","Loop+1","White Noise","Creative AI+1","Amplify","CurseOfTheBell","Streamline+1","BasicCrystalCard+1"],"relics":["Cracked Core","Ring of Fury","Ring of Panic","Pantograph","Lantern","Symbiotic Virus","ReplayTheSpireMod:Ninjato","Calling Bell","Regal Pillow","InkBottle","Emotion Chip"],"acts_visited":["Exordium","TheCity"],"potions_floor_usage":[16],"damage_taken":[{"damage":1,"enemies":"Cultist","floor":1,"turns":3},{"damage":7,"enemies":"Jaw Worm","floor":4,"turns":2},{"damage":18,"enemies":"Lagavulin","floor":7,"turns":5},{"damage":0,"enemies":"2 Louse","floor":8,"turns":2},{"damage":11,"enemies":"Replay:BlueRogue","floor":10,"turns":4},{"damage":7,"enemies":"Exordium Thugs","floor":13,"turns":3},{"damage":40,"enemies":"Hexaghost","floor":16,"turns":7},{"damage":30,"enemies":"2 Thieves","floor":18,"turns":5},{"damage":26,"enemies":"Spheric Guardian","floor":19,"turns":4},{"damage":26,"enemies":"Centurion and Healer","floor":20,"turns":2}],"seed_played":"8002978690121028803","potions_obtained":[{"floor":1,"key":"FearPotion"},{"floor":10,"key":"FearPotion"},{"floor":13,"key":"Reflective Coating"},{"floor":16,"key":"Energy Potion"}],"is_trial":false,"path_per_floor":["M","?","$","M","?","R","E","M","T","E","R","?","M","?","R_BF","B",null,"M","M","M"],"character_chosen":"DEFECT","items_purchased":["Crystallizer"],"campfire_rested":0,"item_purchase_floors":[3],"current_hp_per_floor":[74,74,74,67,67,67,49,49,49,38,38,63,56,56,75,35,75,45,19,0,0],"gold":246,"neow_bonus":"RANDOM_EVENT","is_daily":false,"chose_seed":false,"campfire_upgraded":2,"win_rate":0.0,"timestamp":1607801180,"path_taken":["M","?","$","M","?","R","E","?","T","E","R","?","M","?","R_BF","BOSS","M","M","M"],"items_purchased_type":["Card"],"build_version":"2020-11-30","purchased_purges":0,"victory":false,"max_hp_per_floor":[75,75,75,75,75,75,75,75,75,75,75,75,75,75,75,75,75,75,75,75,75],"card_choices":[{"not_picked":["Sweeping Beam","Barrage"],"picked":"Conserve Battery","floor":1},{"not_picked":["Panic Button","Ball Lightning"],"picked":"Crystallizer","floor":4},{"not_picked":["Reinforced Body","Stack"],"picked":"Loop","floor":7},{"not_picked":["Hologram","Gash"],"picked":"White Noise","floor":8},{"not_picked":["Coolheaded","Gash","BasicCrystalCard"],"picked":"SKIP","floor":10},{"not_picked":["Skim","Go for the Eyes"],"picked":"Creative AI","floor":13},{"not_picked":["Reboot","ReplayTheSpireMod:Fabricate Wheel"],"picked":"Amplify","floor":16},{"not_picked":["Go for the Eyes","Compile Driver+1"],"picked":"Streamline+1","floor":18},{"not_picked":["Streamline+1","Leap"],"picked":"BasicCrystalCard+1","floor":19}],"player_experience":95871,"relics_obtained":[{"floor":2,"key":"Ring of Fury"},{"floor":2,"key":"Ring of Panic"},{"floor":7,"key":"Lantern"},{"floor":9,"key":"Symbiotic Virus"},{"floor":10,"key":"ReplayTheSpireMod:Ninjato"},{"floor":17,"key":"Regal Pillow"},{"floor":17,"key":"InkBottle"},{"floor":17,"key":"Emotion Chip"}],"event_choices":[{"cards_removed":["Crystallizer"],"damage_healed":0,"gold_gain":0,"player_choice":"Gave Card","damage_taken":0,"relics_obtained":["Pantograph"],"max_hp_gain":0,"max_hp_loss":0,"event_name":"WeMeetAgain","floor":5,"gold_loss":0},{"damage_healed":25,"gold_gain":0,"player_choice":"Banana","damage_taken":0,"max_hp_gain":0,"max_hp_loss":0,"event_name":"Big Fish","floor":12,"gold_loss":0},{"cards_removed":["Strike_B"],"damage_healed":0,"gold_gain":0,"player_choice":"Offered Basic","damage_taken":0,"max_hp_gain":0,"max_hp_loss":0,"event_name":"Bonfire Elementals","floor":14,"gold_loss":0}],"is_beta":false,"boss_relics":[{"not_picked":["Sozu","Replay:Bronze Core"],"picked":"Calling Bell"}],"items_purged_floors":[],"is_endless":false,"potions_floor_spawned":[1,10,13,16,18],"killed_by":"Centurion and Healer","ascension_level":1}}