{"host":"c6uvvgqwlxq4k23y","time":1607806803,"event":{"mods":["BaseMod","CapriCore","DeckTracker","Hermit","Minty Spire (QoL Compilation)","StSLib","SuperFastMode"],"gold_per_floor":[110,122,1,16,36,36,111,121,145,145,171,246,259,289,289,384,384,399,75,91,16,16,16,50,69,69,69,69],"floor_reached":27,"playtime":723,"items_purged":["Strike_B","Strike_B"],"score":243,"play_id":"5cda2ed1-4392-4b10-b4a8-66c850da7e58","local_time":"20201213060003","is_ascension_mode":false,"campfire_choices":[{"data":"Zap","floor":6.0,"key":"SMITH"},{"floor":10.0,"key":"REST"},{"floor":15.0,"key":"REST"},{"floor":23.0,"key":"REST"}],"circlet_count":0,"master_deck":["Strike_B","Defend_B","Defend_B","Defend_B","Defend_B","Zap+1","Dualcast","Coolheaded","Sweeping Beam","Compile Driver","Hologram","Genetic Algorithm","Echo Form","Thunder Strike","Defragment","Self Repair"],"relics":["Cracked Core","Toy Ornithopter","Art of War","Nunchaku","Cursed Key","Oddly Smooth Stone","InkBottle"],"acts_visited":["Exordium","TheCity"],"potions_floor_usage":[],"damage_taken":[{"damage":0.0,"enemies":"Cultist","floor":1.0,"turns":4.0},{"damage":9.0,"enemies":"Jaw Worm","floor":2.0,"turns":3.0},{"damage":11.0,"enemies":"Small Slimes","floor":4.0,"turns":3.0},{"damage":12.0,"enemies":"3 Louse","floor":5.0,"turns":2.0},{"damage":5.0,"enemies":"Looter","floor":8.0,"turns":3.0},{"damage":16.0,"enemies":"Gremlin Nob","floor":11.0,"turns":3.0},{"damage":6.0,"enemies":"Exordium Thugs","floor":13.0,"turns":6.0},{"damage":20.0,"enemies":"Lagavulin","floor":14.0,"turns":6.0},{"damage":44.0,"enemies":"The Guardian","floor":16.0,"turns":16.0},{"damage":15.0,"enemies":"Spheric Guardian","floor":18.0,"turns":5.0},{"damage":34.0,"enemies":"2 Thieves","floor":20.0,"turns":5.0},{"damage":43.0,"enemies":"Gremlin Leader","floor":24.0,"turns":5.0},{"damage":17.0,"enemies":"Snecko","floor":25.0,"turns":6.0},{"damage":10,"enemies":"3 Cultists","floor":27,"turns":2}],"seed_played":"6439753351184318117","potions_obtained":[{"floor":5.0,"key":"SpeedPotion"},{"floor":8.0,"key":"FearPotion"},{"floor":13.0,"key":"SteroidPotion"},{"floor":14.0,"key":"AttackPotion"},{"floor":18.0,"key":"Strength Potion"},{"floor":25.0,"key":"PotionOfCapacity"}],"is_trial":false,"path_per_floor":["M","M","$","M","M","R","?","M","T","R","E","?","M","E","R","B",null,"M","$","M","?","$","R","E","M","T","M"],"character_chosen":"DEFECT","items_purchased":["Sweeping Beam","Oddly Smooth Stone","Defragment"],"campfire_rested":3,"item_purchase_floors":[3,19,19],"current_hp_per_floor":[82,73,73,62,50,50,39,34,34,58,47,39,33,18,42,8,82,67,67,33,33,33,57,19,9,9,0,0],"gold":69,"neow_bonus":"TEN_PERCENT_HP_BONUS","is_daily":false,"chose_seed":false,"campfire_upgraded":1,"win_rate":0.0,"timestamp":1607806803,"path_taken":["M","M","$","M","M","R","?","M","T","R","E","?","M","E","R","BOSS","BOSS","M","$","M","?","$","R","E","M","T","M"],"items_purchased_type":["Card","Relic","Card"],"build_version":"2020-11-30","purchased_purges":2,"victory":false,"max_hp_per_floor":[82,82,82,82,82,82,82,82,82,82,82,82,82,82,82,82,82,82,82,82,82,82,82,82,82,82,82,82],"card_choices":[{"not_picked":["Undo","Redo"],"picked":"Coolheaded","floor":1.0},{"not_picked":["Rebound","Conserve Battery","Go for the Eyes"],"picked":"SKIP","floor":2.0},{"not_picked":["Turbo","Beam Cell"],"picked":"Compile Driver","floor":4.0},{"not_picked":["Sweeping Beam","Aggregate","Fusion"],"picked":"SKIP","floor":5.0},{"not_picked":["Conserve Battery","Go for the Eyes","Streamline"],"picked":"SKIP","floor":8.0},{"not_picked":["White Noise","Sweeping Beam"],"picked":"Hologram","floor":11.0},{"not_picked":["Steam","Go for the Eyes"],"picked":"Genetic Algorithm","floor":13.0},{"not_picked":["Stack","Beam Cell"],"picked":"Echo Form","floor":14.0},{"not_picked":["Amplify","Core Surge"],"picked":"Thunder Strike","floor":16.0},{"not_picked":["Steam","Sweeping Beam","Stack+1"],"picked":"SKIP","floor":18.0},{"not_picked":["Stack+1","Reinforced Body","Sunder"],"picked":"SKIP","floor":20.0},{"not_picked":["Streamline","Coolheaded+1"],"picked":"Self Repair","floor":24.0},{"not_picked":["Static Discharge","Gash","Recycle"],"picked":"SKIP","floor":25.0}],"player_experience":322231,"relics_obtained":[{"floor":9.0,"key":"Toy Ornithopter"},{"floor":11.0,"key":"Art of War"},{"floor":14.0,"key":"Nunchaku"},{"floor":24.0,"key":"InkBottle"}],"event_choices":[{"damage_healed":0.0,"max_hp_gain":0.0,"max_hp_loss":0.0,"gold_gain":75.0,"event_name":"World of Goop","player_choice":"Gather Gold","floor":7.0,"gold_loss":0.0,"damage_taken":11.0},{"damage_healed":0.0,"max_hp_gain":0.0,"max_hp_loss":0.0,"gold_gain":75.0,"event_name":"FaceTrader","player_choice":"Touch","floor":12.0,"gold_loss":0.0,"damage_taken":8.0},{"cards_removed":["Strike_B"],"damage_healed":0.0,"max_hp_gain":0.0,"max_hp_loss":0.0,"gold_gain":0.0,"event_name":"Beggar","player_choice":"Gave Gold","floor":21.0,"gold_loss":75.0,"damage_taken":0.0}],"is_beta":false,"boss_relics":[{"not_picked":["Empty Cage","Runic Pyramid"],"picked":"Cursed Key"}],"items_purged_floors":[3,19],"is_endless":false,"potions_floor_spawned":[5,8,13,14,18,25],"killed_by":"3 Cultists","ascension_level":0}}