{"host":"k8gerrcpv9xe1nxe","time":1607783519,"event":{"mods":["2.2 Compatiblity","AchievementEnabler","BaseMod","Bestiary","Minty Spire (QoL Compilation)","Relic Stats","StSLib"],"gold_per_floor":[113,127,127,141,159,192,210,222,222,222,18,52,66,18,18,114,114,125,125,25,43,63,88,88,115,139,167,267,192,192,205,205,308,308,328,328,179,179,191,225,225,257,257,257,277,277,277,277],"floor_reached":47,"playtime":2431,"items_purged":["Strike_G","Pain"],"score":722,"play_id":"bc3272b1-c580-4665-8fe9-b732c6aa7f31","local_time":"20201212093159","is_ascension_mode":true,"campfire_choices":[{"floor":10.0,"key":"REST"},{"data":"Finisher","floor":15.0,"key":"SMITH"},{"data":"Bullet Time","floor":24.0,"key":"SMITH"},{"data":"Footwork","floor":30.0,"key":"SMITH"},{"data":"Blade Dance","floor":32.0,"key":"SMITH"},{"floor":41.0,"key":"REST"}],"circlet_count":0,"master_deck":["Strike_G","Strike_G","Defend_G","Defend_G+1","Defend_G","Defend_G","Survivor","Neutralize","Cloak And Dagger","Skewer","Sucker Punch","Finisher+1","Bullet Time+1","Backflip+1","Cloak And Dagger","Poisoned Stab","Dash","Blade Dance+1","Burst","Crippling Poison","Noxious Fumes","Calculated Gamble+1","Footwork+1","Prepared+1","Leg Sweep","Malaise","Outmaneuver+1","Malaise+1","Accuracy+1"],"relics":["Empty Cage","Shuriken","White Beast Statue","War Paint","Runic Pyramid","WarpedTongs","Lantern","Unceasing Top","Oddly Smooth Stone","Sundial","Tingsha","InkBottle","WristBlade","Orrery","Darkstone Periapt","Orichalcum","Blood Vial"],"acts_visited":["Exordium","TheCity","TheBeyond"],"potions_floor_usage":[45,47],"damage_taken":[{"damage":2.0,"enemies":"Jaw Worm","floor":1.0,"turns":6.0},{"damage":0.0,"enemies":"Cultist","floor":2.0,"turns":4.0},{"damage":0.0,"enemies":"2 Louse","floor":4.0,"turns":2.0},{"damage":13.0,"enemies":"Gremlin Gang","floor":5.0,"turns":9.0},{"damage":29.0,"enemies":"3 Sentries","floor":6.0,"turns":14.0},{"damage":10.0,"enemies":"3 Louse","floor":7.0,"turns":4.0},{"damage":0.0,"enemies":"Looter","floor":8.0,"turns":3.0},{"damage":9.0,"enemies":"Gremlin Nob","floor":12.0,"turns":3.0},{"damage":5.0,"enemies":"Exordium Thugs","floor":13.0,"turns":4.0},{"damage":0.0,"enemies":"Hexaghost","floor":16.0,"turns":7.0},{"damage":5.0,"enemies":"Spheric Guardian","floor":18.0,"turns":4.0},{"damage":11.0,"enemies":"Shell Parasite","floor":21.0,"turns":5.0},{"damage":5.0,"enemies":"Snecko","floor":22.0,"turns":4.0},{"damage":15.0,"enemies":"Book of Stabbing","floor":23.0,"turns":5.0},{"damage":3.0,"enemies":"Gremlin Leader","floor":25.0,"turns":6.0},{"damage":17.0,"enemies":"Book of Stabbing","floor":27.0,"turns":5.0},{"damage":9.0,"enemies":"Colosseum Slavers","floor":28.0,"turns":3.0},{"damage":7.0,"enemies":"Colosseum Nobs","floor":28.0,"turns":2.0},{"damage":0.0,"enemies":"Cultist and Chosen","floor":31.0,"turns":6.0},{"damage":7.0,"enemies":"Collector","floor":33.0,"turns":11.0},{"damage":0.0,"enemies":"Orb Walker","floor":35.0,"turns":2.0},{"damage":31.0,"enemies":"3 Darklings","floor":39.0,"turns":5.0},{"damage":28.0,"enemies":"Reptomancer","floor":40.0,"turns":6.0},{"damage":0.0,"enemies":"Giant Head","floor":42.0,"turns":4.0},{"damage":19,"enemies":"Transient","floor":45,"turns":5},{"damage":34,"enemies":"Reptomancer","floor":47,"turns":2}],"seed_played":"6308288892398206166","potions_obtained":[{"floor":4.0,"key":"Energy Potion"},{"floor":8.0,"key":"FearPotion"},{"floor":12.0,"key":"Poison Potion"},{"floor":13.0,"key":"Swift Potion"},{"floor":16.0,"key":"AttackPotion"},{"floor":18.0,"key":"Regen Potion"},{"floor":21.0,"key":"DistilledChaos"},{"floor":22.0,"key":"Regen Potion"},{"floor":23.0,"key":"CunningPotion"},{"floor":25.0,"key":"Fire Potion"},{"floor":27.0,"key":"Energy Potion"},{"floor":28.0,"key":"Swift Potion"},{"floor":31.0,"key":"GamblersBrew"},{"floor":33.0,"key":"Weak Potion"},{"floor":35.0,"key":"Regen Potion"},{"floor":39.0,"key":"FearPotion"},{"floor":40.0,"key":"Poison Potion"},{"floor":42.0,"key":"SpeedPotion"},{"floor":45,"key":"GamblersBrew"}],"is_trial":false,"path_per_floor":["M","M","?","M","M","E","M","M","T","R","$","E","M","$","R","B",null,"M","?","$","M","M","E","R","E","T","E","?","?","R","M","R","B",null,"M","?","$","?","M","E","R","E","T","?","M","?","E"],"character_chosen":"THE_SILENT","items_purchased":["Infinite Blades","Poisoned Stab","Blade Dance","Orrery"],"campfire_rested":2,"item_purchase_floors":[11,11,14,37],"current_hp_per_floor":[68,68,68,68,55,26,16,16,16,37,37,28,23,23,23,23,70,65,65,65,54,49,34,34,70,70,53,37,37,37,37,37,30,70,70,70,70,66,47,19,38,38,38,38,21,21,0,0],"gold":277,"neow_bonus":"BOSS_RELIC","is_daily":false,"chose_seed":false,"campfire_upgraded":4,"win_rate":0.0,"timestamp":1607783519,"path_taken":["M","M","?","M","M","E","M","M","T","R","$","E","M","?","R","BOSS","M","?","$","?","M","E","R","E","T","E","?","?","R","M","R","BOSS","M","?","$","?","M","E","R","E","T","?","M","?","E"],"items_purchased_type":["Card","Card","Card","Relic"],"build_version":"2020-11-30","purchased_purges":2,"victory":false,"max_hp_per_floor":[70,70,70,70,70,70,70,70,70,70,70,70,70,70,70,70,70,70,70,70,70,70,70,70,70,70,70,70,70,70,70,70,70,70,70,70,70,66,66,66,66,66,66,66,66,66,66,66],"relic_stats":{"Darkstone Periapt":0,"Blood Vial":4,"counters":[26,131],"Shuriken":[65],"Sundial":[2],"Tingsha":[114],"War Paint":["Defend_G","Backflip"],"Orichalcum":[0],"obtain_stats":[{"Darkstone Periapt":40,"Lantern":23,"Oddly Smooth Stone":26,"Tingsha":28,"War Paint":12,"Orichalcum":42,"Empty Cage":0,"White Beast Statue":9,"WarpedTongs":19,"Blood Vial":43,"WristBlade":34,"Shuriken":6,"Sundial":27,"Orrery":37,"Unceasing Top":25,"InkBottle":28,"Ring of the Snake":0,"Runic Pyramid":17},{"Darkstone Periapt":23,"Lantern":14,"Oddly Smooth Stone":15,"Tingsha":18,"War Paint":8,"Orichalcum":24,"Empty Cage":0,"White Beast Statue":7,"WarpedTongs":11,"Blood Vial":24,"WristBlade":20,"Shuriken":5,"Sundial":16,"Orrery":21,"Unceasing Top":15,"InkBottle":18,"Ring of the Snake":0,"Runic Pyramid":10},{"Darkstone Periapt":120,"Lantern":74,"Oddly Smooth Stone":80,"Tingsha":90,"War Paint":45,"Orichalcum":124,"Empty Cage":0,"White Beast Statue":42,"WarpedTongs":60,"Blood Vial":124,"WristBlade":107,"Shuriken":35,"Sundial":85,"Orrery":109,"Unceasing Top":80,"InkBottle":90,"Ring of the Snake":0,"Runic Pyramid":56}],"Unceasing Top":[2],"InkBottle":[13],"WarpedTongs":[71]},"card_choices":[{"not_picked":["Dagger Throw","Deflect"],"picked":"Cloak And Dagger","floor":1.0},{"not_picked":["Dagger Throw","Backflip"],"picked":"Skewer","floor":2.0},{"not_picked":["Acrobatics","Backflip"],"picked":"Sucker Punch","floor":4.0},{"not_picked":["Poisoned Stab","Eviscerate"],"picked":"Finisher","floor":5.0},{"not_picked":["Quick Slash","Blur"],"picked":"Bullet Time","floor":6.0},{"not_picked":["Dagger Spray","Prepared"],"picked":"Backflip","floor":7.0},{"not_picked":["Poisoned Stab","Phantasmal Killer"],"picked":"Cloak And Dagger","floor":8.0},{"not_picked":["Dagger Throw","Dagger Spray"],"picked":"Dash","floor":12.0},{"not_picked":["Prepared","Bane"],"picked":"Deadly Poison","floor":13.0},{"not_picked":["Night Terror","A Thousand Cuts"],"picked":"Burst","floor":16.0},{"not_picked":["PiercingWail","Predator"],"picked":"Crippling Poison","floor":18.0},{"not_picked":["Deadly Poison","Flying Knee"],"picked":"Noxious Fumes","floor":21.0},{"not_picked":["Well Laid Plans","Dagger Throw","Underhanded Strike"],"picked":"SKIP","floor":22.0},{"not_picked":["Well Laid Plans","Catalyst+1"],"picked":"Calculated Gamble+1","floor":23.0},{"not_picked":["Distraction","Poisoned Stab"],"picked":"Footwork","floor":25.0},{"not_picked":["Cloak And Dagger","Finisher"],"picked":"Prepared+1","floor":27.0},{"not_picked":["Dagger Throw","Cloak And Dagger"],"picked":"Leg Sweep","floor":28.0},{"not_picked":["Sucker Punch+1","Burst","Quick Slash"],"picked":"SKIP","floor":31.0},{"not_picked":["Bullet Time","Night Terror"],"picked":"Malaise","floor":33.0},{"not_picked":["Leg Sweep","Blur+1","Poisoned Stab"],"picked":"SKIP","floor":35.0},{"not_picked":["Wraith Form v2","Escape Plan+1"],"picked":"Outmaneuver+1","floor":37.0},{"not_picked":["Noxious Fumes","Cloak And Dagger+1"],"picked":"Malaise","floor":37.0},{"not_picked":["Skewer","Caltrops+1"],"picked":"Accuracy+1","floor":39.0},{"not_picked":["Venomology","Underhanded Strike","Caltrops+1"],"picked":"SKIP","floor":40.0},{"not_picked":["Skewer","Eviscerate","Poisoned Stab+1"],"picked":"SKIP","floor":42.0},{"not_picked":["Quick Slash","Predator+1","Deflect+1"],"picked":"SKIP","floor":45}],"player_experience":33435,"relics_obtained":[{"floor":6.0,"key":"Shuriken"},{"floor":9.0,"key":"White Beast Statue"},{"floor":12.0,"key":"War Paint"},{"floor":23.0,"key":"Lantern"},{"floor":25.0,"key":"Unceasing Top"},{"floor":26.0,"key":"Oddly Smooth Stone"},{"floor":27.0,"key":"Sundial"},{"floor":28.0,"key":"Tingsha"},{"floor":28.0,"key":"InkBottle"},{"floor":40.0,"key":"Darkstone Periapt"},{"floor":42.0,"key":"Orichalcum"},{"floor":43.0,"key":"Blood Vial"}],"event_choices":[{"cards_removed":["Strike_G"],"damage_healed":0.0,"max_hp_gain":0.0,"max_hp_loss":0.0,"gold_gain":0.0,"event_name":"Bonfire Elementals","player_choice":"Offered Basic","floor":3.0,"gold_loss":0.0,"damage_taken":0.0},{"damage_healed":0.0,"max_hp_gain":0.0,"max_hp_loss":0.0,"gold_gain":0.0,"event_name":"Accursed Blacksmith","player_choice":"Rummage","floor":19.0,"gold_loss":0.0,"damage_taken":0.0,"relics_obtained":["WarpedTongs"],"cards_obtained":["Pain"]},{"damage_healed":0.0,"max_hp_gain":0.0,"max_hp_loss":0.0,"gold_gain":0.0,"event_name":"Colosseum","player_choice":"Fight","floor":28.0,"gold_loss":0.0,"damage_taken":0.0},{"damage_healed":0.0,"max_hp_gain":0.0,"max_hp_loss":0.0,"gold_gain":0.0,"event_name":"Colosseum","player_choice":"Fought Nobs","floor":28.0,"gold_loss":0.0,"damage_taken":0.0},{"cards_removed":["Deadly Poison"],"damage_healed":0.0,"max_hp_gain":0.0,"max_hp_loss":0.0,"gold_gain":0.0,"event_name":"Beggar","player_choice":"Gave Gold","floor":29.0,"gold_loss":75.0,"damage_taken":0.0},{"cards_removed":["Infinite Blades"],"damage_healed":0.0,"max_hp_gain":0.0,"max_hp_loss":0.0,"gold_gain":0.0,"event_name":"Falling","player_choice":"Removed Power","floor":36.0,"gold_loss":0.0,"damage_taken":0.0},{"damage_healed":0.0,"max_hp_gain":0.0,"max_hp_loss":4.0,"gold_gain":0.0,"event_name":"Winding Halls","player_choice":"Max HP","floor":38.0,"gold_loss":0.0,"damage_taken":0.0},{"damage_healed":0.0,"max_hp_gain":0.0,"max_hp_loss":0.0,"gold_gain":0.0,"event_name":"SensoryStone","player_choice":"Memory 1","floor":44.0,"gold_loss":0.0,"damage_taken":0.0},{"damage_healed":0,"gold_gain":0,"player_choice":"Upgraded","damage_taken":0,"max_hp_gain":0,"max_hp_loss":0,"event_name":"Upgrade Shrine","floor":46,"gold_loss":0,"cards_upgraded":["Malaise"]}],"is_beta":false,"boss_relics":[{"not_picked":["Calling Bell","Busted Crown"],"picked":"Runic Pyramid"},{"not_picked":["Runic Dome","Black Star"],"picked":"WristBlade"}],"items_purged_floors":[11,20],"is_endless":false,"potions_floor_spawned":[4,8,12,13,16,18,21,22,23,25,27,28,28,31,33,35,39,40,42,45],"killed_by":"Reptomancer","ascension_level":3}}