{"host":"qwv9nni2x0umspiu","time":1607802815,"event":{"mods":["BaseMod","Downfall","Minty Spire (QoL Compilation)","Replay The Spire","StSLib","The Hierophant","Wandering Minibosses"],"gold_per_floor":[119,32,43,98,125,153,171,182,182,138,124,45,45,60,60,10,10],"floor_reached":16,"playtime":560,"items_purged":[],"score":270,"play_id":"c7d6dd45-026e-46a0-84c5-e317ea6799e9","local_time":"20201212115335","is_ascension_mode":true,"campfire_choices":[{"data":"hierophant:ChurchCoffers","floor":13.0,"key":"SMITH"},{"data":"hierophant:Punish","floor":15.0,"key":"SMITH"}],"circlet_count":0,"master_deck":["AscendersBane","hierophant:Strike_Hierophant","hierophant:Strike_Hierophant","hierophant:Strike_Hierophant","hierophant:Strike_Hierophant","hierophant:Punish+1","hierophant:Defend_Hierophant","hierophant:Defend_Hierophant","hierophant:Defend_Hierophant","hierophant:Defend_Hierophant","hierophant:ChurchCoffers+1","hierophant:Smite","hierophant:Community","hierophant:Racketeering","hierophant:Zeal","hierophant:SealAway","hierophant:Upheaval"],"relics":["hierophant:PropheticMaskRelic","NeowsBlessing","White Beast Statue","Anchor","Dream Catcher","Divine Protection"],"acts_visited":["Exordium"],"potions_floor_usage":[16,16],"damage_taken":[{"damage":0.0,"enemies":"2 Louse","floor":1.0,"turns":1.0},{"damage":0.0,"enemies":"Small Slimes","floor":3.0,"turns":1.0},{"damage":0.0,"enemies":"Gremlin Nob","floor":6.0,"turns":1.0},{"damage":0.0,"enemies":"Jaw Worm","floor":7.0,"turns":2.0},{"damage":0.0,"enemies":"Lots of Slimes","floor":8.0,"turns":1.0},{"damage":8.0,"enemies":"3 Sentries","floor":11.0,"turns":7.0},{"damage":0.0,"enemies":"3 Louse","floor":14.0,"turns":2.0},{"damage":22,"enemies":"Hexaghost","floor":16,"turns":9}],"seed_played":"-6779937037004034157","potions_obtained":[{"floor":1.0,"key":"Block Potion"},{"floor":3.0,"key":"Swift Potion"},{"floor":8.0,"key":"Reflective Coating"},{"floor":11.0,"key":"Reflective Coating"},{"floor":14.0,"key":"Elixir"}],"is_trial":false,"path_per_floor":["M","$","M","?","T","E","M","M","T","?","E","$","R","M","R","B"],"character_chosen":"HIEROPHANT","items_purchased":["hierophant:Community","hierophant:Upheaval"],"campfire_rested":0,"item_purchase_floors":[2,12],"current_hp_per_floor":[68,68,68,44,44,44,44,44,44,44,36,36,36,36,36,14,14],"gold":10,"neow_bonus":"THREE_ENEMY_KILL","is_daily":false,"chose_seed":false,"campfire_upgraded":2,"win_rate":0.0,"timestamp":1607802815,"path_taken":["M","$","M","?","?","E","?","M","T","?","E","$","R","M","R","BOSS"],"items_purchased_type":["Card","Card"],"build_version":"2020-11-30","purchased_purges":0,"victory":false,"max_hp_per_floor":[75,75,75,75,75,75,75,75,75,75,75,75,75,75,75,75,75],"card_choices":[{"not_picked":["hierophant:CoinFling","hierophant:FlamingChariot"],"picked":"hierophant:Smite","floor":1.0},{"not_picked":["hierophant:Encroach","hierophant:MorningPrayer"],"picked":"hierophant:Racketeering","floor":3.0},{"not_picked":["hierophant:SecretStash","hierophant:FlamingChariot"],"picked":"hierophant:Zeal","floor":4.0},{"not_picked":["hierophant:Remorse","hierophant:ConvertCurrency","hierophant:OrnateBuckler"],"picked":"SKIP","floor":6.0},{"not_picked":["hierophant:Chorus","hierophant:FlamingChariot"],"picked":"hierophant:SealAway","floor":7.0},{"not_picked":["hierophant:SealAway","hierophant:Blessing","hierophant:Repentance"],"picked":"SKIP","floor":8.0},{"not_picked":["hierophant:Encroach","hierophant:DisplayOfPower","hierophant:Rebuild"],"picked":"SKIP","floor":11.0},{"not_picked":["hierophant:Doomsaying","hierophant:Patience","hierophant:Batter"],"picked":"SKIP","floor":14.0}],"player_experience":1270087,"relics_obtained":[{"floor":4.0,"key":"White Beast Statue"},{"floor":5.0,"key":"Anchor"},{"floor":6.0,"key":"Dream Catcher"},{"floor":11.0,"key":"Divine Protection"}],"event_choices":[{"damage_healed":0.0,"max_hp_gain":0.0,"max_hp_loss":0.0,"gold_gain":0.0,"event_name":"World of Goop","player_choice":"Left Gold","floor":10.0,"gold_loss":44.0,"damage_taken":0.0}],"is_beta":false,"boss_relics":[],"items_purged_floors":[],"is_endless":false,"potions_floor_spawned":[1,3,6,7,8,11,14],"killed_by":"Hexaghost","ascension_level":20}}