{"host":"usewcu4ohw2wtmxk","time":1607801310,"event":{"mods":["AchievementEnabler","BaseMod","BetterRewards","Colored Powertips","Minty Spire (QoL Compilation)","Permanent Neow","Quick Restart","Relic Sorter","Relic Stats","Shop Mod","StSLib","UnlockEverythingMod"],"gold_per_floor":[116,116,116,130,130,130,154,192,239,260,260,296,321,362,362,455,455,479,394,110,130,151,151,151,151,151,151,178,233,245,48,48,48,48],"floor_reached":33,"playtime":751,"items_purged":["Strike_B","Strike_B"],"score":666,"play_id":"af321e0b-9913-4f9d-98a8-02d5f85bb58a","local_time":"20201213032830","is_ascension_mode":true,"campfire_choices":[{"data":"Apotheosis","floor":6.0,"key":"SMITH"},{"floor":11.0,"key":"REST"},{"floor":15.0,"key":"RECALL"},{"floor":23.0,"key":"REST"},{"floor":25.0,"key":"DIG"},{"floor":27.0,"key":"DIG"},{"data":"Defragment","floor":30.0,"key":"SMITH"},{"floor":32.0,"key":"DIG"}],"circlet_count":0,"master_deck":["AscendersBane","Strike_B+1","Defend_B","Defend_B","Defend_B","Defend_B","Zap","Dualcast","Apotheosis+1","Ball Lightning+1","Cold Snap","Streamline","Creative AI","Coolheaded","Hologram+1","Defragment+1","White Noise"],"relics":["Cracked Core","Golden Idol","PreservedInsect","Strawberry","Eternal Feather","Gremlin Horn","Black Star","Shovel","Omamori","Whetstone","Cables","MawBank","Toy Ornithopter","Boot","Oddly Smooth Stone"],"acts_visited":["Exordium","TheCity"],"potions_floor_usage":[],"damage_taken":[{"damage":5.0,"enemies":"2 Louse","floor":1.0,"turns":3.0},{"damage":2.0,"enemies":"Jaw Worm","floor":4.0,"turns":3.0},{"damage":4.0,"enemies":"Small Slimes","floor":7.0,"turns":2.0},{"damage":18.0,"enemies":"3 Sentries","floor":8.0,"turns":6.0},{"damage":7.0,"enemies":"2 Fungi Beasts","floor":10.0,"turns":3.0},{"damage":0.0,"enemies":"Gremlin Nob","floor":12.0,"turns":2.0},{"damage":11.0,"enemies":"Exordium Thugs","floor":13.0,"turns":2.0},{"damage":10.0,"enemies":"Lagavulin","floor":14.0,"turns":3.0},{"damage":17.0,"enemies":"Hexaghost","floor":16.0,"turns":9.0},{"damage":14.0,"enemies":"Spheric Guardian","floor":18.0,"turns":4.0},{"damage":23.0,"enemies":"Shell Parasite","floor":21.0,"turns":7.0},{"damage":14.0,"enemies":"Cultist and Chosen","floor":22.0,"turns":7.0},{"damage":18.0,"enemies":"Centurion and Healer","floor":28.0,"turns":9.0},{"damage":0.0,"enemies":"Gremlin Leader","floor":29.0,"turns":7.0},{"damage":0,"enemies":"Automaton","floor":33,"turns":1}],"seed_played":"6504844190432862892","potions_obtained":[{"floor":1.0,"key":"Swift Potion"},{"floor":8.0,"key":"Fire Potion"},{"floor":16.0,"key":"AttackPotion"}],"is_trial":false,"path_per_floor":["M","?","?","M","?","R","M","E","T","M","R","E","M","E","R","B",null,"M","?","$","M","M","R","?","R","T","R","M","E","R","$","R","B"],"character_chosen":"DEFECT","items_purchased":["Coolheaded","Omamori","Fruit Juice"],"campfire_rested":2,"item_purchase_floors":[20,20,31],"current_hp_per_floor":[59,64,57,55,55,55,51,33,40,33,54,54,43,33,39,22,58,44,44,44,21,7,37,37,46,46,55,37,37,46,46,55,55,55],"gold":48,"neow_bonus":"RANDOM_COLORLESS_2","is_daily":false,"chose_seed":false,"campfire_upgraded":2,"win_rate":0.0,"timestamp":1607801310,"path_taken":["M","?","?","M","?","R","?","E","T","M","R","E","M","E","R","BOSS","M","?","$","M","M","R","?","R","T","R","M","E","R","?","R","BOSS"],"items_purchased_type":["Card","Relic","Potion"],"build_version":"2020-11-30","purchased_purges":2,"victory":false,"max_hp_per_floor":[64,69,69,69,63,63,63,63,70,70,70,70,70,70,70,70,70,70,70,70,70,70,70,70,70,70,70,70,70,70,70,70,70,70],"relic_stats":{"Gremlin Horn":[9,9],"counters":[15,68],"Golden Idol":85,"Eternal Feather":51,"PreservedInsect":97,"Whetstone":["Strike_B","Ball Lightning"],"MawBank":48,"Boot":[0],"Cables":[16,8,8,0,0],"Shovel":3,"Black Star":1,"obtain_stats":[{"Gremlin Horn":14,"Golden Idol":5,"Oddly Smooth Stone":32,"Eternal Feather":12,"PreservedInsect":8,"Omamori":20,"Whetstone":25,"MawBank":27,"Boot":29,"Cables":26,"Shovel":19,"Strawberry":9,"Black Star":17,"Cracked Core":0,"Toy Ornithopter":29},{"Gremlin Horn":8,"Golden Idol":2,"Oddly Smooth Stone":14,"Eternal Feather":6,"PreservedInsect":4,"Omamori":10,"Whetstone":12,"MawBank":12,"Boot":14,"Cables":12,"Shovel":10,"Strawberry":4,"Black Star":9,"Cracked Core":0,"Toy Ornithopter":14},{"Gremlin Horn":24,"Golden Idol":6,"Oddly Smooth Stone":67,"Eternal Feather":19,"PreservedInsect":14,"Omamori":37,"Whetstone":51,"MawBank":51,"Boot":67,"Cables":51,"Shovel":37,"Strawberry":14,"Black Star":33,"Cracked Core":0,"Toy Ornithopter":67}],"Toy Ornithopter":0},"card_choices":[{"not_picked":["The Bomb","Metamorphosis"],"picked":"Apotheosis","floor":0.0},{"not_picked":["Darkness","Storm","Redo"],"picked":"SKIP","floor":1.0},{"not_picked":["Loop","Redo","Go for the Eyes"],"picked":"SKIP","floor":4.0},{"not_picked":["Rebound","Hologram"],"picked":"Ball Lightning","floor":7.0},{"not_picked":["Steam","Blizzard","Redo"],"picked":"SKIP","floor":8.0},{"not_picked":["Barrage","Heatsinks"],"picked":"Cold Snap","floor":10.0},{"not_picked":["Go for the Eyes","Lockon","Amplify"],"picked":"SKIP","floor":12.0},{"not_picked":["Hologram","Leap"],"picked":"Streamline","floor":13.0},{"not_picked":["Steam","Double Energy","Auto Shields"],"picked":"SKIP","floor":14.0},{"not_picked":["Meteor Strike","All For One"],"picked":"Creative AI","floor":16.0},{"not_picked":["Steam","Fusion","Leap+1"],"picked":"SKIP","floor":18.0},{"not_picked":["Sweeping Beam","Stack","Barrage"],"picked":"SKIP","floor":21.0},{"not_picked":["Streamline","Cold Snap"],"picked":"Hologram+1","floor":22.0},{"not_picked":["Sweeping Beam","Coolheaded"],"picked":"Defragment","floor":28.0},{"not_picked":["Sweeping Beam","Thunder Strike"],"picked":"White Noise","floor":29.0}],"player_experience":249342,"relics_obtained":[{"floor":8.0,"key":"PreservedInsect"},{"floor":9.0,"key":"Strawberry"},{"floor":12.0,"key":"Eternal Feather"},{"floor":14.0,"key":"Gremlin Horn"},{"floor":25.0,"key":"Whetstone"},{"floor":26.0,"key":"Cables"},{"floor":27.0,"key":"MawBank"},{"floor":29.0,"key":"Toy Ornithopter"},{"floor":29.0,"key":"Boot"},{"floor":32.0,"key":"Oddly Smooth Stone"}],"event_choices":[{"damage_healed":0.0,"max_hp_gain":5.0,"max_hp_loss":0.0,"gold_gain":0.0,"event_name":"Big Fish","player_choice":"Donut","floor":2.0,"gold_loss":0.0,"damage_taken":0.0},{"cards_removed":["Strike_B"],"damage_healed":0.0,"max_hp_gain":0.0,"max_hp_loss":0.0,"gold_gain":0.0,"event_name":"Golden Wing","player_choice":"Card Removal","floor":3.0,"gold_loss":0.0,"damage_taken":7.0},{"damage_healed":0.0,"max_hp_gain":0.0,"max_hp_loss":6.0,"gold_gain":0.0,"event_name":"Golden Idol","player_choice":"Lose Max HP","floor":5.0,"gold_loss":0.0,"damage_taken":0.0,"relics_obtained":["Golden Idol"]},{"damage_healed":0.0,"max_hp_gain":0.0,"max_hp_loss":0.0,"gold_gain":0.0,"event_name":"Addict","player_choice":"Obtained Relic","floor":19.0,"gold_loss":85.0,"damage_taken":0.0,"relics_obtained":["Shovel"]},{"damage_healed":0.0,"max_hp_gain":0.0,"max_hp_loss":0.0,"gold_gain":0.0,"event_name":"N\u0027loth","player_choice":"Ignored","floor":24.0,"gold_loss":0.0,"damage_taken":0.0}],"is_beta":false,"boss_relics":[{"not_picked":["Ectoplasm","Velvet Choker"],"picked":"Black Star"}],"items_purged_floors":[20,31],"is_endless":false,"potions_floor_spawned":[1,8,12,16,21,22,28],"killed_by":"Automaton","ascension_level":20}}