{"host":"zksvs3x2ysy9npnz","time":1607779456,"event":{"mods":["Aspiration","BaseMod","Beaked The Cultist","BetterRewards","Colored Map","Conspire","Duelist Mod","Halation","Highlight Path","Hubris","Infinite Spire","Jedi Mod","Minty Spire (QoL Compilation)","Permanent Neow","Quick Restart","Relic Stats","Replay The Spire","Retaliation","Shop Mod","StSLib"],"gold_per_floor":[19,30,30,30,43,43,53,86,86,86,11,11,26,45,45,116,116,132,132,132,145,145,145,174,174,174,225,225,264,292,312,312,407,407,430,430,430,468,36,36,79,79,79,123,123,145,182,195,195,199],"floor_reached":51,"playtime":3163,"items_purged":["theDuelist:Sparks","theDuelist:PoisonOldMan","theDuelist:InsectKnight","theDuelist:YamiForm"],"score":1441,"play_id":"f14ed592-0318-4834-af51-372e8ed6cf46","local_time":"20201212142416","is_ascension_mode":true,"campfire_choices":[{"data":"theDuelist:LightningDarts","floor":6,"key":"SMITH"},{"data":"theDuelist:LightningDarts+1","floor":10,"key":"SMITH"},{"floor":15,"key":"REST"},{"data":"theDuelist:LightningDarts+2","floor":23,"key":"SMITH"},{"data":"theDuelist:LightningDarts+3","floor":25,"key":"SMITH"},{"floor":28,"key":"REST"},{"data":"theDuelist:LightningDarts+4","floor":32,"key":"SMITH"},{"data":"theDuelist:LightningDarts+5","floor":40,"key":"SMITH"},{"data":"theDuelist:LightningDarts+6","floor":42,"key":"SMITH"},{"floor":49,"key":"REST"}],"circlet_count":0,"master_deck":["theDuelist:CastleWalls","theDuelist:CastleWalls","theDuelist:CrossSwordBeetle","theDuelist:EmpressMantis","AscendersBane","theDuelist:RazorLizard","theDuelist:RazorLizard","theDuelist:LightningDarts+7","theDuelist:BlockSpider","theDuelist:SphereKuriboh","theDuelist:SpiderWeb","theDuelist:CobraJar","theDuelist:MetamorphInsectQueen","theDuelist:Parasite","theDuelist:PowerWall+1","theDuelist:SpiderEgg","theDuelist:Zektahawk+1","theDuelist:BasicInsect","theDuelist:BasicInsect","theDuelist:Greatfly","infinitespire:FutureSight","infinitespire:UltimateForm","theDuelist:DarkBug+1"],"relics":["theDuelist:MillenniumPuzzle","theDuelist:CardPoolRelic","theDuelist:CardPoolBasicRelic","theDuelist:BoosterPackPoolRelic","theDuelist:CardPoolAddRelic","theDuelist:CardPoolMinusRelic","theDuelist:CardPoolSaveRelic","theDuelist:CardPoolOptionsRelic","halation:PinkSoulGem","infinitespire:ShieldingShard","Darkstone Periapt","Red Skull","hubris:Backtick","beaked:MendingPlumage","theDuelist:CursedHealer","Replay:Bandana","theDuelist:MillenniumArmor","Oddly Smooth Stone","ReplayTheSpireMod:DimensionalGlitch","halation:PapillonHeart","aspiration:AnachronicSnailShell","aspiration:Nostalgia","m_ByrdBlood","Magic Flower","theDuelist:BlessingAnubis","infinitespire:CheckeredPen","halation:PrussianBluePaint"],"acts_visited":["Exordium","TheCity","TheBeyond"],"potions_floor_usage":[8,16,16,24,24,27,33,50],"damage_taken":[{"damage":0,"enemies":"2 Louse","floor":1,"turns":3},{"damage":2,"enemies":"Jaw Worm","floor":2,"turns":5},{"damage":5,"enemies":"Small Slimes","floor":5,"turns":2},{"damage":10,"enemies":"Exordium Wildlife","floor":7,"turns":3},{"damage":16,"enemies":"Lagavulin","floor":8,"turns":8},{"damage":0,"enemies":"Looter","floor":13,"turns":3},{"damage":9,"enemies":"3 Louse","floor":14,"turns":4},{"damage":37,"enemies":"Slime Boss","floor":16,"turns":11},{"damage":7,"enemies":"Chosen","floor":18,"turns":4},{"damage":12,"enemies":"Spheric Guardian","floor":21,"turns":4},{"damage":46,"enemies":"Book of Stabbing","floor":24,"turns":6},{"damage":28,"enemies":"Slavers","floor":27,"turns":3},{"damage":6,"enemies":"Snake Plant","floor":29,"turns":5},{"damage":12,"enemies":"Cultist and Chosen","floor":30,"turns":5},{"damage":0,"enemies":"Centurion and Healer","floor":31,"turns":8},{"damage":12,"enemies":"Automaton","floor":33,"turns":10},{"damage":0,"enemies":"3 Shapes","floor":35,"turns":6},{"damage":0,"enemies":"Orb Walker","floor":38,"turns":5},{"damage":93,"enemies":"Spire Growth","floor":41,"turns":8},{"damage":0,"enemies":"Writhing Mass","floor":44,"turns":2},{"damage":41,"enemies":"Jaw Worm Horde","floor":46,"turns":5},{"damage":0,"enemies":"R_Hoarder","floor":47,"turns":9},{"damage":58,"enemies":"4 Shapes","floor":48,"turns":5},{"damage":25,"enemies":"Time Eater","floor":50,"turns":16}],"seed_played":"3105067916430227861","potions_obtained":[{"floor":5,"key":"jedi:StrikingPotion"},{"floor":7,"key":"conspire:TimeTravelPotion"},{"floor":13,"key":"Death Potion"},{"floor":16,"key":"theDuelist:OrbBottle"},{"floor":21,"key":"theDuelist:FireBottle"},{"floor":24,"key":"PowerPotion"},{"floor":29,"key":"Dexterity Potion"},{"floor":35,"key":"theDuelist:BurningPotionB"},{"floor":41,"key":"theDuelist:TokenPotionB"}],"is_trial":false,"path_per_floor":["M","M","?","?","M","R","M","E","T","R","$","?","M","M","R","B",null,"M","?","?","M","?","R","E","R","T","E","R","M","M","M","R","B",null,"M","?","$","M","$","R","M","R","T","M","AVR","M","E","M","R","B",null],"character_chosen":"THE_DUELIST","items_purchased":["aspiration:AnachronicSnailShell","aspiration:Nostalgia","Magic Flower"],"campfire_rested":3,"item_purchase_floors":[37,37,39],"current_hp_per_floor":[63,61,61,57,52,52,42,26,26,26,26,26,26,17,38,14,56,60,60,40,41,66,66,40,40,40,23,45,55,57,75,75,72,74,75,71,32,71,71,71,71,71,71,71,71,71,71,41,62,71],"gold":199,"neow_bonus":"REMOVE_TWO","is_daily":false,"chose_seed":false,"campfire_upgraded":7,"win_rate":0.0,"timestamp":1607779456,"path_taken":["M","M","?","?","M","R","M","E","T","R","$","?","M","?","R","BOSS","M","?","?","M","?","R","E","R","T","E","R","M","M","?","R","BOSS","M","?","?","?","$","R","M","R","T","M","AVR","M","E","M","R","BOSS"],"items_purchased_type":["Relic","Relic","Relic"],"build_version":"2020-11-30","purchased_purges":4,"victory":true,"max_hp_per_floor":[70,70,70,70,70,70,70,70,70,70,70,70,70,70,70,70,70,70,70,75,75,75,75,75,75,75,75,75,75,75,75,75,75,75,75,71,71,71,71,71,71,71,71,71,71,71,71,71,71,71],"relic_stats":{"Darkstone Periapt":0,"counters":[24,140],"Magic Flower":[66],"obtain_stats":[{"Darkstone Periapt":9,"theDuelist:MillenniumArmor":26,"halation:PapillonHeart":36,"theDuelist:CursedHealer":22,"Magic Flower":39,"theDuelist:MillenniumPuzzle":0,"m_ByrdBlood":37,"theDuelist:BoosterPackPoolRelic":0,"Replay:Bandana":24,"infinitespire:ShieldingShard":8,"hubris:Backtick":17,"halation:PrussianBluePaint":47,"aspiration:AnachronicSnailShell":37,"theDuelist:CardPoolAddRelic":0,"theDuelist:CardPoolOptionsRelic":0,"Red Skull":12,"theDuelist:CardPoolRelic":0,"aspiration:Nostalgia":37,"Oddly Smooth Stone":27,"theDuelist:CardPoolSaveRelic":0,"infinitespire:CheckeredPen":45,"theDuelist:CardPoolMinusRelic":0,"theDuelist:CardPoolBasicRelic":0,"beaked:MendingPlumage":17,"halation:PinkSoulGem":3,"ReplayTheSpireMod:DimensionalGlitch":34,"theDuelist:BlessingAnubis":43},{"Darkstone Periapt":5,"theDuelist:MillenniumArmor":11,"halation:PapillonHeart":17,"theDuelist:CursedHealer":10,"Magic Flower":18,"theDuelist:MillenniumPuzzle":0,"m_ByrdBlood":17,"theDuelist:BoosterPackPoolRelic":0,"Replay:Bandana":11,"infinitespire:ShieldingShard":5,"hubris:Backtick":8,"halation:PrussianBluePaint":22,"aspiration:AnachronicSnailShell":17,"theDuelist:CardPoolAddRelic":0,"theDuelist:CardPoolOptionsRelic":0,"Red Skull":5,"theDuelist:CardPoolRelic":0,"aspiration:Nostalgia":17,"Oddly Smooth Stone":12,"theDuelist:CardPoolSaveRelic":0,"infinitespire:CheckeredPen":20,"theDuelist:CardPoolMinusRelic":0,"theDuelist:CardPoolBasicRelic":0,"beaked:MendingPlumage":8,"halation:PinkSoulGem":2,"ReplayTheSpireMod:DimensionalGlitch":16,"theDuelist:BlessingAnubis":19},{"Darkstone Periapt":21,"theDuelist:MillenniumArmor":53,"halation:PapillonHeart":90,"theDuelist:CursedHealer":47,"Magic Flower":95,"theDuelist:MillenniumPuzzle":0,"m_ByrdBlood":90,"theDuelist:BoosterPackPoolRelic":0,"Replay:Bandana":53,"infinitespire:ShieldingShard":21,"hubris:Backtick":39,"halation:PrussianBluePaint":119,"aspiration:AnachronicSnailShell":90,"theDuelist:CardPoolAddRelic":0,"theDuelist:CardPoolOptionsRelic":0,"Red Skull":21,"theDuelist:CardPoolRelic":0,"aspiration:Nostalgia":90,"Oddly Smooth Stone":56,"theDuelist:CardPoolSaveRelic":0,"infinitespire:CheckeredPen":105,"theDuelist:CardPoolMinusRelic":0,"theDuelist:CardPoolBasicRelic":0,"beaked:MendingPlumage":39,"halation:PinkSoulGem":8,"ReplayTheSpireMod:DimensionalGlitch":84,"theDuelist:BlessingAnubis":103}]},"card_choices":[{"not_picked":["theDuelist:MudragonSwamp","theDuelist:WingedKuriboh","theDuelist:PowerGiant","theDuelist:LightningVortex"],"picked":"theDuelist:LightningDarts","floor":1},{"not_picked":["theDuelist:DragonDowser","theDuelist:RelinquishedSpider","theDuelist:CobraJar","theDuelist:Invigoration"],"picked":"theDuelist:BlockSpider","floor":2},{"not_picked":["theDuelist:HammerShot","theDuelist:Fissure","theDuelist:ReptiliannePoison","theDuelist:Forest"],"picked":"theDuelist:PoisonOldMan","floor":5},{"not_picked":["theDuelist:NeoBug","theDuelist:ManEaterBug","theDuelist:TornadoDragon","theDuelist:MetalArmoredBug","theDuelist:Yazi"],"picked":"SKIP","floor":7},{"not_picked":["theDuelist:ReptiliannePoison+1","theDuelist:ForbiddenLance+1","theDuelist:FuryFire+1","theDuelist:LightningDarts"],"picked":"theDuelist:SphereKuriboh","floor":8},{"not_picked":["theDuelist:InsectKnight","theDuelist:MotherSpider","theDuelist:HunterSpider","theDuelist:AtomicFirefly"],"picked":"theDuelist:SpiderWeb","floor":13},{"not_picked":["theDuelist:FirestormProminence","theDuelist:EmpressMantis","theDuelist:ZefraMetaltron","theDuelist:BugMatrix"],"picked":"theDuelist:CobraJar","floor":14},{"not_picked":["theDuelist:PoisonousWinds","theDuelist:IgnisHeat","theDuelist:DarkBug","theDuelist:CocoonUltraEvolution"],"picked":"theDuelist:MetamorphInsectQueen","floor":16},{"not_picked":["theDuelist:LinkSpider","theDuelist:GigaMantis","theDuelist:Denglong+1"],"picked":"SKIP","floor":18},{"not_picked":["theDuelist:BrainCrusher","theDuelist:BiteBug","theDuelist:ZefraMetaltron","theDuelist:KarakuriSpider","theDuelist:Grasschopper"],"picked":"SKIP","floor":21},{"not_picked":["theDuelist:Forest+1","theDuelist:CorrosiveScales","theDuelist:BugMatrix","theDuelist:IgnisHeat"],"picked":"theDuelist:Parasite","floor":24},{"not_picked":["theDuelist:HammerShot","theDuelist:PoisonOldMan","theDuelist:Forest","theDuelist:BugMatrix","theDuelist:SpiderWeb"],"picked":"SKIP","floor":27},{"not_picked":["theDuelist:BugSignal+1","theDuelist:Cloning+1","theDuelist:LightningDarts","theDuelist:UltimateOffering"],"picked":"theDuelist:PowerWall+1","floor":29},{"not_picked":["theDuelist:HunterSpider","theDuelist:BiteBug","theDuelist:HerculesBeetle","theDuelist:DragonDowser","theDuelist:CrossSwordBeetle"],"picked":"SKIP","floor":30},{"not_picked":["theDuelist:LightningDarts","theDuelist:WormApocalypse+1","theDuelist:Solidarity","theDuelist:Raigeki"],"picked":"theDuelist:YamiForm","floor":31},{"not_picked":["theDuelist:InsectKing","theDuelist:HowlingInsect+1","theDuelist:GigaCricket","theDuelist:DarkBug"],"picked":"theDuelist:SpiderEgg","floor":33},{"not_picked":["theDuelist:Zektkaliber","theDuelist:PoisonousWinds","theDuelist:PoisonChain","theDuelist:Zektarrow+1"],"picked":"theDuelist:Zektahawk+1","floor":35},{"not_picked":["theDuelist:ManEaterBug","theDuelist:GroundSpider","theDuelist:Invigoration","theDuelist:BiteBug"],"picked":"theDuelist:BasicInsect","floor":38},{"not_picked":["theDuelist:BiteBug+1","theDuelist:JiraiGumo+1","theDuelist:GroundSpider","theDuelist:PoisonOldMan"],"picked":"theDuelist:BasicInsect","floor":41},{"not_picked":["theDuelist:Zektkaliber+1","theDuelist:Taotie","theDuelist:InsectQueen","theDuelist:IgnisHeat+1"],"picked":"theDuelist:Greatfly","floor":44},{"not_picked":["theDuelist:ReptiliannePoison+1","theDuelist:ForbiddenLance+2","theDuelist:FuryFire+1","theDuelist:SphereKuriboh","theDuelist:Cloning"],"picked":"SKIP","floor":46},{"not_picked":["theDuelist:Zektkaliber","theDuelist:Zektarrow","theDuelist:IgnisHeat+1","theDuelist:GigaMantis+1"],"picked":"theDuelist:DarkBug+1","floor":47},{"not_picked":["theDuelist:Yazi+1","theDuelist:Taotie","theDuelist:BigInsect"],"picked":"SKIP","floor":48}],"player_experience":1177946,"relics_obtained":[{"floor":8,"key":"infinitespire:ShieldingShard"},{"floor":9,"key":"Darkstone Periapt"},{"floor":24,"key":"Replay:Bandana"},{"floor":26,"key":"theDuelist:MillenniumArmor"},{"floor":27,"key":"Oddly Smooth Stone"},{"floor":43,"key":"theDuelist:BlessingAnubis"},{"floor":47,"key":"halation:PrussianBluePaint"}],"event_choices":[{"damage_healed":0,"gold_gain":0,"player_choice":"Leave","damage_taken":0,"max_hp_gain":0,"max_hp_loss":0,"event_name":"conspire:Investor","floor":4,"gold_loss":0},{"damage_healed":0,"gold_gain":0,"player_choice":"Ignored","damage_taken":0,"max_hp_gain":0,"max_hp_loss":0,"event_name":"Vampires","floor":19,"gold_loss":0},{"damage_healed":0,"gold_gain":0,"player_choice":"Shed Blood","damage_taken":25,"max_hp_gain":5,"max_hp_loss":0,"event_name":"Forgotten Altar","floor":20,"gold_loss":0},{"damage_healed":0,"gold_gain":0,"player_choice":"Succumb - +25HP/Cursed Relic","duelist":true,"damage_taken":0,"max_hp_gain":0,"max_hp_loss":0,"event_name":"Tomb of the Nameless","floor":22,"gold_loss":0}],"is_beta":false,"boss_relics":[{"not_picked":["Ooze Armor","Ectoplasm"],"picked":"hubris:Backtick"},{"not_picked":["Philosopher\u0027s Stone","Replay:Wanted Poster"],"picked":"ReplayTheSpireMod:DimensionalGlitch"}],"items_purged_floors":[11,37,39,45],"is_endless":false,"potions_floor_spawned":[5,7,13,16,21,24,29,35,41,47],"ascension_level":18}}