{"host":"7gewg82ormp6yt4e","time":1607771887,"event":{"mods":["BaseMod","Block Reminder","Colored Map","Colored Powertips","DeckTracker","Highlight Path","Minty Spire (QoL Compilation)","Relic Stats","StSLib"],"gold_per_floor":[115,115,115,135,135,162,182,182,182,199,199,261,261,290,290,368,368,381,381,381,306,306,306,20,33,60,60,84,122,146,146,146,226,316,336,620,21,47,101,101,139,139,164,204,204,232,45,64,64,64,64,64,64,14,45,45],"floor_reached":57,"playtime":4586,"items_purged":["Writhe","Regret","All Out Attack"],"score":2920,"play_id":"a7726ea3-ce30-45e8-8362-c1baa5f29925","local_time":"20201212201807","is_ascension_mode":true,"campfire_choices":[{"data":"Skewer","floor":8.0,"key":"SMITH"},{"data":"Deadly Poison","floor":11.0,"key":"SMITH"},{"data":"Neutralize","floor":13.0,"key":"SMITH"},{"data":"Footwork","floor":15.0,"key":"SMITH"},{"data":"Calculated Gamble","floor":23.0,"key":"SMITH"},{"data":"Leg Sweep","floor":27.0,"key":"SMITH"},{"data":"Bouncing Flask","floor":32.0,"key":"SMITH"},{"data":"Enlightenment","floor":40.0,"key":"SMITH"},{"data":"Well Laid Plans","floor":42.0,"key":"SMITH"},{"data":"Wraith Form v2","floor":45.0,"key":"SMITH"},{"floor":49.0,"key":"RECALL"},{"data":"Night Terror","floor":53.0,"key":"SMITH"}],"circlet_count":0,"master_deck":["AscendersBane","Survivor","Neutralize+1","Slice+1","Skewer+1","Venomology+1","Deadly Poison+1","Dagger Throw","PiercingWail","Footwork+1","Backflip","Calculated Gamble+1","Venomology","Neutralize","Leg Sweep+1","Prepared+1","Bouncing Flask+1","Dagger Throw+1","Wraith Form v2+1","Corpse Explosion","Quick Slash","Outmaneuver","Underhanded Strike","Predator","Terror","Noxious Fumes","Night Terror+1","Blade Dance+1","Backflip","Well Laid Plans+1","Enlightenment+1","PiercingWail","PiercingWail","Footwork","Acrobatics"],"relics":["Ring of the Snake","NeowsBlessing","Gremlin Horn","FaceOfCleric","Juzu Bracelet","Lantern","Bronze Scales","Whetstone","Coffee Dripper","PreservedInsect","Shuriken","CeramicFish","Vajra","Pandora\u0027s Box","Strange Spoon","War Paint","Lizard Tail","Bag of Preparation","Boot","Smiling Mask","Ginger","Happy Flower","Bird Faced Urn"],"acts_visited":["Exordium","TheCity","TheBeyond","TheEnding"],"potions_floor_usage":[56,56,56,56],"damage_taken":[{"damage":0.0,"enemies":"Cultist","floor":1.0,"turns":1.0},{"damage":0.0,"enemies":"Jaw Worm","floor":4.0,"turns":1.0},{"damage":0.0,"enemies":"Lagavulin","floor":6.0,"turns":1.0},{"damage":0.0,"enemies":"2 Louse","floor":7.0,"turns":3.0},{"damage":0.0,"enemies":"Lots of Slimes","floor":10.0,"turns":3.0},{"damage":12.0,"enemies":"3 Sentries","floor":12.0,"turns":6.0},{"damage":19.0,"enemies":"3 Sentries","floor":14.0,"turns":7.0},{"damage":24.0,"enemies":"The Guardian","floor":16.0,"turns":9.0},{"damage":10.0,"enemies":"2 Thieves","floor":18.0,"turns":4.0},{"damage":6.0,"enemies":"Chosen","floor":25.0,"turns":6.0},{"damage":0.0,"enemies":"Centurion and Healer","floor":28.0,"turns":5.0},{"damage":14.0,"enemies":"Slavers","floor":29.0,"turns":5.0},{"damage":23.0,"enemies":"Chosen and Byrds","floor":30.0,"turns":6.0},{"damage":17.0,"enemies":"Automaton","floor":33.0,"turns":10.0},{"damage":2.0,"enemies":"Orb Walker","floor":35.0,"turns":4.0},{"damage":8.0,"enemies":"2 Orb Walkers","floor":39.0,"turns":3.0},{"damage":19.0,"enemies":"Nemesis","floor":41.0,"turns":5.0},{"damage":2.0,"enemies":"Giant Head","floor":44.0,"turns":6.0},{"damage":1.0,"enemies":"Reptomancer","floor":46.0,"turns":4.0},{"damage":27.0,"enemies":"3 Darklings","floor":48.0,"turns":5.0},{"damage":41.0,"enemies":"Awakened One","floor":50.0,"turns":11.0},{"damage":0.0,"enemies":"Time Eater","floor":51.0,"turns":13.0},{"damage":68.0,"enemies":"Shield and Spear","floor":55.0,"turns":6.0},{"damage":124,"enemies":"The Heart","floor":56,"turns":10}],"seed_played":"-3261661307230948034","potions_obtained":[{"floor":7.0,"key":"Block Potion"},{"floor":12.0,"key":"SteroidPotion"},{"floor":14.0,"key":"LiquidMemories"},{"floor":28.0,"key":"Fruit Juice"},{"floor":29.0,"key":"ColorlessPotion"},{"floor":33.0,"key":"Poison Potion"},{"floor":35.0,"key":"Strength Potion"},{"floor":39.0,"key":"AttackPotion"},{"floor":46.0,"key":"Strength Potion"},{"floor":55.0,"key":"AttackPotion"}],"is_trial":false,"path_per_floor":["M","?","?","M","?","E","M","R","T","M","R","?","R","E","R","B",null,"M","?","?","$","?","R","$","M","T","R","M","E","M","?","R","B",null,"M","?","$","T","?","R","E","R","T","E","R","E","$","M","R","B","B",null,"R","$","E","B",null],"character_chosen":"THE_SILENT","items_purchased":["Shuriken","Strange Spoon","Well Laid Plans","Enlightenment","War Paint","Acrobatics","Happy Flower"],"campfire_rested":0,"item_purchase_floors":[24,37,37,37,37,47,47],"current_hp_per_floor":[59,64,59,59,59,60,61,61,61,62,62,51,51,33,33,10,60,63,63,63,63,88,88,88,83,83,83,95,82,60,31,31,15,81,80,80,80,80,73,73,55,55,55,54,54,54,54,28,28,21,22,89,89,89,22,28],"gold":45,"neow_bonus":"THREE_ENEMY_KILL","is_daily":false,"chose_seed":false,"campfire_upgraded":11,"win_rate":0.0,"timestamp":1607771887,"path_taken":["M","?","?","M","?","E","M","R","T","M","R","?","R","E","R","BOSS","M","?","?","$","?","R","$","M","T","R","M","E","M","?","R","BOSS","M","?","$","?","?","R","E","R","T","E","R","E","$","M","R","BOSS","BOSS","R","$","E","BOSS"],"items_purchased_type":["Relic","Relic","Card","Card","Relic","Card","Relic"],"build_version":"2020-11-30","purchased_purges":3,"victory":true,"max_hp_per_floor":[66,71,71,71,71,72,73,73,73,74,74,75,75,76,76,77,77,78,78,78,78,88,88,88,89,89,89,95,96,97,102,102,103,103,104,104,104,104,105,105,106,106,106,107,107,108,108,109,109,110,111,111,111,111,112,113],"relic_stats":{"Gremlin Horn":[28,28],"Happy Flower":[15],"counters":[24,134],"CeramicFish":198,"PreservedInsect":360,"Juzu Bracelet":3,"Bag of Preparation":[14],"Whetstone":["Slice","Strike_G"],"Ginger":[6],"War Paint":["Blade Dance","Venomology"],"Boot":[7],"Smiling Mask":75,"Strange Spoon":[63],"Lizard Tail":56,"FaceOfCleric":22,"Shuriken":[49],"Bronze Scales":[494],"Bird Faced Urn":[12],"Pandora\u0027s Box":["Corpse Explosion","Quick Slash","Outmaneuver","Underhanded Strike","Predator","Terror","Noxious Fumes","Night Terror","Blade Dance","All Out Attack"],"obtain_stats":[{"Lantern":9,"NeowsBlessing":0,"Gremlin Horn":3,"Happy Flower":47,"CeramicFish":26,"Vajra":29,"PreservedInsect":20,"Juzu Bracelet":6,"Bag of Preparation":41,"Whetstone":14,"Ginger":46,"War Paint":37,"Boot":43,"Smiling Mask":44,"Strange Spoon":37,"Lizard Tail":39,"FaceOfCleric":5,"Shuriken":24,"Bronze Scales":12,"Bird Faced Urn":55,"Pandora\u0027s Box":34,"Coffee Dripper":17,"Ring of the Snake":0},{"Lantern":4,"NeowsBlessing":0,"Gremlin Horn":1,"Happy Flower":19,"CeramicFish":10,"Vajra":12,"PreservedInsect":9,"Juzu Bracelet":3,"Bag of Preparation":17,"Whetstone":7,"Ginger":19,"War Paint":15,"Boot":17,"Smiling Mask":18,"Strange Spoon":15,"Lizard Tail":16,"FaceOfCleric":2,"Shuriken":9,"Bronze Scales":6,"Bird Faced Urn":23,"Pandora\u0027s Box":14,"Coffee Dripper":8,"Ring of the Snake":0},{"Lantern":6,"NeowsBlessing":0,"Gremlin Horn":1,"Happy Flower":89,"CeramicFish":41,"Vajra":51,"PreservedInsect":35,"Juzu Bracelet":3,"Bag of Preparation":79,"Whetstone":22,"Ginger":89,"War Paint":71,"Boot":79,"Smiling Mask":85,"Strange Spoon":71,"Lizard Tail":74,"FaceOfCleric":2,"Shuriken":35,"Bronze Scales":15,"Bird Faced Urn":124,"Pandora\u0027s Box":67,"Coffee Dripper":31,"Ring of the Snake":0}],"Ring of the Snake":[48]},"card_choices":[{"not_picked":["Acrobatics","Escape Plan"],"picked":"Slice","floor":1.0},{"not_picked":["Setup","Blade Dance"],"picked":"Skewer","floor":4.0},{"not_picked":["Deflect","Calculated Gamble"],"picked":"Venomology","floor":6.0},{"not_picked":["Quick Slash","Deflect"],"picked":"Deadly Poison","floor":7.0},{"not_picked":["Acrobatics","Dodge and Roll"],"picked":"Dagger Throw","floor":10.0},{"not_picked":["Dagger Spray","Dodge and Roll"],"picked":"PiercingWail","floor":12.0},{"not_picked":["Bullet Time","Quick Slash"],"picked":"Footwork","floor":14.0},{"not_picked":["Storm of Steel","Bullet Time"],"picked":"Envenom","floor":16.0},{"not_picked":["PiercingWail","Slice"],"picked":"Backflip","floor":18.0},{"not_picked":["Slice","Dagger Throw"],"picked":"Leg Sweep","floor":25.0},{"not_picked":["Quick Slash","Catalyst"],"picked":"Prepared+1","floor":28.0},{"not_picked":["Slice","Expertise"],"picked":"Bouncing Flask","floor":29.0},{"not_picked":["Slice","Poisoned Stab"],"picked":"Dagger Throw+1","floor":30.0},{"not_picked":["Storm of Steel","Night Terror"],"picked":"Wraith Form v2","floor":33.0},{"not_picked":["Backstab","Heel Hook"],"picked":"Backflip","floor":35.0},{"not_picked":["Quick Slash+1","Dagger Throw"],"picked":"PiercingWail","floor":39.0},{"not_picked":["Flying Knee","Phantasmal Killer"],"picked":"PiercingWail","floor":41.0},{"not_picked":["Heel Hook","Concentrate+1"],"picked":"Footwork","floor":44.0},{"not_picked":["Infinite Blades","Noxious Fumes","Bane"],"picked":"SKIP","floor":46.0},{"not_picked":["Slice","Dagger Spray","Eviscerate"],"picked":"SKIP","floor":48.0},{"not_picked":["Quick Slash","Slice","Underhanded Strike"],"picked":"SKIP","floor":55.0}],"player_experience":2319029,"relics_obtained":[{"floor":6.0,"key":"Juzu Bracelet"},{"floor":9.0,"key":"Lantern"},{"floor":12.0,"key":"Bronze Scales"},{"floor":14.0,"key":"Whetstone"},{"floor":26.0,"key":"CeramicFish"},{"floor":29.0,"key":"Vajra"},{"floor":39.0,"key":"Lizard Tail"},{"floor":41.0,"key":"Bag of Preparation"},{"floor":43.0,"key":"Boot"},{"floor":44.0,"key":"Smiling Mask"},{"floor":46.0,"key":"Ginger"},{"floor":55.0,"key":"Bird Faced Urn"}],"event_choices":[{"damage_healed":0.0,"max_hp_gain":5.0,"max_hp_loss":0.0,"gold_gain":0.0,"event_name":"Big Fish","player_choice":"Donut","floor":2.0,"gold_loss":0.0,"damage_taken":0.0},{"damage_healed":0.0,"max_hp_gain":0.0,"max_hp_loss":0.0,"gold_gain":0.0,"event_name":"Scrap Ooze","player_choice":"Success","floor":3.0,"gold_loss":0.0,"damage_taken":5.0,"relics_obtained":["Gremlin Horn"]},{"damage_healed":0.0,"max_hp_gain":0.0,"max_hp_loss":0.0,"gold_gain":0.0,"event_name":"FaceTrader","player_choice":"Trade","floor":5.0,"gold_loss":0.0,"damage_taken":0.0,"relics_obtained":["FaceOfCleric"]},{"damage_healed":0.0,"max_hp_gain":0.0,"max_hp_loss":0.0,"gold_gain":0.0,"event_name":"Dead Adventurer","player_choice":"Searched \u00271\u0027 times","floor":12.0,"gold_loss":0.0,"damage_taken":0.0},{"damage_healed":0.0,"max_hp_gain":0.0,"max_hp_loss":0.0,"gold_gain":0.0,"event_name":"Match and Keep!","player_choice":"3 cards matched","floor":19.0,"gold_loss":0.0,"damage_taken":0.0,"cards_obtained":["Calculated Gamble","Venomology","Neutralize"]},{"damage_healed":0.0,"max_hp_gain":0.0,"max_hp_loss":0.0,"gold_gain":0.0,"event_name":"The Mausoleum","player_choice":"Opened","floor":20.0,"gold_loss":0.0,"damage_taken":0.0,"relics_obtained":["PreservedInsect"],"cards_obtained":["Writhe"]},{"cards_removed":["Envenom"],"damage_healed":15.0,"max_hp_gain":10.0,"max_hp_loss":0.0,"gold_gain":0.0,"event_name":"Bonfire Elementals","player_choice":"Offered Rare","floor":22.0,"gold_loss":0.0,"damage_taken":0.0},{"damage_healed":0.0,"max_hp_gain":5.0,"max_hp_loss":0.0,"gold_gain":0.0,"event_name":"Forgotten Altar","player_choice":"Shed Blood","floor":31.0,"gold_loss":0.0,"damage_taken":34.0},{"damage_healed":0.0,"max_hp_gain":0.0,"max_hp_loss":0.0,"gold_gain":275.0,"event_name":"Golden Shrine","player_choice":"Desecrate","floor":36.0,"gold_loss":0.0,"damage_taken":0.0,"cards_obtained":["Regret"]},{"damage_healed":0.0,"max_hp_gain":0.0,"max_hp_loss":0.0,"gold_gain":0.0,"event_name":"Mysterious Sphere","player_choice":"Fight","floor":39.0,"gold_loss":0.0,"damage_taken":0.0}],"is_beta":false,"boss_relics":[{"not_picked":["Cursed Key","Black Star"],"picked":"Coffee Dripper"},{"not_picked":["Fusion Hammer","Runic Dome"],"picked":"Pandora\u0027s Box"}],"items_purged_floors":[21,37,54],"is_endless":false,"potions_floor_spawned":[7,12,14,25,28,29,33,35,39,46,55],"ascension_level":20}}