{"host":"dsxpg2dh2uupq0t9","time":1607746120,"event":{"mods":["Act Like it!","Aspiration","BaseMod","Better Note","Better Skull","BetterRewards","Colored Powertips","DeckTracker","Halation","Hallownest","Hubris","Minty Spire (QoL Compilation)","Replay The Spire","Shop Mod","Spicy Shops","StSLib"],"gold_per_floor":[113,125,300,300,300,300,149,149,176,176,192,192,207,282,282,380,380,395,395,406,4,24,24,24,24],"floor_reached":24,"playtime":1553,"items_purged":[],"score":255,"play_id":"b0eecd53-8e95-4daa-8415-9a027f8c1225","local_time":"20201211230840","is_ascension_mode":true,"campfire_choices":[{"data":"Anger","floor":6,"key":"SMITH"},{"data":"Twin Strike","floor":8,"key":"SMITH"},{"data":"Bash","floor":10,"key":"SMITH"},{"floor":15,"key":"REST"},{"floor":23,"key":"REST"}],"circlet_count":0,"master_deck":["Strike_R","Strike_R","Strike_R","Strike_R","Strike_R","Defend_R","Defend_R","Defend_R","Defend_R","Bash+1","Twin Strike+1","Anger+1","Doubt","Injury","Uppercut+1","Wild Strike+1","Feed+1","True Grit+1","ReplayReversal","Inflame"],"relics":["Black Blood","Molten Egg 2","halation:PinkSoulGem","ReplayTheSpireMod:TigerMarble","Oddly Smooth Stone","halation:PrussianBluePaint","Orichalcum"],"acts_visited":["Exordium","TheCity"],"potions_floor_usage":[16],"damage_taken":[{"damage":18,"enemies":"Jaw Worm","floor":1,"turns":5},{"damage":9,"enemies":"2 Louse","floor":2,"turns":3},{"damage":6,"enemies":"Small Slimes","floor":11,"turns":2},{"damage":6,"enemies":"3 Louse","floor":13,"turns":2},{"damage":48,"enemies":"Slime Boss","floor":16,"turns":7},{"damage":30,"enemies":"3 Byrds","floor":18,"turns":4},{"damage":28,"enemies":"2 Thieves","floor":20,"turns":4},{"damage":28,"enemies":"Centurion and Healer","floor":22,"turns":5},{"damage":53,"enemies":"Slavers","floor":24,"turns":3}],"seed_played":"8439488322055565595","potions_obtained":[{"floor":11,"key":"DuplicationPotion"},{"floor":13,"key":"Dexterity Potion"},{"floor":16,"key":"Elixir"},{"floor":20,"key":"SpeedPotion"}],"is_trial":false,"path_per_floor":["M","M","?","?","?","R","$","R","T","R","M","?","M","?","R","B",null,"M","?","M","$","M","R","E"],"character_chosen":"IRONCLAD","items_purchased":["ReplayTheSpireMod:TigerMarble","Uppercut+1","halation:PrussianBluePaint","Orichalcum","ReplayReversal"],"campfire_rested":2,"item_purchase_floors":[7,7,21,21,21],"current_hp_per_floor":[76,73,73,73,73,73,73,73,73,73,73,76,76,65,91,53,82,68,49,37,37,21,52,0,0],"gold":24,"neow_bonus":"TEN_PERCENT_HP_BONUS","is_daily":false,"chose_seed":false,"campfire_upgraded":3,"win_rate":0.0,"timestamp":1607746120,"path_taken":["M","M","?","?","?","R","$","R","T","R","M","?","M","?","R","BOSS","M","?","M","$","M","R","E"],"items_purchased_type":["Relic","Card","Relic","Relic","Card"],"build_version":"2020-11-30","purchased_purges":0,"victory":false,"max_hp_per_floor":[88,88,88,88,88,88,88,88,88,88,88,91,91,91,91,91,91,95,100,104,104,104,104,104,104],"card_choices":[{"not_picked":["ReplayTheSpireMod:Limb From Limb","Replay:Undeath\u0027s Touch"],"picked":"Twin Strike","floor":1},{"not_picked":["Massacre","Twin Strike"],"picked":"Anger","floor":2},{"not_picked":["ReplayTheSpireMod:Stacked","Pommel Strike+1"],"picked":"Wild Strike+1","floor":11},{"not_picked":["Sentinel","ReplayTheSpireMod:Strike From Hell+1","Dark Embrace"],"picked":"SKIP","floor":13},{"not_picked":["Fiend Fire+1","Juggernaut"],"picked":"Feed+1","floor":16},{"not_picked":["Clothesline+1","Heavy Blade+1"],"picked":"True Grit+1","floor":18},{"not_picked":["Blood for Blood+1","Havoc","ReplayTheSpireMod:Strike From Hell+1"],"picked":"SKIP","floor":20},{"not_picked":["Cleave+1","Pommel Strike+1"],"picked":"Inflame","floor":22}],"player_experience":613054,"relics_obtained":[{"floor":9,"key":"Oddly Smooth Stone"}],"event_choices":[{"damage_healed":0,"gold_gain":175,"player_choice":"AGREE","damage_taken":0,"max_hp_gain":0,"max_hp_loss":0,"event_name":"Liars Game","floor":3,"gold_loss":0,"cards_obtained":["Doubt"]},{"damage_healed":0,"gold_gain":75,"player_choice":"Gather Gold","damage_taken":11,"max_hp_gain":0,"max_hp_loss":0,"event_name":"World of Goop","floor":14,"gold_loss":0},{"damage_healed":0,"gold_gain":0,"player_choice":"Shed Blood","damage_taken":24,"max_hp_gain":5,"max_hp_loss":0,"event_name":"Forgotten Altar","floor":19,"gold_loss":0}],"is_beta":false,"boss_relics":[{"not_picked":["halation:ForbiddenBikini","Ooze Armor"],"picked":"Black Blood"}],"items_purged_floors":[],"is_endless":false,"potions_floor_spawned":[11,13,16,20],"killed_by":"Slavers","ascension_level":5}}