{"host":"ncjvx38sfs73mj1s","time":1607752148,"event":{"mods":["BaseMod","Minty Spire (QoL Compilation)","Remilia（蕾米莉亚）","Youmu（魂魄妖梦）","【功能Mod】聪明的最终Boss","【角色mod】十八桐人"],"gold_per_floor":[110,110,110,149,149,149,169,181,208,228,242,202,202,212,212,312,312,323,323,323,238,253,253,273,198,272,272,297,315,8,37,37,138,138,150,150,100,120,139,139,175,205,205,205,205,205,3,17,17,17],"floor_reached":51,"playtime":8338,"items_purged":["Strike_RM","Stigmanizer","Strike_RM","DiffusionOfMisfortune"],"score":694,"play_id":"3f5c15da-9e34-4f30-aedc-caef6099c5ae","local_time":"20201212134908","is_ascension_mode":true,"campfire_choices":[{"floor":6.0,"key":"REST"},{"floor":13,"key":"REST"},{"data":"RedNightlessCastle","floor":15,"key":"SMITH"},{"floor":23,"key":"REST"},{"floor":27,"key":"REST"},{"floor":32,"key":"REST"},{"floor":40,"key":"REST"},{"data":"CurseOfVladTepes","floor":45,"key":"SMITH"},{"floor":49,"key":"REST"}],"circlet_count":0,"master_deck":["Strike_RM","Defend_RM","Defend_RM","Defend_RM","RedMoon","ScarletShoot","BombardNight+1","SuperhumanBloodyKnife","UnderTheZenith","BloodHunter","ScarletImprint","RedNightlessCastle+1","CurseOfVladTepes+1","UnstableMagic","ScarletDevil+1","DevilSight+1","EternalNight+1","BloodyHallows+1","Septette+1","ScarletSymphony+1","StarOfDavid+1","Madness+1","BombardNight+1"],"relics":["ScarletHat","Potion Belt","ScarletDevilRocket","Velvet Choker","Enchiridion","Anchor","Toxic Egg 2","Smiling Mask","RedBat","Meat on the Bone","APieceOfRedMist","Question Card","AntiCross","Bronze Scales"],"acts_visited":["Exordium","TheCity","TheBeyond"],"potions_floor_usage":[16,16,31,33,33,42,50,50,50,50],"damage_taken":[{"damage":3.0,"enemies":"2 Louse","floor":1.0,"turns":2.0},{"damage":5.0,"enemies":"Small Slimes","floor":4.0,"turns":2.0},{"damage":2.0,"enemies":"Jaw Worm","floor":7.0,"turns":2.0},{"damage":0.0,"enemies":"Large Slime","floor":8.0,"turns":7.0},{"damage":1.0,"enemies":"Exordium Thugs","floor":10.0,"turns":4.0},{"damage":6.0,"enemies":"Exordium Wildlife","floor":11.0,"turns":4.0},{"damage":0,"enemies":"2 Fungi Beasts","floor":14,"turns":1},{"damage":53,"enemies":"The Guardian","floor":16,"turns":10},{"damage":2,"enemies":"Shell Parasite","floor":18,"turns":4},{"damage":9,"enemies":"Spheric Guardian","floor":22,"turns":4},{"damage":12,"enemies":"Snake Plant","floor":24,"turns":4},{"damage":0,"enemies":"Centurion and Healer","floor":29,"turns":6},{"damage":28,"enemies":"Slavers","floor":31,"turns":4},{"damage":70,"enemies":"Champ","floor":33,"turns":12},{"damage":9,"enemies":"Orb Walker","floor":35,"turns":2},{"damage":27,"enemies":"3 Shapes","floor":38,"turns":3},{"damage":16,"enemies":"Sphere and 2 Shapes","floor":39,"turns":4},{"damage":75,"enemies":"4 Shapes","floor":41,"turns":3},{"damage":10,"enemies":"Giant Head","floor":42,"turns":7},{"damage":44,"enemies":"Jaw Worm Horde","floor":48,"turns":4},{"damage":82,"enemies":"Time Eater","floor":50,"turns":12}],"seed_played":"3150502310804062958","potions_obtained":[{"floor":4.0,"key":"SpeedPotion"},{"floor":7.0,"key":"Energy Potion"},{"floor":11,"key":"ColorlessPotion"},{"floor":16,"key":"Explosive Potion"},{"floor":22,"key":"LiquidMemories"},{"floor":29,"key":"BlessingOfTheForge"},{"floor":33,"key":"Energy Potion"},{"floor":35,"key":"Fire Potion"},{"floor":38,"key":"FearPotion"},{"floor":41,"key":"SteroidPotion"},{"floor":42,"key":"Weak Potion"}],"is_trial":false,"path_per_floor":["M","?","?","M","?","R","M","M","T","M","M","$","R","M","R","B",null,"M","?","?","?","M","R","M","$","T","R","T","M","$","E","R","B",null,"M","?","$","M","M","R","M","E","T","?","R","?","$","M","R","B",null],"character_chosen":"REMILIA","items_purchased":["RedNightlessCastle","RedBat","Bronze Scales"],"campfire_rested":7,"item_purchase_floors":[12,30,47],"current_hp_per_floor":[51,51,44,39,39,61,59,61,61,60,57,57,75,75,75,33,75,73,57,43,43,38,62,50,50,50,74,74,74,74,49,73,26,80,71,71,71,50,50,74,33,80,80,80,80,80,80,50,74,43],"gold":17,"neow_bonus":"TRANSFORM_TWO_CARDS","is_daily":false,"chose_seed":false,"campfire_upgraded":2,"win_rate":0.0,"timestamp":1607752148,"path_taken":["M","?","?","?","?","R","M","?","T","M","M","$","R","M","R","BOSS","M","?","?","?","?","R","M","$","T","R","?","M","$","E","R","BOSS","M","?","$","M","?","R","?","E","T","?","R","?","$","M","R","BOSS"],"items_purchased_type":["Card","Relic","Relic"],"build_version":"2020-11-30","purchased_purges":4,"victory":true,"max_hp_per_floor":[75,75,75,75,75,75,75,75,75,75,75,75,75,75,75,75,75,75,75,80,80,80,80,80,80,80,80,80,80,80,80,80,80,80,80,80,80,80,80,80,80,80,80,80,80,80,80,80,80,80],"card_choices":[{"not_picked":["RedRainbow","ScarletSymphony"],"picked":"SuperhumanBloodyKnife","floor":1.0},{"not_picked":["EternalNight","BlasphemousPunishment"],"picked":"UnderTheZenith","floor":4.0},{"not_picked":["BlasphemousPunishment","StarOfDavid"],"picked":"ScarletImprint","floor":7.0},{"not_picked":["BloodHunter","ScarletDevil"],"picked":"DiffusionOfMisfortune","floor":8.0},{"not_picked":["ForbiddenFruit","MastersStateliness","NightDance"],"picked":"SKIP","floor":10.0},{"not_picked":["MastersStateliness","VampireKiss","EmergencyRegeneration"],"picked":"SKIP","floor":11},{"not_picked":["FavorOfDestiny","ScarletDevilSign","DiffusionOfMisfortune"],"picked":"SKIP","floor":14},{"not_picked":["HeartBreak","KillingBlow"],"picked":"CurseOfVladTepes","floor":16},{"not_picked":["ScarletImprint","ForbiddenFruit"],"picked":"UnstableMagic","floor":18},{"not_picked":["BloodyTrap","FavorOfDestiny"],"picked":"Stigmanizer","floor":22},{"not_picked":["NightDance+1","Stigmanizer"],"picked":"ScarletDevil+1","floor":24},{"not_picked":["EmergencyRegeneration+1","EndlessAdversity"],"picked":"DevilSight+1","floor":29},{"not_picked":["VampirishNight+1","Stigmanizer+1"],"picked":"EternalNight+1","floor":31},{"not_picked":["KillingBlow","TransientEternity"],"picked":"BloodyHallows+1","floor":33},{"not_picked":["VampireSweep","DevilSight+1","EmergencyRegeneration+1"],"picked":"SKIP","floor":35},{"not_picked":["UnstableMagic+1","ScarletDevil"],"picked":"Septette+1","floor":38},{"not_picked":["RedRainbow","NightDance+1"],"picked":"ScarletSymphony+1","floor":39},{"not_picked":["MillenniumVampire+1","NightDance+1","GlobalNightmare+1"],"picked":"SKIP","floor":41},{"not_picked":["RedRainbow+1","ScarletSymphony+1"],"picked":"StarOfDavid+1","floor":42},{"not_picked":["Blind+1","Bandage Up+1","Finesse+1"],"picked":"Madness+1","floor":44},{"not_picked":["DiffusionOfMisfortune+1","BlasphemousPunishment+1","HellCatastrophe"],"picked":"BombardNight+1","floor":48}],"player_experience":92848,"relics_obtained":[{"floor":9.0,"key":"ScarletDevilRocket"},{"floor":19,"key":"Enchiridion"},{"floor":26,"key":"Toxic Egg 2"},{"floor":28,"key":"Smiling Mask"},{"floor":31,"key":"Meat on the Bone"},{"floor":42,"key":"Question Card"},{"floor":43,"key":"AntiCross"}],"event_choices":[{"damage_healed":0.0,"max_hp_gain":0.0,"max_hp_loss":0.0,"gold_gain":0.0,"event_name":"Living Wall","player_choice":"Grow","floor":2.0,"gold_loss":0.0,"damage_taken":0.0,"cards_upgraded":["BombardNight"]},{"damage_healed":0.0,"max_hp_gain":0.0,"max_hp_loss":0.0,"gold_gain":0.0,"event_name":"Scrap Ooze","player_choice":"Success","floor":3.0,"gold_loss":0.0,"damage_taken":7.0,"relics_obtained":["Potion Belt"]},{"damage_healed":0.0,"max_hp_gain":0.0,"max_hp_loss":0.0,"gold_gain":0.0,"cards_transformed":["FavorOfDestiny"],"event_name":"Transmorgrifier","player_choice":"Transformed","floor":5.0,"gold_loss":0.0,"damage_taken":0.0,"cards_obtained":["BloodHunter"]},{"damage_healed":0,"gold_gain":0,"player_choice":"Obtained Book","damage_taken":16,"max_hp_gain":0,"max_hp_loss":0,"event_name":"Cursed Tome","floor":19,"gold_loss":0},{"damage_healed":0,"gold_gain":0,"player_choice":"Shed Blood","damage_taken":19,"max_hp_gain":5,"max_hp_loss":0,"event_name":"Forgotten Altar","floor":20,"gold_loss":0},{"damage_healed":0,"gold_gain":0,"player_choice":"Obtained Relic","damage_taken":0,"relics_obtained":["Anchor"],"max_hp_gain":0,"max_hp_loss":0,"event_name":"Addict","floor":21,"gold_loss":85},{"damage_healed":0,"gold_gain":0,"player_choice":"Ignored","damage_taken":0,"max_hp_gain":0,"max_hp_loss":0,"event_name":"SecretPortal","floor":36,"gold_loss":0},{"damage_healed":0,"gold_gain":0,"player_choice":"Memory 1","damage_taken":0,"max_hp_gain":0,"max_hp_loss":0,"event_name":"SensoryStone","floor":44,"gold_loss":0},{"damage_healed":0,"gold_gain":0,"player_choice":"Ignored","damage_taken":0,"max_hp_gain":0,"max_hp_loss":0,"event_name":"Tomb of Lord Red Mask","floor":46,"gold_loss":0}],"is_beta":false,"boss_relics":[{"not_picked":["Empty Cage","Coffee Dripper"],"picked":"Velvet Choker"},{"not_picked":["Runic Pyramid","Calling Bell"],"picked":"APieceOfRedMist"}],"items_purged_floors":[25,30,37,47],"is_endless":false,"potions_floor_spawned":[4,7,11,16,22,29,33,35,38,41,42],"ascension_level":1}}