{"host":"ktr1tislz6a097sj","time":1607743629,"event":{"mods":["BaseMod","Downfall","Marisa£®ÏF”Í°°ƒß¿Ì…≥£©","Minty Spire (QoL Compilation)","Quick Restart","Replay The Spire","StSLib","The Cursed","The Servant 0.9.4"],"gold_per_floor":[114,39,58,89,89,121,121,21,70,84,115,190,206,216,216,317,317,329,329,329,349,69,95,95,120,144,179,195,225,243,260,260,362,362,375,392,392,407,422,447,447,151,228,247,247,267,267,280,280,280,280,280,64,90,90],"floor_reached":56,"playtime":6086,"items_purged":["Defend_S","Strike_S","Collapse","Defend_S"],"score":1274,"play_id":"800ca545-4c9f-4154-b3ee-830d5b1502b1","local_time":"20201212112709","is_ascension_mode":false,"campfire_choices":[{"data":"MurderousAura","floor":7.0,"key":"SMITH"},{"data":"Strike_S","floor":15.0,"key":"PURGE"},{"data":"FloweringNight","floor":24.0,"key":"SMITH"},{"floor":32.0,"key":"RECALL"},{"data":"FlawlessForm","floor":41.0,"key":"SMITH"},{"data":"Solidify","floor":47.0,"key":"SMITH"},{"data":"Comet","floor":49,"key":"SMITH"},{"data":"KidneyShot","floor":52,"key":"SMITH"}],"circlet_count":0,"master_deck":["Strike_S+1","Defend_S+1","KidneyShot+1","Exchange+1","SurpressingFire","Luminosity","WasteNot","MurderousAura+1","Potential","Sabotage","Snipe","Solidify+1","FloweringNight+1","Comet+1","Shuttle+1","TimeWarp","FlawlessForm+1","SilverBlades","Desolation+1","TheWorld+1","CurseOfTheBell","StarChef+1","Advance+1","StarChef","Solidify+1","Luminosity","Spin+1","BottledTime+1","LightFlow+1"],"relics":["Uniform","Bird Faced Urn","Garlic","Dream Catcher","Replay:Wax Seal","Coffee Dripper","Sling","Quantum Egg","Replay:Baseball","Red Mask","Pen Nib","Calling Bell","Unceasing Top","Replay:Accelerometer","War Paint","Sundial","ClockworkSouvenir","Bottled Tornado","Guide Book","FossilizedHelix"],"acts_visited":["Exordium","TheCity","TheBeyond","TheEnding"],"potions_floor_usage":[50,50],"damage_taken":[{"damage":1.0,"enemies":"Cultist","floor":1.0,"turns":4.0},{"damage":1.0,"enemies":"Small Slimes","floor":3.0,"turns":4.0},{"damage":19.0,"enemies":"Replay:BlueRogue","floor":6.0,"turns":8.0},{"damage":2.0,"enemies":"Jaw Worm","floor":10.0,"turns":4.0},{"damage":2.0,"enemies":"Lagavulin","floor":11.0,"turns":6.0},{"damage":6.0,"enemies":"2 Fungi Beasts","floor":13.0,"turns":4.0},{"damage":3.0,"enemies":"Large Slime","floor":14.0,"turns":7.0},{"damage":12.0,"enemies":"Slime Boss","floor":16.0,"turns":9.0},{"damage":0.0,"enemies":"Shell Parasite","floor":18.0,"turns":5.0},{"damage":4.0,"enemies":"Chosen","floor":21.0,"turns":6.0},{"damage":16.0,"enemies":"Replay:Snechameleon","floor":23.0,"turns":3.0},{"damage":0.0,"enemies":"Slavers","floor":25.0,"turns":3.0},{"damage":0.0,"enemies":"Masked Bandits","floor":27.0,"turns":2.0},{"damage":9.0,"enemies":"Centurion and Healer","floor":28.0,"turns":3.0},{"damage":0.0,"enemies":"Replay:Snechameleon","floor":29.0,"turns":3.0},{"damage":0.0,"enemies":"Chosen and Byrds","floor":30.0,"turns":5.0},{"damage":0.0,"enemies":"Cultist and Chosen","floor":31.0,"turns":4.0},{"damage":12.0,"enemies":"Collector","floor":33.0,"turns":4.0},{"damage":9.0,"enemies":"3 Darklings","floor":35.0,"turns":4.0},{"damage":4.0,"enemies":"3 Shapes","floor":36.0,"turns":4.0},{"damage":5.0,"enemies":"Transient","floor":38.0,"turns":5.0},{"damage":0.0,"enemies":"3 Darklings","floor":39.0,"turns":3.0},{"damage":17.0,"enemies":"R_Hoarder","floor":40.0,"turns":5.0},{"damage":1.0,"enemies":"Maw","floor":44.0,"turns":3.0},{"damage":0.0,"enemies":"Transient","floor":46.0,"turns":3.0},{"damage":3.0,"enemies":"3 Darklings","floor":48.0,"turns":2.0},{"damage":18,"enemies":"Time Eater","floor":50,"turns":5},{"damage":0,"enemies":"Shield and Spear","floor":54,"turns":2},{"damage":43,"enemies":"The Heart","floor":55,"turns":4}],"seed_played":"1825067826082108649","potions_obtained":[{"floor":1.0,"key":"ColorlessPotion"},{"floor":11.0,"key":"Flashbang"},{"floor":14.0,"key":"Fire Potion"},{"floor":27.0,"key":"Strength Potion"},{"floor":28.0,"key":"Milkshake"},{"floor":29.0,"key":"Strength Potion"},{"floor":33.0,"key":"ColorlessPotion"},{"floor":36.0,"key":"SteroidPotion"},{"floor":40.0,"key":"ColorlessPotion"}],"is_trial":false,"path_per_floor":["M","$","M","?","?","E","R","$","T","M","E","?","M","M","R","B",null,"M","?","?","M","$","E","R","E","T","?","M","E","M","M","R","B",null,"M","M","?","M","M","E","R","$","T","M","?","M","R","M","R","B",null,"R","$","E","B",null],"character_chosen":"THE_SERVANT","items_purchased":["Sling","ClockworkSouvenir","LightFlow","Guide Book"],"campfire_rested":0,"item_purchase_floors":[22,42,53,53],"current_hp_per_floor":[70,70,69,69,55,42,42,42,42,48,54,43,45,50,50,46,71,71,71,71,71,71,59,59,67,67,71,66,71,71,71,71,65,71,71,67,67,71,71,66,66,66,66,71,71,71,71,71,71,53,71,71,71,71,46],"gold":90,"neow_bonus":"TEN_PERCENT_HP_BONUS","is_daily":false,"chose_seed":false,"campfire_upgraded":6,"win_rate":0.0,"timestamp":1607743629,"path_taken":["M","?","M","?","?","E","R","$","T","M","E","?","M","M","R","BOSS","M","?","?","M","$","E","R","E","T","?","?","E","M","M","R","BOSS","M","M","?","M","M","E","R","?","T","?","?","M","R","M","R","BOSS","R","$","E","BOSS"],"items_purchased_type":["Relic","Relic","Card","Relic"],"build_version":"2020-11-30","purchased_purges":4,"victory":true,"max_hp_per_floor":[71,71,71,71,71,71,71,71,71,71,71,71,71,71,71,71,71,71,71,71,71,71,71,71,71,71,71,71,71,71,71,71,71,71,71,71,71,71,71,71,71,71,71,71,71,71,71,71,71,71,71,71,71,71,71],"card_choices":[{"not_picked":["Contraction","Barrier"],"picked":"SurpressingFire","floor":1.0},{"not_picked":["Alleviate","Rewind"],"picked":"Luminosity","floor":3.0},{"not_picked":["DoubleEdge","BottledTime"],"picked":"WasteNot","floor":4.0},{"not_picked":["Spin","LightFlow"],"picked":"MurderousAura","floor":6.0},{"not_picked":["Barrier","Replace","Starlight"],"picked":"SKIP","floor":10.0},{"not_picked":["Alleviate","Rewind"],"picked":"Potential","floor":11.0},{"not_picked":["Unruled","Replace"],"picked":"Sabotage","floor":13.0},{"not_picked":["FanOfKnives","Alleviate"],"picked":"Snipe","floor":14.0},{"not_picked":["ForgedInTime","LightFlow"],"picked":"Solidify","floor":16.0},{"not_picked":["Potential","SurpressingFire","ShatteredReality"],"picked":"SKIP","floor":18.0},{"not_picked":["BottledTime+1","Potential"],"picked":"Comet","floor":21.0},{"not_picked":["Rearm+1","Sabotage","FastForward+1"],"picked":"SKIP","floor":23.0},{"not_picked":["FastForward+1","Snipe"],"picked":"Shuttle+1","floor":25.0},{"not_picked":["Replace","Rearm"],"picked":"TimeWarp","floor":28.0},{"not_picked":["BottledTime","Ricochet+1"],"picked":"FlawlessForm","floor":29.0},{"not_picked":["Misdirection","TimeWarp"],"picked":"SilverBlades","floor":30.0},{"not_picked":["Potential","FastForward"],"picked":"Desolation+1","floor":31.0},{"not_picked":["Solidify","FlawlessForm"],"picked":"TheWorld","floor":33.0},{"not_picked":["DoubleEdge+1","DualDimension"],"picked":"StarChef+1","floor":35.0},{"not_picked":["Starlight","WasteNot","Rearm+1"],"picked":"SKIP","floor":36.0},{"not_picked":["Revamp","Ricochet"],"picked":"Advance+1","floor":38.0},{"not_picked":["SpecialFormula","Ricochet+1"],"picked":"StarChef","floor":39.0},{"not_picked":["Spin","TimeWarp"],"picked":"Solidify","floor":40.0},{"not_picked":["Reset+1","DoubleEdge"],"picked":"Luminosity","floor":44.0},{"not_picked":["TimeWarp+1","Replace"],"picked":"Spin+1","floor":46.0},{"not_picked":["Rewind+1","Alleviate"],"picked":"BottledTime+1","floor":48.0},{"not_picked":["FlawlessForm","Spin+1","Rewind+1"],"picked":"SKIP","floor":54}],"player_experience":20999,"relics_obtained":[{"floor":4.0,"key":"Bird Faced Urn"},{"floor":6.0,"key":"Garlic"},{"floor":9.0,"key":"Dream Catcher"},{"floor":11.0,"key":"Replay:Wax Seal"},{"floor":23.0,"key":"Quantum Egg"},{"floor":25.0,"key":"Replay:Baseball"},{"floor":27.0,"key":"Red Mask"},{"floor":29.0,"key":"Pen Nib"},{"floor":34.0,"key":"Unceasing Top"},{"floor":34.0,"key":"Replay:Accelerometer"},{"floor":34.0,"key":"War Paint"},{"floor":40.0,"key":"Sundial"},{"floor":43.0,"key":"Bottled Tornado"},{"floor":54,"key":"FossilizedHelix"}],"event_choices":[{"damage_healed":0.0,"max_hp_gain":0.0,"max_hp_loss":0.0,"gold_gain":0.0,"event_name":"Shining Light","player_choice":"Entered Light","floor":5.0,"gold_loss":0.0,"damage_taken":14.0,"cards_upgraded":["Strike_S","Defend_S"]},{"damage_healed":0.0,"max_hp_gain":0.0,"max_hp_loss":0.0,"gold_gain":75.0,"event_name":"World of Goop","player_choice":"Gather Gold","floor":12.0,"gold_loss":0.0,"damage_taken":11.0},{"damage_healed":0.0,"max_hp_gain":0.0,"max_hp_loss":0.0,"gold_gain":0.0,"event_name":"Vampires","player_choice":"Ignored","floor":19.0,"gold_loss":0.0,"damage_taken":0.0},{"damage_healed":0.0,"max_hp_gain":0.0,"max_hp_loss":0.0,"gold_gain":0.0,"cards_transformed":["Defend_S","Strike_S"],"event_name":"Drug Dealer","player_choice":"Became Test Subject","floor":20.0,"gold_loss":0.0,"damage_taken":0.0,"cards_obtained":["FloweringNight","Collapse"]},{"damage_healed":0.0,"max_hp_gain":0.0,"max_hp_loss":0.0,"gold_gain":0.0,"event_name":"Masked Bandits","player_choice":"Fought Bandits","floor":27.0,"gold_loss":0.0,"damage_taken":0.0},{"damage_healed":0.0,"max_hp_gain":0.0,"max_hp_loss":0.0,"gold_gain":0.0,"event_name":"The Woman in Blue","player_choice":"Bought 0 Potions","floor":37.0,"gold_loss":0.0,"damage_taken":0.0},{"damage_healed":0.0,"max_hp_gain":0.0,"max_hp_loss":0.0,"gold_gain":0.0,"event_name":"Lab","player_choice":"Got Potions","floor":45.0,"gold_loss":0.0,"damage_taken":0.0}],"is_beta":false,"boss_relics":[{"not_picked":["Black Star","Ring of Chaos"],"picked":"Coffee Dripper"},{"not_picked":["Honey Jar","Fusion Hammer"],"picked":"Calling Bell"}],"items_purged_floors":[2,8,22,42],"is_endless":false,"potions_floor_spawned":[1,11,14,18,27,28,29,30,33,36,39,40,48],"ascension_level":0}}