{"host":"kw4o7b3ro2ktmmbe","time":1607774520,"event":{"mods":["BaseMod","Minty Spire (QoL Compilation)","StSLib","The Death Knight","Treasure Hunter"],"gold_per_floor":[184,184,38,38,38,65,77,77,77,107,89,89,107,142,142,242,242,252,134,134,152,166,166,188,188,188,176,176,182,182,192,192,280,280,294,294,313,313,311,310,310,329,329,329,96,125,125,138,138,138],"floor_reached":51,"playtime":19163,"items_purged":[],"score":836,"play_id":"3a5a5fd2-c1a0-4a30-a4da-05dfde0c3003","local_time":"20201213010200","is_ascension_mode":false,"campfire_choices":[{"data":"TH:CursedSword","floor":8.0,"key":"SMITH"},{"data":"DeathKnight:UnholyPresence","floor":12.0,"key":"SMITH"},{"data":"DeathKnight:RuneTap","floor":15.0,"key":"SMITH"},{"data":"DeathKnight:Simulacrum","floor":23.0,"key":"SMITH"},{"data":"1","floor":25.0,"key":"LIFT"},{"data":"2","floor":32.0,"key":"LIFT"},{"data":"3","floor":41,"key":"LIFT"},{"data":"DeathKnight:DarkSuccor","floor":44,"key":"SMITH"},{"data":"DeathKnight:DarkSuccor","floor":47,"key":"SMITH"},{"data":"TH:CursedSword","floor":49,"key":"SMITH"}],"circlet_count":0,"master_deck":["DeathKnight:Strike_DeathKnight","DeathKnight:Strike_DeathKnight","DeathKnight:Strike_DeathKnight","DeathKnight:Strike_DeathKnight","DeathKnight:Strike_DeathKnight","DeathKnight:Defend_DeathKnight","DeathKnight:Defend_DeathKnight","DeathKnight:Defend_DeathKnight","DeathKnight:Defend_DeathKnight","DeathKnight:Defend_DeathKnight","DeathKnight:RuneTap+1","DeathKnight:RuneStrike","TH:TreasureMap","TH:CursedSword+1","DeathKnight:PlagueStrike","DeathKnight:UnholyPresence+1","TH:DeckOfManyThings","TH:ElvenBoots","DeathKnight:VampiricBlood","DeathKnight:Pestilence","DeathKnight:BloodBoil","TH:Mimic","TH:ArmorSpikes","DeathKnight:Simulacrum+1","DeathKnight:DarkSuccor+1","DeathKnight:Hysteria+1","TH:CursedSword+1","DeathKnight:UnholyAssault","TH:ElvenBoots","TH:CopperCoins","DeathKnight:SindragosasBreath","DeathKnight:DarkSuccor+1","DeathKnight:Pestilence","TH:CursedSword","DeathKnight:Simulacrum","DeathKnight:MindFreeze+1","Good Instincts","Flash of Steel","Flash of Steel","Madness","Madness","DeathKnight:GargoyleSkin+1","TH:CursedSword","DeathKnight:Frostscythe","Parasite","DeathKnight:AntiMagicShell+1","Doubt","TH:TreasureMap","TH:CursedSword","DeathKnight:PlagueStrike"],"relics":["Runic Dome","Blue Candle","OrangePellets","HornCleat","The Courier","Darkstone Periapt","Nunchaku","White Beast Statue","DeathKnight:Shadowmourne","TH:HealthInsurance","Girya","Eternal Feather","Art of War","Cursed Key","Orichalcum","Mercury Hourglass","Anchor","PreservedInsect","Mango"],"acts_visited":["Exordium","TheCity","TheBeyond"],"potions_floor_usage":[40,40,46,48,50,50,50],"damage_taken":[{"damage":2.0,"enemies":"2 Louse","floor":1.0,"turns":2.0},{"damage":17.0,"enemies":"3 Sentries","floor":6.0,"turns":12.0},{"damage":0.0,"enemies":"Cultist","floor":7.0,"turns":3.0},{"damage":0.0,"enemies":"Lagavulin","floor":10.0,"turns":7.0},{"damage":1.0,"enemies":"Jaw Worm","floor":13.0,"turns":3.0},{"damage":24.0,"enemies":"Gremlin Nob","floor":14.0,"turns":5.0},{"damage":24.0,"enemies":"The Guardian","floor":16.0,"turns":9.0},{"damage":11.0,"enemies":"Chosen","floor":18.0,"turns":4.0},{"damage":13.0,"enemies":"3 Byrds","floor":21.0,"turns":5.0},{"damage":0.0,"enemies":"Centurion and Healer","floor":22.0,"turns":5.0},{"damage":49.0,"enemies":"Gremlin Leader","floor":24.0,"turns":5.0},{"damage":16.0,"enemies":"Slavers","floor":27.0,"turns":5.0},{"damage":12.0,"enemies":"Sentry and Sphere","floor":29.0,"turns":4.0},{"damage":10.0,"enemies":"Snake Plant","floor":31.0,"turns":3.0},{"damage":32.0,"enemies":"Collector","floor":33.0,"turns":6.0},{"damage":7.0,"enemies":"Orb Walker","floor":35.0,"turns":3.0},{"damage":10.0,"enemies":"3 Darklings","floor":37.0,"turns":5.0},{"damage":23.0,"enemies":"Jaw Worm Horde","floor":39.0,"turns":4.0},{"damage":33,"enemies":"Nemesis","floor":40,"turns":7},{"damage":7,"enemies":"Writhing Mass","floor":42,"turns":5},{"damage":14,"enemies":"Giant Head","floor":46,"turns":6},{"damage":0,"enemies":"3 Darklings","floor":48,"turns":3},{"damage":25,"enemies":"Donu and Deca","floor":50,"turns":6}],"seed_played":"-511760036595868633","potions_obtained":[{"floor":6.0,"key":"Regen Potion"},{"floor":7.0,"key":"SpeedPotion"},{"floor":13.0,"key":"Energy Potion"},{"floor":16.0,"key":"DistilledChaos"},{"floor":18.0,"key":"DeathKnight:RimePotion"},{"floor":22.0,"key":"LiquidMemories"},{"floor":24.0,"key":"DistilledChaos"},{"floor":27.0,"key":"Explosive Potion"},{"floor":29.0,"key":"DeathKnight:RimePotion"},{"floor":31.0,"key":"DeathKnight:RimePotion"},{"floor":33.0,"key":"Explosive Potion"},{"floor":35.0,"key":"AttackPotion"},{"floor":37.0,"key":"Weak Potion"},{"floor":39.0,"key":"EssenceOfSteel"},{"floor":40,"key":"DeathKnight:PlagueVial"},{"floor":42,"key":"Dexterity Potion"},{"floor":46,"key":"DeathKnight:BottledBloodEchoes"},{"floor":48,"key":"SpeedPotion"}],"is_trial":false,"path_per_floor":["M","?","$","T","$","E","M","R","T","E","$","R","M","E","R","B",null,"M","$","?","M","M","R","E","R","T","E","?","M","?","M","R","B",null,"M","?","M","?","M","E","R","M","T","R","$","E","R","M","R","B",null],"character_chosen":"DEATH_KNIGHT","items_purchased":["OrangePellets","DeathKnight:Pestilence","TH:HealthInsurance","Anchor","PreservedInsect"],"campfire_rested":0,"item_purchase_floors":[3,11,19,45,45],"current_hp_per_floor":[73,73,73,73,73,56,56,56,56,71,71,71,70,46,46,22,75,64,64,64,62,62,62,20,20,20,44,44,41,41,40,58,46,75,68,58,59,50,47,44,68,67,73,87,87,87,101,101,101,76],"gold":138,"neow_bonus":"BOSS_RELIC","is_daily":false,"chose_seed":false,"campfire_upgraded":7,"win_rate":0.0,"timestamp":1607774520,"path_taken":["M","?","$","?","?","E","M","R","T","E","$","R","?","E","R","BOSS","M","?","?","M","M","R","E","R","T","E","?","M","?","M","R","BOSS","M","?","M","?","M","E","R","?","T","R","?","E","R","M","R","BOSS"],"items_purchased_type":["Relic","Card","Relic","Relic","Relic"],"build_version":"2020-11-30","purchased_purges":0,"victory":true,"max_hp_per_floor":[75,75,75,75,75,75,75,75,75,75,75,75,75,75,75,75,75,75,75,75,75,75,75,75,75,75,75,75,75,75,75,75,75,75,75,75,75,75,75,75,75,81,87,87,87,101,101,101,101,101],"card_choices":[{"not_picked":["DeathKnight:RuneShock","DeathKnight:Ossuary"],"picked":"DeathKnight:DeathStrike","floor":1.0},{"not_picked":["TH:BikiniMail"],"picked":"TH:TreasureMap","floor":4.0},{"not_picked":["TH:CopperCoins"],"picked":"TH:CursedSword","floor":6.0},{"not_picked":["DeathKnight:RunicCorruption","DeathKnight:ThirstingStrike"],"picked":"DeathKnight:PlagueStrike","floor":6.0},{"not_picked":["DeathKnight:BloodTap","DeathKnight:BoneSpear"],"picked":"DeathKnight:UnholyPresence","floor":7.0},{"not_picked":["TH:EnergyPotion"],"picked":"TH:DeckOfManyThings","floor":9.0},{"not_picked":["TH:CursedSword"],"picked":"TH:ElvenBoots","floor":10.0},{"not_picked":["DeathKnight:Hysteria","DeathKnight:PillarOfFrost"],"picked":"DeathKnight:VampiricBlood","floor":10.0},{"not_picked":["DeathKnight:ThirstingStrike","DeathKnight:Parry"],"picked":"DeathKnight:BloodBoil","floor":13.0},{"not_picked":["TH:EnergyPotion"],"picked":"TH:Mimic","floor":14.0},{"not_picked":["DeathKnight:BoneSpear","DeathKnight:UnholyPresence","DeathKnight:Rot"],"picked":"SKIP","floor":14.0},{"not_picked":["TH:CopperCoins"],"picked":"TH:ArmorSpikes","floor":16.0},{"not_picked":["DeathKnight:ReapingStrike","DeathKnight:BoneStorm"],"picked":"DeathKnight:Simulacrum","floor":16.0},{"not_picked":["DeathKnight:BladedArmor","DeathKnight:HartStrike"],"picked":"DeathKnight:DarkSuccor","floor":18.0},{"not_picked":["DeathKnight:Hemostasis+1","DeathKnight:BoneSpear"],"picked":"DeathKnight:Hysteria+1","floor":21.0},{"not_picked":["DeathKnight:DeathStrike","DeathKnight:RaiseAlly+1","DeathKnight:Parry"],"picked":"SKIP","floor":22.0},{"not_picked":["TH:CopperCoins"],"picked":"TH:CursedSword","floor":24.0},{"not_picked":["DeathKnight:RaiseAlly","DeathKnight:FesteringStrike"],"picked":"DeathKnight:UnholyAssault","floor":24.0},{"not_picked":["TH:CopperCoins"],"picked":"TH:ElvenBoots","floor":26.0},{"not_picked":["TH:BikiniMail"],"picked":"TH:CopperCoins","floor":27.0},{"not_picked":["DeathKnight:MutagenicPlague","DeathKnight:FrosPresence"],"picked":"DeathKnight:SindragosasBreath","floor":27.0},{"not_picked":["DeathKnight:DeathsAdvance","DeathKnight:DeathGrip","DeathKnight:Lichborne"],"picked":"SKIP","floor":29.0},{"not_picked":["DeathKnight:MutagenicPlague+1","DeathKnight:UnholyFrenzy"],"picked":"DeathKnight:Pestilence","floor":31.0},{"not_picked":["TH:ElvenBoots"],"picked":"TH:CursedSword","floor":33.0},{"not_picked":["DeathKnight:RunicDetonation","DeathKnight:SindragosasBreath"],"picked":"DeathKnight:Simulacrum","floor":33.0},{"not_picked":["DeathKnight:BoneSpear","DeathKnight:DeathCoil+1"],"picked":"DeathKnight:MindFreeze+1","floor":35.0},{"not_picked":["Metamorphosis","Forethought"],"picked":"Good Instincts","floor":36.0},{"not_picked":["Dark Shackles","Madness"],"picked":"Flash of Steel","floor":36.0},{"not_picked":["Impatience","The Bomb"],"picked":"Flash of Steel","floor":36.0},{"not_picked":["DeathKnight:MutagenicPlague+1","DeathKnight:BoneSpear+1","DeathKnight:DeathGrip+1"],"picked":"SKIP","floor":37.0},{"not_picked":["DeathKnight:Culling","DeathKnight:DeathStrike"],"picked":"DeathKnight:GargoyleSkin+1","floor":39.0},{"not_picked":["TH:BikiniMail"],"picked":"TH:CursedSword","floor":40},{"not_picked":["DeathKnight:Hysteria+1","DeathKnight:BloodTap"],"picked":"DeathKnight:Frostscythe","floor":40},{"not_picked":["DeathKnight:UnholyPresence","DeathKnight:HornOfWinter+1"],"picked":"DeathKnight:AntiMagicShell+1","floor":42},{"not_picked":["TH:DeckOfManyThings"],"picked":"TH:TreasureMap","floor":43},{"not_picked":["TH:PixieDust"],"picked":"TH:CursedSword","floor":46},{"not_picked":["DeathKnight:DeathCoil+1","DeathKnight:Ossuary+1"],"picked":"DeathKnight:PlagueStrike","floor":46},{"not_picked":["DeathKnight:ShatteringStrikes","DeathKnight:ThirstingStrike","DeathKnight:FrostStrike+1"],"picked":"SKIP","floor":48}],"player_experience":1737693,"relics_obtained":[{"floor":4.0,"key":"HornCleat"},{"floor":6.0,"key":"The Courier"},{"floor":9.0,"key":"Darkstone Periapt"},{"floor":10.0,"key":"Nunchaku"},{"floor":14.0,"key":"White Beast Statue"},{"floor":24.0,"key":"Girya"},{"floor":26.0,"key":"Eternal Feather"},{"floor":27.0,"key":"Art of War"},{"floor":40,"key":"Orichalcum"},{"floor":43,"key":"Mercury Hourglass"},{"floor":46,"key":"Mango"}],"event_choices":[{"cards_removed":["DeathKnight:DeathStrike"],"damage_healed":0.0,"max_hp_gain":0.0,"max_hp_loss":0.0,"gold_gain":0.0,"event_name":"WeMeetAgain","player_choice":"Gave Card","floor":2.0,"gold_loss":0.0,"damage_taken":0.0,"relics_obtained":["Blue Candle"]},{"damage_healed":0.0,"max_hp_gain":0.0,"max_hp_loss":0.0,"gold_gain":0.0,"event_name":"Ghosts","player_choice":"Ignored","floor":20.0,"gold_loss":0.0,"damage_taken":0.0},{"damage_healed":0.0,"max_hp_gain":0.0,"max_hp_loss":0.0,"gold_gain":0.0,"event_name":"The Library","player_choice":"Read","floor":28.0,"gold_loss":0.0,"damage_taken":0.0,"cards_obtained":["DeathKnight:DarkSuccor"]},{"damage_healed":0.0,"max_hp_gain":0.0,"max_hp_loss":0.0,"gold_gain":0.0,"event_name":"N\u0027loth","player_choice":"Ignored","floor":30.0,"gold_loss":0.0,"damage_taken":0.0},{"damage_healed":0.0,"max_hp_gain":0.0,"max_hp_loss":0.0,"gold_gain":0.0,"event_name":"SensoryStone","player_choice":"Memory 3","floor":36.0,"gold_loss":0.0,"damage_taken":10.0},{"damage_healed":0.0,"max_hp_gain":0.0,"max_hp_loss":0.0,"gold_gain":0.0,"event_name":"Winding Halls","player_choice":"Embrace Madness","floor":38.0,"gold_loss":0.0,"damage_taken":9.0,"cards_obtained":["Madness","Madness"]}],"is_beta":false,"boss_relics":[{"not_picked":["Snecko Eye","Tiny House"],"picked":"DeathKnight:Shadowmourne"},{"not_picked":["Velvet Choker","Pandora\u0027s Box"],"picked":"Cursed Key"}],"items_purged_floors":[],"is_endless":false,"potions_floor_spawned":[6,7,13,16,18,21,22,24,27,29,31,33,35,37,39,40,42,46,48],"ascension_level":0}}