{"host":"kw4o7b3ro2ktmmbe","time":1607780559,"event":{"mods":["BaseMod","Minty Spire (QoL Compilation)","StSLib","The Death Knight","Treasure Hunter"],"gold_per_floor":[114,114,114,134,234,234,247,247,295,295,320,320,354,16,16,119,119,133,143,170,170,189,218,218,218,245,258,284,296,327,182,182,269,269,283,333,32,32,32,57,57,62,132,111,111,132,146,146,146,131],"floor_reached":51,"playtime":5450,"items_purged":[],"score":967,"play_id":"374120b7-c555-4474-a73e-daa69d1aad0c","local_time":"20201213024239","is_ascension_mode":true,"campfire_choices":[{"data":"DeathKnight:RuneTap","floor":6.0,"key":"SMITH"},{"data":"DeathKnight:WraithWalk","floor":8.0,"key":"SMITH"},{"data":"TH:ElvenBoots","floor":10.0,"key":"SMITH"},{"data":"TH:Mimic","floor":12.0,"key":"SMITH"},{"floor":15.0,"key":"REST"},{"floor":24.0,"key":"REST"},{"data":"DeathKnight:DancingRuneblade","floor":32.0,"key":"SMITH"},{"data":"DeathKnight:Defile","floor":45,"key":"SMITH"},{"data":"DeathKnight:DarkSuccor","floor":49,"key":"SMITH"}],"circlet_count":0,"master_deck":["DeathKnight:Strike_DeathKnight","DeathKnight:Strike_DeathKnight","DeathKnight:Strike_DeathKnight+1","DeathKnight:Strike_DeathKnight","DeathKnight:Strike_DeathKnight","DeathKnight:Defend_DeathKnight","DeathKnight:Defend_DeathKnight+1","DeathKnight:Defend_DeathKnight+1","DeathKnight:Defend_DeathKnight","DeathKnight:Defend_DeathKnight","DeathKnight:RuneTap+1","DeathKnight:RuneStrike","DeathKnight:BloodBoil+1","DeathKnight:WraithWalk+1","TH:ElvenBoots+1","TH:Mimic+1","TH:CopperCoins","DeathKnight:DancingRuneblade+1","DeathKnight:PlagueStrike","TH:ElvenBoots","DeathKnight:Frostscythe","DeathKnight:PathOfFrost+1","DeathKnight:Hysteria+1","TH:TreasureMap","DeathKnight:Hemostasis+1","TH:CursedSword","DeathKnight:WraithWalk","TH:CursedSword","DeathKnight:GargoyleSkin+1","TH:ElvenBoots","DeathKnight:Defile+1","TH:ElvenBoots","DeathKnight:Pestilence","TH:TreasureMap","DeathKnight:Simulacrum","DeathKnight:Hysteria+1","Madness","Madness","TH:ElvenBoots","DeathKnight:Defile","DeathKnight:FoulBulwark+1","TH:CursedSword","TH:CopperCoins","TH:TreasureMap","DeathKnight:UnholyAssault+1","TH:CursedSword","DeathKnight:DarkSuccor+1"],"relics":["SacredBark","DeathKnight:PreciousRibbon","DeathKnight:SylvanasMusicBox","Medical Kit","Blood Vial","DeathKnight:Shadowmourne","Strawberry","Mummified Hand","Nloth\u0027s Gift","MealTicket","Lantern","Vajra","TH:HealthInsurance","Black Star","Thread and Needle","TungstenRod","Bronze Scales","War Paint","Pen Nib","Ornamental Fan","InkBottle","Pantograph","Incense Burner","Eternal Feather","Akabeko"],"acts_visited":["Exordium","TheCity","TheBeyond"],"potions_floor_usage":[36,36,44,44,50,50],"damage_taken":[{"damage":2.0,"enemies":"Small Slimes","floor":1.0,"turns":4.0},{"damage":0.0,"enemies":"2 Louse","floor":4.0,"turns":3.0},{"damage":4.0,"enemies":"Cultist","floor":7.0,"turns":3.0},{"damage":11.0,"enemies":"Gremlin Nob","floor":11.0,"turns":4.0},{"damage":5.0,"enemies":"Lagavulin","floor":13.0,"turns":7.0},{"damage":13.0,"enemies":"Hexaghost","floor":16.0,"turns":10.0},{"damage":19.0,"enemies":"Shell Parasite","floor":18.0,"turns":4.0},{"damage":21.0,"enemies":"Spheric Guardian","floor":19.0,"turns":4.0},{"damage":6.0,"enemies":"Centurion and Healer","floor":22.0,"turns":5.0},{"damage":12.0,"enemies":"Book of Stabbing","floor":23.0,"turns":5.0},{"damage":6.0,"enemies":"Shelled Parasite and Fungi","floor":27.0,"turns":6.0},{"damage":22.0,"enemies":"Slavers","floor":28.0,"turns":7.0},{"damage":5.0,"enemies":"Snecko","floor":29.0,"turns":6.0},{"damage":4.0,"enemies":"Book of Stabbing","floor":30.0,"turns":4.0},{"damage":32.0,"enemies":"Automaton","floor":33.0,"turns":7.0},{"damage":23.0,"enemies":"3 Darklings","floor":35.0,"turns":4.0},{"damage":7,"enemies":"2 Orb Walkers","floor":36,"turns":4},{"damage":51,"enemies":"Giant Head","floor":40,"turns":8},{"damage":5,"enemies":"Orb Walker","floor":41,"turns":4},{"damage":46,"enemies":"Nemesis","floor":42,"turns":7},{"damage":72,"enemies":"Reptomancer","floor":44,"turns":7},{"damage":4,"enemies":"Transient","floor":46,"turns":5},{"damage":13,"enemies":"Giant Head","floor":47,"turns":6},{"damage":42,"enemies":"Awakened One","floor":50,"turns":9}],"seed_played":"-4878684188647024262","potions_obtained":[{"floor":7.0,"key":"Block Potion"},{"floor":11.0,"key":"Swift Potion"},{"floor":19.0,"key":"Energy Potion"},{"floor":28.0,"key":"FearPotion"},{"floor":29.0,"key":"Swift Potion"},{"floor":30.0,"key":"DeathKnight:PlagueVial"},{"floor":33.0,"key":"Dexterity Potion"},{"floor":35.0,"key":"DeathKnight:RimePotion"},{"floor":41,"key":"DeathKnight:RunicPotion"},{"floor":42,"key":"DeathKnight:RunicPotion"},{"floor":47,"key":"Strength Potion"}],"is_trial":false,"path_per_floor":["M","?","?","M","?","R","M","R","T","R","E","R","E","$","R","B",null,"M","M","T","?","M","E","R","?","T","M","E","M","E","$","R","B",null,"M","?","$","?","$","E","M","E","T","E","R","M","E","$","R","B",null],"character_chosen":"DEATH_KNIGHT","items_purchased":["Medical Kit","Blood Vial","DeathKnight:DancingRuneblade","TH:HealthInsurance","TungstenRod"],"campfire_rested":2,"item_purchase_floors":[14,14,14,31,37],"current_hp_per_floor":[73,58,58,58,58,58,54,54,54,54,43,43,38,38,60,49,75,56,37,44,44,40,30,54,54,54,50,30,27,25,40,40,40,82,59,54,69,60,75,41,61,39,39,45,45,43,46,61,82,55],"gold":131,"neow_bonus":"BOSS_RELIC","is_daily":false,"chose_seed":false,"campfire_upgraded":7,"win_rate":0.0,"timestamp":1607780559,"path_taken":["M","?","?","M","?","R","M","R","T","R","E","R","E","$","R","BOSS","M","M","?","?","?","E","R","?","T","M","E","M","E","?","R","BOSS","M","?","$","?","$","E","M","E","T","E","R","M","E","?","R","BOSS"],"items_purchased_type":["Relic","Relic","Card","Relic","Relic"],"build_version":"2020-11-30","purchased_purges":0,"victory":true,"max_hp_per_floor":[75,75,75,75,75,75,75,75,75,75,75,75,75,75,75,75,75,75,75,82,82,82,82,82,82,82,82,82,82,82,82,82,82,82,82,82,82,82,82,82,82,82,82,82,82,82,82,82,82,82],"card_choices":[{"not_picked":["DeathKnight:BludPresence","DeathKnight:BoneShield"],"picked":"DeathKnight:BloodBoil","floor":1.0},{"not_picked":["DeathKnight:MindFreeze","DeathKnight:BoneSpear","DeathKnight:PathOfFrost"],"picked":"SKIP","floor":4.0},{"not_picked":["DeathKnight:HornOfWinter","DeathKnight:DeathsAdvance"],"picked":"DeathKnight:WraithWalk","floor":7.0},{"not_picked":["TH:Mimic"],"picked":"TH:ElvenBoots","floor":9.0},{"not_picked":["TH:EnergyPotion"],"picked":"TH:Mimic","floor":11.0},{"not_picked":["DeathKnight:Runeguard","DeathKnight:DreadStrike","DeathKnight:ThirstingStrike"],"picked":"SKIP","floor":11.0},{"not_picked":["TH:EnergyPotion"],"picked":"TH:CopperCoins","floor":13.0},{"not_picked":["DeathKnight:BoneSpear","DeathKnight:IcyTouch","DeathKnight:Lichborne"],"picked":"SKIP","floor":13.0},{"not_picked":["DeathKnight:ShatteringStrikes","DeathKnight:Outbreak"],"picked":"DeathKnight:PlagueStrike","floor":15.0},{"not_picked":["TH:CopperCoins"],"picked":"TH:ElvenBoots","floor":16.0},{"not_picked":["DeathKnight:SindragosasBreath","DeathKnight:ReapingStrike"],"picked":"DeathKnight:Frostscythe","floor":16.0},{"not_picked":["DeathKnight:BoneSpear","DeathKnight:HartStrike"],"picked":"DeathKnight:PathOfFrost+1","floor":18.0},{"not_picked":["DeathKnight:IceboundArmor","DeathKnight:MindFreeze+1"],"picked":"DeathKnight:Hysteria+1","floor":19.0},{"not_picked":["TH:BikiniMail"],"picked":"TH:TreasureMap","floor":20.0},{"not_picked":["DeathKnight:DeathGrip+1","DeathKnight:VampiricBlood"],"picked":"DeathKnight:Hemostasis+1","floor":22.0},{"not_picked":["TH:DeckOfManyThings"],"picked":"TH:CursedSword","floor":23.0},{"not_picked":["DeathKnight:IcyTouch+1","DeathKnight:BloodStrike","DeathKnight:FrostStrike"],"picked":"SKIP","floor":23.0},{"not_picked":["DeathKnight:BloodStrike","DeathKnight:MindFreeze"],"picked":"DeathKnight:WraithWalk","floor":24.0},{"not_picked":["TH:TreasureMap"],"picked":"TH:CursedSword","floor":26.0},{"not_picked":["DeathKnight:DeathRune","DeathKnight:BloodPact+1"],"picked":"DeathKnight:GargoyleSkin+1","floor":27.0},{"not_picked":["TH:BikiniMail"],"picked":"TH:ElvenBoots","floor":28.0},{"not_picked":["DeathKnight:ReapingStrike","DeathKnight:WraithWalk"],"picked":"DeathKnight:Defile","floor":28.0},{"not_picked":["DeathKnight:BloodBoil","DeathKnight:Culling","DeathKnight:RaiseAlly"],"picked":"SKIP","floor":29.0},{"not_picked":["TH:PixieDust"],"picked":"TH:ElvenBoots","floor":30.0},{"not_picked":["DeathKnight:UnholyFrenzy","DeathKnight:FrosPresence"],"picked":"DeathKnight:Pestilence","floor":30.0},{"not_picked":["TH:EnergyPotion"],"picked":"TH:TreasureMap","floor":33.0},{"not_picked":["DeathKnight:ArmyOfTheDead","DeathKnight:ReapingStrike"],"picked":"DeathKnight:Simulacrum","floor":33.0},{"not_picked":["DeathKnight:Ossuary","DeathKnight:Rot+1","DeathKnight:RaiseAlly+1"],"picked":"SKIP","floor":35.0},{"not_picked":["DeathKnight:PlagueStrike+1","DeathKnight:FesteringStrike"],"picked":"DeathKnight:Hysteria+1","floor":36},{"not_picked":["TH:PixieDust"],"picked":"TH:ElvenBoots","floor":40},{"not_picked":["DeathKnight:Ossuary","DeathKnight:Hemostasis"],"picked":"DeathKnight:Defile","floor":40},{"not_picked":["DeathKnight:Culling+1","DeathKnight:Hemostasis"],"picked":"DeathKnight:FoulBulwark+1","floor":41},{"not_picked":["TH:BikiniMail"],"picked":"TH:CursedSword","floor":42},{"not_picked":["DeathKnight:ScourgeStrike+1","DeathKnight:PillarOfFrost","DeathKnight:Runeguard"],"picked":"SKIP","floor":42},{"not_picked":["TH:EnergyPotion"],"picked":"TH:CopperCoins","floor":43},{"not_picked":["TH:CopperCoins"],"picked":"TH:TreasureMap","floor":44},{"not_picked":["DeathKnight:BloodEchoes","DeathKnight:BoneSpear"],"picked":"DeathKnight:UnholyAssault+1","floor":44},{"not_picked":["DeathKnight:BoneStorm","DeathKnight:DeathStrike","DeathKnight:FesteringStrike"],"picked":"SKIP","floor":46},{"not_picked":["TH:ElvenBoots"],"picked":"TH:CursedSword","floor":47},{"not_picked":["DeathKnight:ScourgeStrike+1","DeathKnight:IceboundArmor"],"picked":"DeathKnight:DarkSuccor","floor":47}],"player_experience":1756856,"relics_obtained":[{"floor":9.0,"key":"Dream Catcher"},{"floor":11.0,"key":"DeathKnight:PreciousRibbon"},{"floor":13.0,"key":"DeathKnight:SylvanasMusicBox"},{"floor":20.0,"key":"Strawberry"},{"floor":23.0,"key":"Mummified Hand"},{"floor":26.0,"key":"MealTicket"},{"floor":28.0,"key":"Lantern"},{"floor":30.0,"key":"Vajra"},{"floor":36,"key":"Thread and Needle"},{"floor":40,"key":"Bronze Scales"},{"floor":40,"key":"War Paint"},{"floor":42,"key":"Pen Nib"},{"floor":42,"key":"Ornamental Fan"},{"floor":43,"key":"InkBottle"},{"floor":44,"key":"Pantograph"},{"floor":44,"key":"Incense Burner"},{"floor":47,"key":"Eternal Feather"},{"floor":47,"key":"Akabeko"}],"event_choices":[{"damage_healed":0.0,"max_hp_gain":0.0,"max_hp_loss":0.0,"gold_gain":0.0,"event_name":"Shining Light","player_choice":"Entered Light","floor":2.0,"gold_loss":0.0,"damage_taken":15.0,"cards_upgraded":["DeathKnight:BloodBoil","DeathKnight:Strike_DeathKnight"]},{"damage_healed":0.0,"max_hp_gain":0.0,"max_hp_loss":0.0,"gold_gain":0.0,"event_name":"Liars Game","player_choice":"Ignored","floor":3.0,"gold_loss":0.0,"damage_taken":0.0},{"damage_healed":0.0,"max_hp_gain":0.0,"max_hp_loss":0.0,"gold_gain":100.0,"event_name":"Golden Shrine","player_choice":"Pray","floor":5.0,"gold_loss":0.0,"damage_taken":0.0},{"damage_healed":0.0,"max_hp_gain":0.0,"max_hp_loss":0.0,"gold_gain":0.0,"event_name":"Ghosts","player_choice":"Ignored","floor":21.0,"gold_loss":0.0,"damage_taken":0.0},{"damage_healed":0.0,"max_hp_gain":0.0,"max_hp_loss":0.0,"gold_gain":0.0,"event_name":"N\u0027loth","player_choice":"Traded Relic","floor":25.0,"relics_lost":["Dream Catcher"],"gold_loss":0.0,"damage_taken":0.0,"relics_obtained":["Nloth\u0027s Gift"]},{"damage_healed":0,"gold_gain":0,"player_choice":"Fight","damage_taken":0,"max_hp_gain":0,"max_hp_loss":0,"event_name":"Mysterious Sphere","floor":36,"gold_loss":0},{"damage_healed":0,"gold_gain":0,"player_choice":"Embrace Madness","damage_taken":10,"max_hp_gain":0,"max_hp_loss":0,"event_name":"Winding Halls","floor":38,"gold_loss":0,"cards_obtained":["Madness","Madness"]}],"is_beta":false,"boss_relics":[{"not_picked":["Pandora\u0027s Box","Calling Bell"],"picked":"DeathKnight:Shadowmourne"},{"not_picked":["Snecko Eye","Astrolabe"],"picked":"Black Star"}],"items_purged_floors":[],"is_endless":false,"potions_floor_spawned":[7,11,19,28,29,30,33,35,41,42,47],"ascension_level":1}}