{"host":"ilxricga2547gmyy","time":1607779880,"event":{"mods":["AchievementEnabler","BaseMod","Minty Spire (QoL Compilation)","Quick Restart","StSLib"],"gold_per_floor":[111,129,129,146,146,146,178,178,178,207,235,13,41,71,71,176,176,189,189,208,222,222,248,248,267,267,302,320,320,333,359,359,461,461,475,492,492,511,205,205,235,253,253,253,266,266,277,307,307,307,307],"floor_reached":50,"playtime":1924,"items_purged":["Strike_R"],"score":877,"play_id":"04fa6600-8a47-4e31-ad8b-cf7f0cdbb2d8","local_time":"20201212143120","is_ascension_mode":true,"campfire_choices":[{"data":"Armaments","floor":6,"key":"SMITH"},{"data":"Fiend Fire","floor":8,"key":"SMITH"},{"data":"Inflame","floor":15,"key":"SMITH"},{"data":"Limit Break","floor":29,"key":"SMITH"},{"data":"Offering","floor":32,"key":"SMITH"},{"floor":40,"key":"RECALL"},{"data":"Spot Weakness","floor":44,"key":"SMITH"},{"data":"Battle Trance","floor":46,"key":"SMITH"},{"data":"Burning Pact","floor":49,"key":"SMITH"}],"circlet_count":0,"master_deck":["Strike_R","Strike_R","Strike_R","Strike_R","Defend_R","Defend_R","Defend_R","Defend_R","Bash","Armaments+1","Shrug It Off","Burning Pact+1","Fiend Fire+1","Dark Embrace","Sever Soul","Inflame+1","Power Through","Limit Break+1","CurseOfTheBell","Battle Trance+1","Offering+1","RitualDagger","Shockwave","Sentinel+1","Battle Trance+1","Offering+1","Rupture+1","Spot Weakness+1","Warcry+1","Pummel+1","Clothesline+1"],"relics":["Coffee Dripper","Eternal Feather","Paper Frog","Pear","Mummified Hand","Odd Mushroom","Pen Nib","Bottled Tornado","Calling Bell","PreservedInsect","Self Forming Clay","Ginger","MutagenicStrength","Meat on the Bone","Shuriken","Mango","Vajra","Philosopher\u0027s Stone","TheAbacus","Champion Belt","Blue Candle"],"acts_visited":["Exordium","TheCity","TheBeyond"],"potions_floor_usage":[7,31,35,50],"damage_taken":[{"damage":0,"enemies":"Small Slimes","floor":1,"turns":3},{"damage":2,"enemies":"2 Louse","floor":2,"turns":3},{"damage":0,"enemies":"Jaw Worm","floor":4,"turns":3},{"damage":10,"enemies":"Gremlin Nob","floor":7,"turns":4},{"damage":11,"enemies":"3 Sentries","floor":10,"turns":9},{"damage":26,"enemies":"The Mushroom Lair","floor":11,"turns":6},{"damage":10,"enemies":"Lagavulin","floor":13,"turns":5},{"damage":0,"enemies":"Slime Boss","floor":16,"turns":3},{"damage":27,"enemies":"2 Thieves","floor":18,"turns":3},{"damage":2,"enemies":"Chosen","floor":20,"turns":2},{"damage":11,"enemies":"Snake Plant","floor":21,"turns":3},{"damage":6,"enemies":"Gremlin Leader","floor":23,"turns":3},{"damage":6,"enemies":"Cultist and Chosen","floor":25,"turns":2},{"damage":16,"enemies":"Book of Stabbing","floor":27,"turns":2},{"damage":25,"enemies":"Sentry and Sphere","floor":28,"turns":5},{"damage":6,"enemies":"3 Cultists","floor":30,"turns":4},{"damage":18,"enemies":"Gremlin Leader","floor":31,"turns":3},{"damage":7,"enemies":"Collector","floor":33,"turns":4},{"damage":9,"enemies":"3 Shapes","floor":35,"turns":2},{"damage":12,"enemies":"Orb Walker","floor":36,"turns":2},{"damage":12,"enemies":"Sphere and 2 Shapes","floor":38,"turns":3},{"damage":1,"enemies":"Nemesis","floor":41,"turns":3},{"damage":49,"enemies":"Writhing Mass","floor":42,"turns":4},{"damage":8,"enemies":"3 Darklings","floor":45,"turns":4},{"damage":6,"enemies":"Spire Growth","floor":47,"turns":1},{"damage":22,"enemies":"Giant Head","floor":48,"turns":3},{"damage":76,"enemies":"Time Eater","floor":50,"turns":5}],"seed_played":"2785990336971982988","potions_obtained":[{"floor":2,"key":"HeartOfIron"},{"floor":4,"key":"Dexterity Potion"},{"floor":11,"key":"ColorlessPotion"},{"floor":13,"key":"Strength Potion"},{"floor":16,"key":"Dexterity Potion"},{"floor":18,"key":"DuplicationPotion"},{"floor":27,"key":"Block Potion"},{"floor":33,"key":"DistilledChaos"},{"floor":38,"key":"GamblersBrew"},{"floor":47,"key":"BlessingOfTheForge"}],"is_trial":false,"path_per_floor":["M","M","$","M","?","R","E","R","T","E","?","$","E","?","R","B",null,"M","?","M","M","?","E","?","M","T","E","M","R","M","E","R","B",null,"M","M","?","M","$","R","E","M","T","R","M","R","M","E","R","B"],"character_chosen":"IRONCLAD","items_purchased":["Pen Nib","Inflame","TheAbacus","Spot Weakness"],"campfire_rested":0,"item_purchase_floors":[12,12,39,39],"current_hp_per_floor":[72,70,70,70,63,69,59,65,75,64,38,38,28,28,37,37,77,50,80,78,67,67,61,55,49,49,59,46,61,55,49,64,57,92,83,71,71,59,59,74,73,36,36,51,55,73,67,57,75,0,0],"gold":307,"neow_bonus":"BOSS_RELIC","is_daily":false,"chose_seed":false,"campfire_upgraded":8,"win_rate":0.0,"timestamp":1607779880,"path_taken":["M","M","$","M","?","R","E","R","T","E","?","$","E","?","R","BOSS","M","?","M","M","?","E","?","M","T","E","M","R","?","E","R","BOSS","M","M","?","M","$","R","E","M","T","R","?","R","M","E","R","BOSS"],"items_purchased_type":["Relic","Card","Relic","Card"],"build_version":"2020-11-30","purchased_purges":1,"victory":false,"max_hp_per_floor":[80,80,80,80,80,80,80,80,90,90,90,90,90,90,90,90,90,90,90,90,90,90,90,90,90,90,104,104,104,104,104,104,104,104,104,104,104,104,104,104,104,104,104,104,104,104,104,104,104,104,104],"card_choices":[{"not_picked":["Sword Boomerang","Perfected Strike"],"picked":"Armaments","floor":1},{"not_picked":["Flex","Iron Wave"],"picked":"Shrug It Off","floor":2},{"not_picked":["Wild Strike","Reckless Charge"],"picked":"Burning Pact","floor":4},{"not_picked":["Wild Strike","Heavy Blade"],"picked":"Fiend Fire","floor":7},{"not_picked":["True Grit","Searing Blow"],"picked":"Dark Embrace","floor":10},{"not_picked":["Perfected Strike","Power Through"],"picked":"Sever Soul","floor":11},{"not_picked":["True Grit","Perfected Strike"],"picked":"Power Through","floor":13},{"not_picked":["Exhume","Demon Form"],"picked":"Limit Break","floor":16},{"not_picked":["Entrench+1","Headbutt"],"picked":"Battle Trance+1","floor":18},{"not_picked":["Rampage","Headbutt","Wild Strike"],"picked":"SKIP","floor":20},{"not_picked":["Perfected Strike","Body Slam+1"],"picked":"Offering","floor":21},{"not_picked":["Sword Boomerang","True Grit","Impervious"],"picked":"SKIP","floor":23},{"not_picked":["Metallicize+1","Cleave"],"picked":"Shockwave","floor":25},{"not_picked":["Sword Boomerang","Wild Strike","Infernal Blade"],"picked":"SKIP","floor":27},{"not_picked":["Wild Strike","Havoc"],"picked":"Sentinel+1","floor":28},{"not_picked":["Headbutt+1","Wild Strike"],"picked":"Battle Trance","floor":30},{"not_picked":["Flex","Warcry","Iron Wave"],"picked":"SKIP","floor":31},{"not_picked":["Bludgeon","Brutality"],"picked":"Offering","floor":33},{"not_picked":["Cleave","Disarm+1","Infernal Blade+1"],"picked":"SKIP","floor":35},{"not_picked":["Evolve","Sword Boomerang+1","True Grit+1"],"picked":"SKIP","floor":36},{"not_picked":["Twin Strike+1","Pommel Strike"],"picked":"Rupture+1","floor":38},{"not_picked":["Flex","Combust","Battle Trance+1"],"picked":"SKIP","floor":41},{"not_picked":["Headbutt","Bloodletting+1"],"picked":"Warcry+1","floor":42},{"not_picked":["Anger","Clash+1"],"picked":"Pummel+1","floor":45},{"not_picked":["Sword Boomerang","Twin Strike+1"],"picked":"Clothesline+1","floor":47},{"not_picked":["Headbutt","Armaments","Burning Pact"],"picked":"SKIP","floor":48}],"player_experience":198716,"relics_obtained":[{"floor":7,"key":"Paper Frog"},{"floor":9,"key":"Pear"},{"floor":10,"key":"Mummified Hand"},{"floor":11,"key":"Odd Mushroom"},{"floor":13,"key":"Bottled Tornado"},{"floor":17,"key":"PreservedInsect"},{"floor":17,"key":"Self Forming Clay"},{"floor":17,"key":"Ginger"},{"floor":23,"key":"Meat on the Bone"},{"floor":26,"key":"Shuriken"},{"floor":27,"key":"Mango"},{"floor":31,"key":"Vajra"},{"floor":41,"key":"Champion Belt"},{"floor":48,"key":"Blue Candle"}],"event_choices":[{"damage_healed":0,"gold_gain":0,"player_choice":"Success","damage_taken":7,"relics_obtained":["Eternal Feather"],"max_hp_gain":0,"max_hp_loss":0,"event_name":"Scrap Ooze","floor":5,"gold_loss":0},{"damage_healed":0,"gold_gain":0,"player_choice":"Fought Mushrooms","damage_taken":0,"max_hp_gain":0,"max_hp_loss":0,"event_name":"Mushrooms","floor":11,"gold_loss":0},{"damage_healed":0,"gold_gain":30,"player_choice":"Searched \u00271\u0027 times","damage_taken":0,"max_hp_gain":0,"max_hp_loss":0,"event_name":"Dead Adventurer","floor":14,"gold_loss":0},{"damage_healed":30,"gold_gain":0,"player_choice":"Heal","damage_taken":0,"max_hp_gain":0,"max_hp_loss":0,"event_name":"The Library","floor":19,"gold_loss":0},{"damage_healed":0,"gold_gain":0,"player_choice":"Inject Mutagens","damage_taken":0,"relics_obtained":["MutagenicStrength"],"max_hp_gain":0,"max_hp_loss":0,"event_name":"Drug Dealer","floor":22,"gold_loss":0},{"damage_healed":0,"gold_gain":0,"player_choice":"Joined the Cult","damage_taken":6,"max_hp_gain":0,"max_hp_loss":0,"event_name":"Nest","floor":24,"gold_loss":0,"cards_obtained":["RitualDagger"]},{"damage_healed":0,"gold_gain":0,"player_choice":"Upgraded","damage_taken":0,"max_hp_gain":0,"max_hp_loss":0,"event_name":"Upgrade Shrine","floor":37,"gold_loss":0,"cards_upgraded":["Offering"]}],"is_beta":false,"boss_relics":[{"not_picked":["Sozu","Velvet Choker"],"picked":"Calling Bell"},{"not_picked":["Fusion Hammer","Astrolabe"],"picked":"Philosopher\u0027s Stone"}],"items_purged_floors":[39],"is_endless":false,"potions_floor_spawned":[2,4,11,13,16,18,20,27,28,33,38,47,48],"killed_by":"Time Eater","ascension_level":6}}