{"host":"d7qmn60fs48wu5y6","time":1607736283,"event":{"mods":["BaseMod","Downfall","Minty Spire (QoL Compilation)","Shade Mod","StSLib","The Cursed","The Servant 0.9.4"],"gold_per_floor":[118,131,148,165,240,274,274,309,309,309,309,342,361,378,378,480,480,464,42,59,59,9,9,80,80,103,113,113,138,188,207,207,303,303,314,334,353,403,403,413,413,413,440,440,455,6,24,34,34,34,34,34,34,34,34],"floor_reached":54,"playtime":2295,"items_purged":["Strike_R","Shrug It Off"],"score":687,"play_id":"eef674be-9f69-40eb-b362-1d95c4654252","local_time":"20201211172443","is_ascension_mode":true,"campfire_choices":[{"data":"Defend_R","floor":7,"key":"SMITH"},{"floor":10,"key":"REST"},{"floor":15,"key":"REST"},{"floor":23,"key":"REST"},{"data":"Barricade","floor":25,"key":"SMITH"},{"data":"Blind","floor":28,"key":"SMITH"},{"floor":32,"key":"REST"},{"floor":41,"key":"REST"},{"floor":44,"key":"RECALL"},{"floor":49,"key":"REST"},{"data":"True Grit","floor":52,"key":"SMITH"}],"circlet_count":0,"master_deck":["Strike_R","Defend_R","Defend_R","Defend_R","Defend_R+1","Bash+1","Clothesline","Spot Weakness","Barricade+1","Twin Strike","Immolate","Rage","Impervious","CurseOfTheBell","Inflame","Entrench+1","Blind+1","Sentinel","Rampage","Uppercut+1","Uppercut+1","Heavy Blade+1","Impervious","True Grit+1","Iron Wave+1","Metallicize","Parasite","Body Slam+1","expansioncontent:Chronoboost","Shrug It Off","Impervious"],"relics":["Black Blood","Blue Candle","Smiling Mask","Letter Opener","Calling Bell","Bronze Scales","Gremlin Horn","WingedGreaves","Pantograph","Molten Egg 2","Potion Belt","MealTicket","Du-Vu Doll","Red Skull","CaptainsWheel"],"acts_visited":["Exordium","TheCity","TheBeyond","TheEnding"],"potions_floor_usage":[6,6,8,12,18,27,31,33,37,40,47,50,50],"damage_taken":[{"damage":6,"enemies":"2 Louse","floor":1,"turns":2},{"damage":3,"enemies":"Small Slimes","floor":2,"turns":4},{"damage":1,"enemies":"Cultist","floor":3,"turns":3},{"damage":6,"enemies":"Exordium Wildlife","floor":4,"turns":4},{"damage":15,"enemies":"Gremlin Nob","floor":6,"turns":4},{"damage":54,"enemies":"Lagavulin","floor":8,"turns":10},{"damage":27,"enemies":"Gremlin Nob","floor":12,"turns":5},{"damage":0,"enemies":"2 Fungi Beasts","floor":13,"turns":2},{"damage":0,"enemies":"Gremlin Gang","floor":14,"turns":1},{"damage":26,"enemies":"Slime Boss","floor":16,"turns":13},{"damage":16,"enemies":"2 Thieves","floor":18,"turns":4},{"damage":19,"enemies":"Shell Parasite","floor":20,"turns":5},{"damage":16,"enemies":"Snecko","floor":27,"turns":6},{"damage":45,"enemies":"Book of Stabbing","floor":29,"turns":7},{"damage":9,"enemies":"Chosen and Byrds","floor":31,"turns":4},{"damage":76,"enemies":"Automaton","floor":33,"turns":16},{"damage":14,"enemies":"3 Darklings","floor":35,"turns":6},{"damage":32,"enemies":"Orb Walker","floor":36,"turns":6},{"damage":36,"enemies":"Jaw Worm Horde","floor":37,"turns":5},{"damage":5,"enemies":"Mind Bloom Boss Battle","floor":38,"turns":12},{"damage":52,"enemies":"Sphere and 2 Shapes","floor":40,"turns":9},{"damage":21,"enemies":"Writhing Mass","floor":45,"turns":9},{"damage":43,"enemies":"Transient","floor":47,"turns":5},{"damage":1,"enemies":"Maw","floor":48,"turns":8},{"damage":57,"enemies":"Awakened One","floor":50,"turns":20},{"damage":81,"enemies":"Shield and Spear","floor":54,"turns":6}],"seed_played":"-4035236056756845978","potions_obtained":[{"floor":2,"key":"PowerPotion"},{"floor":4,"key":"SkillPotion"},{"floor":6,"key":"LiquidBronze"},{"floor":8,"key":"BloodPotion"},{"floor":14,"key":"Block Potion"},{"floor":18,"key":"Dexterity Potion"},{"floor":20,"key":"Dexterity Potion"},{"floor":29,"key":"BlessingOfTheForge"},{"floor":36,"key":"LiquidMemories"},{"floor":38,"key":"Swift Potion"},{"floor":45,"key":"SkillPotion"},{"floor":47,"key":"FearPotion"},{"floor":48,"key":"Block Potion"}],"is_trial":false,"path_per_floor":["M","M","M","M","?","E","R","E","T","R","?","E","M","M","R","B",null,"M","$","M","?","$","R","T","R","T","M","R","E","?","M","R","B",null,"M","M","M","?","?","M","R","?","T","R","M","$","M","M","R","B",null,"R","$","E"],"character_chosen":"IRONCLAD","items_purchased":["Entrench","Blind","Pantograph","CaptainsWheel","expansioncontent:Chronoboost"],"campfire_rested":6,"item_purchase_floors":[19,19,19,46,46],"current_hp_per_floor":[80,80,80,80,69,60,60,12,12,36,36,31,37,43,67,47,80,70,70,57,57,57,80,80,80,80,70,70,31,31,28,52,7,80,78,58,34,66,66,26,50,50,50,50,41,56,25,36,60,35,80,80,80,0,0],"gold":34,"neow_bonus":"UPGRADE_CARD","is_daily":false,"chose_seed":false,"campfire_upgraded":4,"win_rate":0.0,"timestamp":1607736283,"path_taken":["M","M","M","M","?","E","R","E","T","R","?","E","M","?","R","BOSS","M","$","M","?","$","R","?","R","T","M","R","E","?","?","R","BOSS","M","M","M","?","?","M","R","?","T","R","?","$","M","M","R","BOSS","R","$","E"],"items_purchased_type":["Card","Card","Relic","Relic","Card"],"build_version":"2020-11-30","purchased_purges":2,"victory":false,"max_hp_per_floor":[80,80,80,80,80,80,80,80,80,80,80,80,80,80,80,80,80,80,80,80,80,80,80,80,80,80,80,80,80,80,80,80,80,80,80,80,80,80,80,80,80,80,80,80,80,80,80,80,80,80,80,80,80,80,80],"card_choices":[{"not_picked":["Clash","Heavy Blade","Havoc"],"picked":"SKIP","floor":1},{"not_picked":["Pommel Strike","Perfected Strike"],"picked":"Clothesline","floor":2},{"not_picked":["Wild Strike","Headbutt"],"picked":"Spot Weakness","floor":3},{"not_picked":["Hemokinesis","Flex","Havoc"],"picked":"SKIP","floor":4},{"not_picked":["Havoc","Clothesline"],"picked":"Barricade","floor":6},{"not_picked":["Wild Strike","Shockwave"],"picked":"Twin Strike","floor":8},{"not_picked":["Blood for Blood","Perfected Strike"],"picked":"Immolate","floor":12},{"not_picked":["Second Wind","Anger"],"picked":"Shrug It Off","floor":13},{"not_picked":["Clothesline","Reckless Charge"],"picked":"Rage","floor":14},{"not_picked":["Double Tap","Bludgeon"],"picked":"Impervious","floor":16},{"not_picked":["Power Through","Hemokinesis"],"picked":"Inflame","floor":18},{"not_picked":["Combust","Clothesline","Rupture"],"picked":"SKIP","floor":20},{"not_picked":["Intimidate+1","Hemokinesis+1"],"picked":"Uppercut+1","floor":27},{"not_picked":["Searing Blow+1","Pommel Strike+1"],"picked":"Uppercut+1","floor":29},{"not_picked":["Cleave+1","Wild Strike+1"],"picked":"Heavy Blade+1","floor":31},{"not_picked":["Feed+1","Demon Form"],"picked":"Impervious","floor":33},{"not_picked":["Flex","Infernal Blade"],"picked":"True Grit","floor":35},{"not_picked":["Warcry","Twin Strike+1"],"picked":"Iron Wave+1","floor":36},{"not_picked":["Rampage+1","Cleave+1"],"picked":"Metallicize","floor":37},{"not_picked":["Warcry","Second Wind","Sword Boomerang+1"],"picked":"SKIP","floor":40},{"not_picked":["Shrug It Off","Second Wind+1"],"picked":"Body Slam+1","floor":45},{"not_picked":["Uppercut+1","Thunderclap+1"],"picked":"Shrug It Off","floor":47},{"not_picked":["Warcry","Twin Strike+1"],"picked":"Impervious","floor":48}],"player_experience":835733,"relics_obtained":[{"floor":6,"key":"Blue Candle"},{"floor":8,"key":"Smiling Mask"},{"floor":12,"key":"Letter Opener"},{"floor":17,"key":"Bronze Scales"},{"floor":17,"key":"Gremlin Horn"},{"floor":17,"key":"WingedGreaves"},{"floor":24,"key":"Molten Egg 2"},{"floor":26,"key":"Potion Belt"},{"floor":29,"key":"MealTicket"},{"floor":38,"key":"Du-Vu Doll"},{"floor":43,"key":"Red Skull"}],"event_choices":[{"damage_healed":0,"gold_gain":75,"player_choice":"Gather Gold","damage_taken":11,"max_hp_gain":0,"max_hp_loss":0,"event_name":"World of Goop","floor":5,"gold_loss":0},{"cards_removed":["Strike_R"],"damage_healed":0,"gold_gain":0,"player_choice":"Purged","damage_taken":0,"max_hp_gain":0,"max_hp_loss":0,"event_name":"Purifier","floor":11,"gold_loss":0},{"damage_healed":0,"gold_gain":0,"cards_transformed":["Strike_R","Strike_R"],"player_choice":"Became Test Subject","damage_taken":0,"max_hp_gain":0,"max_hp_loss":0,"event_name":"Drug Dealer","floor":21,"gold_loss":0,"cards_obtained":["Sentinel","Rampage"]},{"damage_healed":0,"gold_gain":100,"player_choice":"Bet on Murderer","damage_taken":0,"max_hp_gain":0,"max_hp_loss":0,"event_name":"The Joust","floor":30,"gold_loss":50},{"damage_healed":0,"gold_gain":0,"player_choice":"Fight","damage_taken":0,"max_hp_gain":0,"max_hp_loss":0,"event_name":"MindBloom","floor":38,"gold_loss":0},{"damage_healed":0,"gold_gain":0,"player_choice":"Ignored","damage_taken":0,"max_hp_gain":0,"max_hp_loss":0,"event_name":"Mysterious Sphere","floor":39,"gold_loss":0},{"damage_healed":0,"gold_gain":0,"player_choice":"Upgraded","damage_taken":0,"max_hp_gain":0,"max_hp_loss":0,"event_name":"Upgrade Shrine","floor":42,"gold_loss":0,"cards_upgraded":["Entrench"]}],"is_beta":false,"boss_relics":[{"not_picked":["Fusion Hammer","Sozu"],"picked":"Calling Bell"},{"not_picked":["Pandora\u0027s Box","Philosopher\u0027s Stone"],"picked":"Black Blood"}],"items_purged_floors":[22,46],"is_endless":false,"potions_floor_spawned":[2,4,6,8,14,18,20,29,36,38,45,47,48],"killed_by":"Shield and Spear","ascension_level":1}}