{"host":"c5ukdwo3xwa4ucd0","time":1607770050,"event":{"mods":["AchievementEnabler","BaseMod","Colored Powertips","Minty Spire (QoL Compilation)","Quick Restart"],"gold_per_floor":[115,130,130,93,55,55,81,91,91,91,91,109,119,134,134,235,285,304,319,319,319,339,339,351,47,115,129,44,44,64,64,64,163,163,177,177,30,30,50,50,65,65,88,88,100,0,15,34,34,34],"floor_reached":51,"playtime":2425,"items_purged":[],"score":641,"play_id":"44cbca59-56c1-44c2-94c4-d19a589e731f","local_time":"20201212114730","is_ascension_mode":false,"campfire_choices":[{"data":"Dash","floor":6.0,"key":"SMITH"},{"data":"Cloak And Dagger","floor":10.0,"key":"SMITH"},{"data":"Accuracy","floor":15.0,"key":"SMITH"},{"floor":23.0,"key":"REST"},{"floor":29.0,"key":"REST"},{"floor":32.0,"key":"REST"},{"floor":40.0,"key":"REST"},{"floor":42.0,"key":"REST"},{"data":"Accuracy","floor":44.0,"key":"SMITH"},{"floor":49.0,"key":"REST"}],"circlet_count":0,"master_deck":["Strike_G","Strike_G","Strike_G","Strike_G","Defend_G","Defend_G","Defend_G","Defend_G","Defend_G","Survivor","Neutralize","Dash+1","Slice+1","Accuracy+1","Cloak And Dagger+1","Accuracy+1","Deflect","A Thousand Cuts+1","Caltrops","Backstab+1","Flying Knee","Poisoned Stab","Outmaneuver","Burst","Blade Dance","After Image","Blade Dance+1","Infinite Blades+1","After Image","Infinite Blades+1","Backflip"],"relics":["Ring of the Serpent","Omamori","Bag of Marbles","Potion Belt","Tough Bandages","Tiny House","Vajra","Ninja Scroll","Paper Crane","Peace Pipe","TheAbacus","Orichalcum","Red Mask"],"acts_visited":["Exordium","TheCity","TheBeyond"],"potions_floor_usage":[50,50],"damage_taken":[{"damage":0.0,"enemies":"Cultist","floor":1.0,"turns":4.0},{"damage":0.0,"enemies":"2 Louse","floor":2.0,"turns":3.0},{"damage":0.0,"enemies":"Jaw Worm","floor":8.0,"turns":2.0},{"damage":0.0,"enemies":"Lots of Slimes","floor":12.0,"turns":3.0},{"damage":0.0,"enemies":"Large Slime","floor":13.0,"turns":4.0},{"damage":2.0,"enemies":"3 Louse","floor":14.0,"turns":4.0},{"damage":42.0,"enemies":"Hexaghost","floor":16.0,"turns":9.0},{"damage":25.0,"enemies":"2 Thieves","floor":18.0,"turns":5.0},{"damage":7.0,"enemies":"Shell Parasite","floor":19.0,"turns":6.0},{"damage":10.0,"enemies":"Snecko","floor":22.0,"turns":5.0},{"damage":3.0,"enemies":"Chosen and Byrds","floor":24.0,"turns":8.0},{"damage":15.0,"enemies":"Centurion and Healer","floor":27.0,"turns":5.0},{"damage":0.0,"enemies":"Snake Plant","floor":30.0,"turns":2.0},{"damage":35.0,"enemies":"Champ","floor":33.0,"turns":11.0},{"damage":29.0,"enemies":"3 Darklings","floor":35.0,"turns":6.0},{"damage":1.0,"enemies":"Orb Walker","floor":39.0,"turns":2.0},{"damage":6.0,"enemies":"4 Shapes","floor":41.0,"turns":6.0},{"damage":36.0,"enemies":"Transient","floor":45.0,"turns":5.0},{"damage":0.0,"enemies":"Jaw Worm Horde","floor":47.0,"turns":2.0},{"damage":16.0,"enemies":"3 Darklings","floor":48.0,"turns":5.0},{"damage":44,"enemies":"Awakened One","floor":50,"turns":12}],"seed_played":"7379154804247170686","potions_obtained":[{"floor":2.0,"key":"Poison Potion"},{"floor":12.0,"key":"LiquidBronze"},{"floor":13.0,"key":"SkillPotion"},{"floor":17.0,"key":"SpeedPotion"},{"floor":19.0,"key":"Explosive Potion"},{"floor":22.0,"key":"SpeedPotion"},{"floor":24.0,"key":"DistilledChaos"},{"floor":41.0,"key":"LiquidBronze"}],"is_trial":false,"path_per_floor":["M","M","?","?","$","R","T","M","T","R","?","M","M","M","R","B",null,"M","M","?","?","M","R","M","$","T","M","?","R","M","?","R","B",null,"M","?","$","?","M","R","M","R","T","R","M","?","M","M","R","B",null],"character_chosen":"THE_SILENT","items_purchased":["Accuracy","Burst","Vajra","TheAbacus"],"campfire_rested":6,"item_purchase_floors":[5,25,25,37],"current_hp_per_floor":[70,70,70,70,70,70,70,70,70,70,70,70,70,68,68,26,75,50,43,43,43,33,55,52,52,52,37,37,59,59,59,75,40,75,46,46,46,46,45,67,61,75,75,75,39,39,39,23,45,1],"gold":34,"neow_bonus":"RANDOM_COMMON_RELIC","is_daily":false,"chose_seed":false,"campfire_upgraded":4,"win_rate":0.0,"timestamp":1607770050,"path_taken":["M","M","?","?","$","R","?","?","T","R","?","M","M","M","R","BOSS","M","M","?","?","?","R","M","$","T","M","?","R","M","?","R","BOSS","M","?","$","?","M","R","M","R","T","R","?","?","M","M","R","BOSS"],"items_purchased_type":["Card","Card","Relic","Relic"],"build_version":"2020-11-30","purchased_purges":0,"victory":true,"max_hp_per_floor":[70,70,70,70,70,70,70,70,70,70,70,70,70,70,70,70,75,75,75,75,75,75,75,75,75,75,75,75,75,75,75,75,75,75,75,75,75,75,75,75,75,75,75,75,75,75,75,75,75,75],"card_choices":[{"not_picked":["Dodge and Roll","Crippling Poison"],"picked":"Dash","floor":1.0},{"not_picked":["Prepared","Catalyst"],"picked":"Slice","floor":2.0},{"not_picked":["Concentrate","PiercingWail"],"picked":"Cloak And Dagger","floor":8.0},{"not_picked":["Eviscerate","Reflex","Skewer"],"picked":"SKIP","floor":12.0},{"not_picked":["Dagger Throw","Backflip"],"picked":"Accuracy","floor":13.0},{"not_picked":["All Out Attack","Phantasmal Killer"],"picked":"Deflect","floor":14.0},{"not_picked":["Phantasmal Killer","Bullet Time"],"picked":"A Thousand Cuts","floor":16.0},{"not_picked":["Poisoned Stab","Heel Hook"],"picked":"Caltrops","floor":17.0},{"not_picked":["Distraction","Masterful Stab"],"picked":"Backstab+1","floor":18.0},{"not_picked":["PiercingWail","Poisoned Stab+1"],"picked":"Flying Knee","floor":19.0},{"not_picked":["Crippling Poison","PiercingWail"],"picked":"Poisoned Stab","floor":22.0},{"not_picked":["Eviscerate","Quick Slash"],"picked":"Outmaneuver","floor":24.0},{"not_picked":["Sucker Punch","Outmaneuver"],"picked":"Blade Dance","floor":27.0},{"not_picked":["Expertise+1","Setup+1","Flechettes"],"picked":"SKIP","floor":30.0},{"not_picked":["Corpse Explosion","Bullet Time"],"picked":"After Image","floor":33.0},{"not_picked":["Acrobatics","Terror+1","Riddle With Holes+1"],"picked":"SKIP","floor":35.0},{"not_picked":["Prepared","Bane"],"picked":"Blade Dance+1","floor":39.0},{"not_picked":["Finisher+1","Sucker Punch+1"],"picked":"Infinite Blades+1","floor":41.0},{"not_picked":["Underhanded Strike","Leg Sweep"],"picked":"After Image","floor":45.0},{"not_picked":["Deflect","Skewer+1"],"picked":"Infinite Blades+1","floor":47.0},{"not_picked":["Endless Agony+1","Acrobatics+1"],"picked":"Backflip","floor":48.0}],"player_experience":298731,"relics_obtained":[{"floor":7.0,"key":"Potion Belt"},{"floor":9.0,"key":"Tough Bandages"},{"floor":26.0,"key":"Ninja Scroll"},{"floor":43.0,"key":"Orichalcum"}],"event_choices":[{"damage_healed":0.0,"max_hp_gain":0.0,"max_hp_loss":0.0,"gold_gain":0.0,"event_name":"Big Fish","player_choice":"Box","floor":3.0,"gold_loss":0.0,"damage_taken":0.0,"relics_obtained":["Bag of Marbles"],"cards_obtained":["Regret"]},{"damage_healed":0.0,"max_hp_gain":0.0,"max_hp_loss":0.0,"gold_gain":0.0,"event_name":"World of Goop","player_choice":"Left Gold","floor":4.0,"gold_loss":37.0,"damage_taken":0.0},{"damage_healed":0.0,"max_hp_gain":0.0,"max_hp_loss":0.0,"gold_gain":0.0,"event_name":"Golden Idol","player_choice":"Ignored","floor":11.0,"gold_loss":0.0,"damage_taken":0.0},{"damage_healed":0.0,"max_hp_gain":0.0,"max_hp_loss":0.0,"gold_gain":0.0,"event_name":"Beggar","player_choice":"Ignored","floor":20.0,"gold_loss":0.0,"damage_taken":0.0},{"damage_healed":0.0,"max_hp_gain":0.0,"max_hp_loss":0.0,"gold_gain":0.0,"event_name":"Purifier","player_choice":"Ignored","floor":21.0,"gold_loss":0.0,"damage_taken":0.0},{"damage_healed":0.0,"max_hp_gain":0.0,"max_hp_loss":0.0,"gold_gain":0.0,"event_name":"Addict","player_choice":"Obtained Relic","floor":28.0,"gold_loss":85.0,"damage_taken":0.0,"relics_obtained":["Paper Crane"]},{"damage_healed":0.0,"max_hp_gain":0.0,"max_hp_loss":0.0,"gold_gain":0.0,"event_name":"The Mausoleum","player_choice":"Opened","floor":31.0,"gold_loss":0.0,"damage_taken":0.0,"relics_obtained":["Peace Pipe"],"cards_obtained":["Writhe"]},{"cards_removed":["Strike_G"],"damage_healed":0.0,"max_hp_gain":0.0,"max_hp_loss":0.0,"gold_gain":0.0,"event_name":"Falling","player_choice":"Removed Attack","floor":36.0,"gold_loss":0.0,"damage_taken":0.0},{"damage_healed":0.0,"max_hp_gain":0.0,"max_hp_loss":0.0,"gold_gain":0.0,"event_name":"Upgrade Shrine","player_choice":"Upgraded","floor":38.0,"gold_loss":0.0,"damage_taken":0.0,"cards_upgraded":["A Thousand Cuts"]},{"damage_healed":0.0,"max_hp_gain":0.0,"max_hp_loss":0.0,"gold_gain":0.0,"event_name":"Tomb of Lord Red Mask","player_choice":"Paid","floor":46.0,"gold_loss":100.0,"damage_taken":0.0,"relics_obtained":["Red Mask"]}],"is_beta":false,"boss_relics":[{"not_picked":["Coffee Dripper","Sozu"],"picked":"Tiny House"},{"not_picked":["Black Star","HoveringKite"],"picked":"Ring of the Serpent"}],"items_purged_floors":[],"is_endless":false,"potions_floor_spawned":[2,12,13,19,22,24,41],"ascension_level":0}}