{"host":"l2821e3dgmq4sghh","time":1607806699,"event":{"mods":["BaseMod","Colored Powertips","Minty Spire (QoL Compilation)","StSLib"],"gold_per_floor":[117,127,127,127,144,177,177,202,251,280,292,357,369,396,408,499,511,499,426,363,375,397,409,409],"floor_reached":23,"playtime":3176,"items_purged":[],"score":408,"play_id":"0739cf37-18f8-4719-9d5e-ced707498831","local_time":"20201212215819","is_ascension_mode":true,"campfire_choices":[{"data":"Shockwave","floor":7.0,"key":"SMITH"},{"data":"Whirlwind","floor":13.0,"key":"SMITH"},{"data":"Disarm","floor":15.0,"key":"SMITH"}],"circlet_count":0,"master_deck":["AscendersBane","Strike_R","Strike_R","Strike_R","Strike_R","Defend_R+1","Defend_R+1","Defend_R","Defend_R","Bash","Fiend Fire+1","Inflame","Cleave","Shockwave+1","Inflame","Sword Boomerang","Pommel Strike","Whirlwind+1","Disarm+1","Reaper","Burning Pact","True Grit+1"],"relics":["Burning Blood","Self Forming Clay","War Paint","Regal Pillow","Pear","MawBank","Snecko Eye","Dream Catcher"],"acts_visited":["Exordium","TheCity"],"potions_floor_usage":[23],"damage_taken":[{"damage":7.0,"enemies":"2 Louse","floor":1.0,"turns":3.0},{"damage":4.0,"enemies":"Jaw Worm","floor":2.0,"turns":3.0},{"damage":12.0,"enemies":"Small Slimes","floor":5.0,"turns":3.0},{"damage":8.0,"enemies":"Gremlin Nob","floor":6.0,"turns":3.0},{"damage":7.0,"enemies":"Lagavulin","floor":8.0,"turns":7.0},{"damage":42.0,"enemies":"3 Sentries","floor":10.0,"turns":7.0},{"damage":10.0,"enemies":"Blue Slaver","floor":11.0,"turns":3.0},{"damage":20.0,"enemies":"Lagavulin Event","floor":12.0,"turns":3.0},{"damage":7.0,"enemies":"3 Louse","floor":14.0,"turns":2.0},{"damage":13.0,"enemies":"The Guardian","floor":16.0,"turns":12.0},{"damage":11.0,"enemies":"2 Thieves","floor":18.0,"turns":4.0},{"damage":19.0,"enemies":"Spheric Guardian","floor":22.0,"turns":4.0},{"damage":57,"enemies":"Book of Stabbing","floor":23,"turns":8}],"seed_played":"-1358759422307135623","potions_obtained":[{"floor":5.0,"key":"GamblersBrew"},{"floor":8.0,"key":"DuplicationPotion"},{"floor":11.0,"key":"Swift Potion"},{"floor":14.0,"key":"AttackPotion"},{"floor":22.0,"key":"BlessingOfTheForge"}],"is_trial":false,"path_per_floor":["M","M","?","?","M","E","R","E","T","E","M","?","R","M","R","B",null,"M","?","?","?","M","E"],"character_chosen":"IRONCLAD","items_purchased":[],"campfire_rested":0,"item_purchase_floors":[],"current_hp_per_floor":[67,69,74,74,68,66,66,65,65,39,35,21,21,20,20,13,71,70,70,70,70,57,0,0],"gold":409,"neow_bonus":"ONE_RANDOM_RARE_CARD","is_daily":false,"chose_seed":false,"campfire_upgraded":3,"win_rate":0.0,"timestamp":1607806699,"path_taken":["M","M","?","?","M","E","R","E","T","E","M","?","R","M","R","BOSS","M","?","?","?","M","E"],"items_purchased_type":[],"build_version":"2020-11-30","purchased_purges":0,"victory":false,"max_hp_per_floor":[75,75,80,80,80,80,80,80,80,90,90,90,90,90,90,90,90,90,90,90,90,90,90,90],"card_choices":[{"not_picked":["Heavy Blade","Anger"],"picked":"Inflame","floor":1.0},{"not_picked":["Dropkick","Heavy Blade","Dual Wield"],"picked":"SKIP","floor":2.0},{"not_picked":["Headbutt","Spot Weakness"],"picked":"Cleave","floor":5.0},{"not_picked":["Flame Barrier","Shrug It Off"],"picked":"Shockwave","floor":6.0},{"not_picked":["Flame Barrier","Rage"],"picked":"Inflame","floor":8.0},{"not_picked":["Clothesline","Wild Strike"],"picked":"Sword Boomerang","floor":10.0},{"not_picked":["Body Slam","Flex"],"picked":"Pommel Strike","floor":11.0},{"not_picked":["Wild Strike","True Grit"],"picked":"Whirlwind","floor":12.0},{"not_picked":["Entrench","Wild Strike"],"picked":"Disarm","floor":14.0},{"not_picked":["Brutality","Limit Break"],"picked":"Reaper","floor":16.0},{"not_picked":["Intimidate","Warcry+1"],"picked":"Burning Pact","floor":18.0},{"not_picked":["Entrench","Heavy Blade"],"picked":"True Grit+1","floor":22.0}],"player_experience":5291289,"relics_obtained":[{"floor":6.0,"key":"Self Forming Clay"},{"floor":8.0,"key":"War Paint"},{"floor":9.0,"key":"Regal Pillow"},{"floor":10.0,"key":"Pear"},{"floor":12.0,"key":"MawBank"}],"event_choices":[{"damage_healed":0.0,"max_hp_gain":5.0,"max_hp_loss":0.0,"gold_gain":0.0,"event_name":"Big Fish","player_choice":"Donut","floor":3.0,"gold_loss":0.0,"damage_taken":0.0},{"damage_healed":0.0,"max_hp_gain":0.0,"max_hp_loss":0.0,"gold_gain":0.0,"event_name":"Living Wall","player_choice":"Grow","floor":4.0,"gold_loss":0.0,"damage_taken":0.0,"cards_upgraded":["Fiend Fire"]},{"damage_healed":0.0,"max_hp_gain":0.0,"max_hp_loss":0.0,"gold_gain":0.0,"event_name":"Dead Adventurer","player_choice":"Searched \u00271\u0027 times","floor":12.0,"gold_loss":0.0,"damage_taken":0.0},{"damage_healed":0.0,"max_hp_gain":0.0,"max_hp_loss":0.0,"gold_gain":0.0,"event_name":"Addict","player_choice":"Obtained Relic","floor":19.0,"gold_loss":85.0,"damage_taken":0.0,"relics_obtained":["Dream Catcher"]},{"cards_removed":["Strike_R"],"damage_healed":0.0,"max_hp_gain":0.0,"max_hp_loss":0.0,"gold_gain":0.0,"event_name":"Beggar","player_choice":"Gave Gold","floor":20.0,"gold_loss":75.0,"damage_taken":0.0},{"damage_healed":0.0,"max_hp_gain":0.0,"max_hp_loss":0.0,"gold_gain":0.0,"event_name":"The Mausoleum","player_choice":"Ignored","floor":21.0,"gold_loss":0.0,"damage_taken":0.0}],"is_beta":false,"boss_relics":[{"not_picked":["Sozu","Philosopher\u0027s Stone"],"picked":"Snecko Eye"}],"items_purged_floors":[],"is_endless":false,"potions_floor_spawned":[5,8,11,14,22],"killed_by":"Book of Stabbing","ascension_level":19}}