{"host":"6azrrw3tf7wb0f4b","time":1607811772,"event":{"mods":["BaseMod","DeckTracker","Minty Spire (QoL Compilation)","SuperFastMode"],"gold_per_floor":[116,266,266,191,191,191,208,208,208,54,73,84,96,126,126,203,203,223,223,236,45,45,45,45,45],"floor_reached":24,"playtime":469,"items_purged":["Strike_R","Strike_R"],"score":349,"play_id":"c0894d68-696e-4e8b-854a-f000c34b90c4","local_time":"20201213072252","is_ascension_mode":true,"campfire_choices":[{"data":"Immolate","floor":6,"key":"SMITH"},{"data":"Bash","floor":8,"key":"SMITH"},{"data":"True Grit","floor":15,"key":"SMITH"},{"data":"Evolve","floor":23,"key":"SMITH"}],"circlet_count":0,"master_deck":["AscendersBane","Strike_R","Strike_R","Defend_R","Defend_R","Defend_R","Bash+1","Immolate+1","Pommel Strike","Evolve+1","Shockwave","True Grit+1","Barricade","Battle Trance","Feed","CurseOfTheBell","Wild Strike","Sentinel","Madness","Seeing Red","Evolve"],"relics":["Burning Blood","Self Forming Clay","Gremlin Horn","Bag of Marbles","Calling Bell","Anchor","Question Card","WingedGreaves"],"acts_visited":["Exordium","TheCity"],"potions_floor_usage":[18,24],"damage_taken":[{"damage":0,"enemies":"Small Slimes","floor":1,"turns":3},{"damage":1,"enemies":"2 Louse","floor":7,"turns":2},{"damage":7,"enemies":"Jaw Worm","floor":11,"turns":2},{"damage":8,"enemies":"Red Slaver","floor":12,"turns":4},{"damage":10,"enemies":"Lots of Slimes","floor":13,"turns":2},{"damage":10,"enemies":"Gremlin Nob","floor":14,"turns":3},{"damage":59,"enemies":"The Guardian","floor":16,"turns":13},{"damage":20,"enemies":"Shell Parasite","floor":18,"turns":11},{"damage":17,"enemies":"Chosen","floor":20,"turns":6},{"damage":42,"enemies":"Book of Stabbing","floor":24,"turns":4}],"seed_played":"2782267807141565520","potions_obtained":[{"floor":1,"key":"Ancient Potion"},{"floor":12,"key":"HeartOfIron"}],"is_trial":false,"path_per_floor":["M","?","?","?","?","R","M","R","T","$","M","M","M","E","R","B",null,"M","?","M","$","?","R","E"],"character_chosen":"IRONCLAD","items_purchased":["Evolve","Madness"],"campfire_rested":0,"item_purchase_floors":[10,21],"current_hp_per_floor":[74,74,63,63,68,68,73,73,73,73,72,70,66,62,62,9,62,51,51,40,40,40,40,0,0],"gold":45,"neow_bonus":"ONE_RANDOM_RARE_CARD","is_daily":false,"chose_seed":false,"campfire_upgraded":4,"win_rate":0.0,"timestamp":1607811772,"path_taken":["M","?","?","?","?","R","M","R","T","$","?","M","M","E","R","BOSS","M","?","?","$","?","R","E"],"items_purchased_type":["Card","Card"],"build_version":"2020-11-30","purchased_purges":2,"victory":false,"max_hp_per_floor":[75,75,75,75,80,80,80,80,80,80,80,80,80,80,80,80,80,83,83,83,83,83,83,83,83],"card_choices":[{"not_picked":["Rage","Clothesline"],"picked":"Pommel Strike","floor":1},{"not_picked":["Clothesline","Pummel"],"picked":"Infernal Blade","floor":7},{"not_picked":["Clash","True Grit"],"picked":"Shockwave","floor":11},{"not_picked":["Anger","Havoc"],"picked":"True Grit","floor":12},{"not_picked":["Havoc","Bloodletting"],"picked":"Barricade","floor":13},{"not_picked":["Wild Strike","Evolve"],"picked":"Battle Trance","floor":14},{"not_picked":["Offering","Limit Break"],"picked":"Feed","floor":16},{"not_picked":["Battle Trance","Cleave","Reckless Charge"],"picked":"Wild Strike","floor":18},{"not_picked":["Havoc","Cleave","Flex"],"picked":"Sentinel","floor":20}],"player_experience":593619,"relics_obtained":[{"floor":9,"key":"Gremlin Horn"},{"floor":14,"key":"Bag of Marbles"},{"floor":17,"key":"Anchor"},{"floor":17,"key":"Question Card"},{"floor":17,"key":"WingedGreaves"}],"event_choices":[{"damage_healed":0,"gold_gain":150,"player_choice":"AGREE","damage_taken":0,"max_hp_gain":0,"max_hp_loss":0,"event_name":"Liars Game","floor":2,"gold_loss":0,"cards_obtained":["Doubt"]},{"damage_healed":0,"gold_gain":0,"player_choice":"Success","damage_taken":11,"relics_obtained":["Self Forming Clay"],"max_hp_gain":0,"max_hp_loss":0,"event_name":"Scrap Ooze","floor":3,"gold_loss":0},{"cards_removed":["Doubt"],"damage_healed":0,"gold_gain":0,"player_choice":"Card Removal","damage_taken":0,"max_hp_gain":0,"max_hp_loss":0,"event_name":"The Cleric","floor":4,"gold_loss":75},{"damage_healed":0,"gold_gain":0,"player_choice":"Donut","damage_taken":0,"max_hp_gain":5,"max_hp_loss":0,"event_name":"Big Fish","floor":5,"gold_loss":0},{"cards_removed":["Strike_R"],"damage_healed":0,"gold_gain":0,"player_choice":"Purged","damage_taken":0,"max_hp_gain":0,"max_hp_loss":0,"event_name":"Purifier","floor":19,"gold_loss":0},{"damage_healed":0,"gold_gain":0,"cards_transformed":["Defend_R","Infernal Blade"],"player_choice":"Became Test Subject","damage_taken":0,"max_hp_gain":0,"max_hp_loss":0,"event_name":"Drug Dealer","floor":22,"gold_loss":0,"cards_obtained":["Seeing Red","Evolve"]}],"is_beta":false,"boss_relics":[{"not_picked":["Coffee Dripper","Fusion Hammer"],"picked":"Calling Bell"}],"items_purged_floors":[10,21],"is_endless":false,"potions_floor_spawned":[1,12,16],"killed_by":"Book of Stabbing","ascension_level":16}}