{"host":"9d9dhukr2jywmy0f","time":1607788458,"event":{"mods":["2.2 Compatiblity","Alarm Clock","BaseMod","Bestiary","Block Reminder","Colored Map","Colored Powertips","Curses Come First","DeckTracker","Displayed Cursed Tome","Highlight Path","Key Reminder","Keyboard Shortcuts","Minty Spire (QoL Compilation)","MonsterHotkey","Potion Indicator Mod","Quick Restart","RNG Fix","Rare Cards Sparkle","Relic Sorter","Relic Stats","Spire Birthday Party","StSLib","Synergy Search","Td1madao Mod","Unceasing Turn Reminder","Unknown Chances"],"gold_per_floor":[110,185,185,203,213,213,229,229,229,239,92,92,92,126,126,227,227,245,344,344,355,369,369,269,269,320,338,338,352,352,386,386,488,488,501,514,295,295,314,347,347,365,365,415,415,415,445,445,445,445,445,445,135,164,164],"floor_reached":56,"playtime":3289,"items_purged":["Strike_C","Strike_C","Strike_C","Defend_C"],"score":1373,"play_id":"3fdf4062-c160-411d-8db4-c9ed837da731","local_time":"20201212235418","is_ascension_mode":false,"campfire_choices":[{"data":"Energy Supply","floor":6.0,"key":"SMITH"},{"data":"Black Warm Hole","floor":12.0,"key":"SMITH"},{"data":"Backup","floor":15.0,"key":"SMITH"},{"data":"Chip","floor":23.0,"key":"SMITH"},{"data":"Optimization","floor":25.0,"key":"SMITH"},{"data":"Lunge","floor":30.0,"key":"SMITH"},{"data":"Ghostly","floor":32.0,"key":"SMITH"},{"data":"Ghostly","floor":41.0,"key":"SMITH"},{"data":"Impatience","floor":45.0,"key":"SMITH"},{"floor":49.0,"key":"RECALL"},{"data":"Impatience","floor":52,"key":"SMITH"}],"circlet_count":0,"master_deck":["Defend_C","Defend_C","Defend_C","Chip+1","Energy Supply+1","Black Warm Hole+1","Backup+1","Optimization+1","Ghostly+1","Ghostly+1","Ghostly","Ghostly","Ghostly","Lunge+1","Furious","Fixing+1","Impatience+1","Impatience+1"],"relics":["Apod","NeowsBlessing","CaptainsWheel","Shuriken","White Beast Statue","Philosopher\u0027s Stone","Centennial Puzzle","Juzu Bracelet","Foreshadowing","Incense Burner","StoneCalendar","Shovel","Membership Card","Blue Mushroom"],"acts_visited":["Exordium","TheCity","TheBeyond","TheEnding"],"potions_floor_usage":[],"damage_taken":[{"damage":0.0,"enemies":"Small Slimes","floor":1.0,"turns":1.0},{"damage":0.0,"enemies":"Jaw Worm","floor":4.0,"turns":1.0},{"damage":0.0,"enemies":"2 Louse","floor":5.0,"turns":1.0},{"damage":0.0,"enemies":"Looter","floor":7.0,"turns":5.0},{"damage":0.0,"enemies":"Large Slime","floor":10.0,"turns":8.0},{"damage":12.0,"enemies":"Gremlin Nob","floor":14.0,"turns":4.0},{"damage":46.0,"enemies":"The Guardian","floor":16.0,"turns":8.0},{"damage":5.0,"enemies":"3 Byrds","floor":18.0,"turns":2.0},{"damage":0.0,"enemies":"Spheric Guardian","floor":21.0,"turns":2.0},{"damage":0.0,"enemies":"Centurion and Healer","floor":22.0,"turns":5.0},{"damage":0.0,"enemies":"Snecko","floor":27.0,"turns":6.0},{"damage":1.0,"enemies":"Shelled Parasite and Fungi","floor":29.0,"turns":4.0},{"damage":0.0,"enemies":"Book of Stabbing","floor":31.0,"turns":5.0},{"damage":2.0,"enemies":"Automaton","floor":33.0,"turns":6.0},{"damage":6.0,"enemies":"Orb Walker","floor":35.0,"turns":2.0},{"damage":2.0,"enemies":"3 Shapes","floor":36.0,"turns":3.0},{"damage":0.0,"enemies":"Jaw Worm Horde","floor":39.0,"turns":2.0},{"damage":2.0,"enemies":"Reptomancer","floor":40.0,"turns":3.0},{"damage":0.0,"enemies":"Sphere and 2 Shapes","floor":42.0,"turns":2.0},{"damage":0.0,"enemies":"Mind Bloom Boss Battle","floor":44.0,"turns":4.0},{"damage":0.0,"enemies":"Giant Head","floor":47.0,"turns":4.0},{"damage":0.0,"enemies":"Awakened One","floor":50.0,"turns":4.0},{"damage":0,"enemies":"Shield and Spear","floor":54,"turns":1},{"damage":2,"enemies":"The Heart","floor":55,"turns":5}],"seed_played":"-3045013273722827611","potions_obtained":[{"floor":4.0,"key":"ColorlessPotion"},{"floor":5.0,"key":"LiquidBronze"},{"floor":7.0,"key":"SneckoOil"},{"floor":16.0,"key":"Strength Potion"},{"floor":18.0,"key":"Dexterity Potion"},{"floor":21.0,"key":"Ancient Potion"},{"floor":22.0,"key":"EntropicBrew"},{"floor":29.0,"key":"FearPotion"},{"floor":31.0,"key":"PowerPotion"},{"floor":35.0,"key":"FairyPotion"}],"is_trial":false,"path_per_floor":["M","?","T","M","M","R","M","?","T","M","$","R","?","E","R","B",null,"M","?","?","M","M","R","$","R","T","M","?","M","R","E","R","B",null,"M","M","$","?","M","E","R","M","T","?","R","?","E","?","R","B",null,"R","$","E","B",null],"character_chosen":"TD1MADAO_CLASS","items_purchased":["Backup","Impatience","Membership Card","LiquidMemories","FairyPotion"],"campfire_rested":0,"item_purchase_floors":[11,37,53,53,53],"current_hp_per_floor":[70,59,59,59,59,59,59,59,59,59,59,59,64,52,52,6,75,70,70,37,37,37,37,37,37,37,37,47,46,46,46,46,44,47,41,39,39,39,39,37,37,37,37,37,37,37,37,37,37,37,47,47,47,47,45],"gold":164,"neow_bonus":"THREE_ENEMY_KILL","is_daily":false,"chose_seed":false,"campfire_upgraded":10,"win_rate":0.0,"timestamp":1607788458,"path_taken":["M","?","?","M","?","R","M","?","T","M","$","R","?","E","R","BOSS","M","?","?","M","M","R","$","R","T","?","?","M","R","E","R","BOSS","M","M","$","?","M","E","R","M","T","?","R","?","E","?","R","BOSS","R","$","E","BOSS"],"items_purchased_type":["Card","Card","Relic","Potion","Potion"],"build_version":"2020-11-30","purchased_purges":4,"victory":true,"max_hp_per_floor":[70,70,70,70,70,70,70,70,70,70,70,70,75,75,75,75,75,75,75,37,37,37,37,37,37,37,37,47,47,47,47,47,47,47,47,47,47,47,47,47,47,47,47,47,47,47,47,47,47,47,47,47,47,47,47],"relic_stats":{"Centennial Puzzle":[18],"Shovel":0,"counters":[24,88],"Shuriken":[2],"StoneCalendar":[0],"Juzu Bracelet":1,"obtain_stats":[{"NeowsBlessing":0,"StoneCalendar":44,"Juzu Bracelet":31,"Incense Burner":40,"White Beast Statue":14,"keyreminder:keyreminder":40,"CaptainsWheel":3,"Centennial Puzzle":26,"Shovel":47,"Shuriken":9,"Philosopher\u0027s Stone":17,"Blue Mushroom":54,"Apod":0,"Membership Card":53,"Foreshadowing":34},{"NeowsBlessing":0,"StoneCalendar":20,"Juzu Bracelet":13,"Incense Burner":18,"White Beast Statue":6,"keyreminder:keyreminder":18,"CaptainsWheel":1,"Centennial Puzzle":10,"Shovel":21,"Shuriken":4,"Philosopher\u0027s Stone":7,"Blue Mushroom":23,"Apod":0,"Membership Card":22,"Foreshadowing":14},{"NeowsBlessing":0,"StoneCalendar":74,"Juzu Bracelet":52,"Incense Burner":68,"White Beast Statue":20,"keyreminder:keyreminder":68,"CaptainsWheel":1,"Centennial Puzzle":37,"Shovel":78,"Shuriken":8,"Philosopher\u0027s Stone":28,"Blue Mushroom":83,"Apod":0,"Membership Card":82,"Foreshadowing":58}]},"card_choices":[{"not_picked":["Defend System","Fixing","Preparedness"],"picked":"SKIP","floor":1.0},{"not_picked":["Bugfix","Afterwards"],"picked":"Energy Supply","floor":4.0},{"not_picked":["Load Balancing","Black Shadow","Defend System"],"picked":"SKIP","floor":5.0},{"not_picked":["Load Balancing","Black Shadow","Defend System"],"picked":"SKIP","floor":5.0},{"not_picked":["Fixing","Floating Swing Kick","Black Hand"],"picked":"SKIP","floor":7.0},{"not_picked":["Perfect Defend","Black Shadow"],"picked":"Pod Laser","floor":10.0},{"not_picked":["White Contract","Light Attack","Provocative"],"picked":"SKIP","floor":14.0},{"not_picked":["Format All Data","Chip Synthesis"],"picked":"Optimization","floor":16.0},{"not_picked":["Twin Teeth","Cooling Song+1","Three Hit"],"picked":"SKIP","floor":18.0},{"not_picked":["Winding Magic+1","Sudden Beat","Load Balancing"],"picked":"SKIP","floor":21.0},{"not_picked":["Weapon Shift","Coercion","Black Execution"],"picked":"SKIP","floor":22.0},{"not_picked":["Fixing+1","Sudden Beat"],"picked":"Lunge","floor":27.0},{"not_picked":["Floating Swing Kick","Weapon Shift","Black Shadow"],"picked":"SKIP","floor":29.0},{"not_picked":["Awareness+1","Load Balancing+1","Black Spear"],"picked":"SKIP","floor":31.0},{"not_picked":["Optimization","Im Angry"],"picked":"Furious","floor":33.0},{"not_picked":["Rupture","De Ware Chip","Oblique Hack"],"picked":"SKIP","floor":35.0},{"not_picked":["Black Shadow+1","Afterwards+1"],"picked":"Fixing+1","floor":36.0},{"not_picked":["Fire Blade+1","Sub Weapons+1","Machining"],"picked":"SKIP","floor":39.0},{"not_picked":["Afterwards","Awareness","New Defend Magic+1"],"picked":"SKIP","floor":40.0},{"not_picked":["Light Attack","Cursed Blade","Twin Teeth"],"picked":"SKIP","floor":42.0},{"not_picked":["White Contract+1","Recovery Mechanism+1","Lore"],"picked":"SKIP","floor":47.0},{"not_picked":["Bandage Up","Madness"],"picked":"Impatience","floor":48.0},{"not_picked":["Fixing+1","Reflection Mechanism","Black Hand+1"],"picked":"SKIP","floor":54}],"player_experience":671778,"relics_obtained":[{"floor":3.0,"key":"CaptainsWheel"},{"floor":9.0,"key":"Shuriken"},{"floor":14.0,"key":"White Beast Statue"},{"floor":26.0,"key":"Centennial Puzzle"},{"floor":31.0,"key":"Juzu Bracelet"},{"floor":40.0,"key":"Incense Burner"},{"floor":44.0,"key":"StoneCalendar"},{"floor":47.0,"key":"Shovel"},{"floor":54,"key":"Blue Mushroom"}],"event_choices":[{"damage_healed":0.0,"max_hp_gain":0.0,"max_hp_loss":0.0,"gold_gain":75.0,"event_name":"World of Goop","player_choice":"Gather Gold","floor":2.0,"gold_loss":0.0,"damage_taken":11.0},{"damage_healed":0.0,"max_hp_gain":0.0,"max_hp_loss":0.0,"gold_gain":0.0,"cards_transformed":["Strike_C"],"event_name":"Living Wall","player_choice":"Change","floor":8.0,"gold_loss":0.0,"damage_taken":0.0,"cards_obtained":["Black Warm Hole"]},{"damage_healed":0.0,"max_hp_gain":5.0,"max_hp_loss":0.0,"gold_gain":0.0,"event_name":"Big Fish","player_choice":"Donut","floor":13.0,"gold_loss":0.0,"damage_taken":0.0},{"damage_healed":0.0,"max_hp_gain":0.0,"max_hp_loss":0.0,"gold_gain":99.0,"event_name":"Nest","player_choice":"Stole From Cult","floor":19.0,"gold_loss":0.0,"damage_taken":0.0},{"damage_healed":0.0,"max_hp_gain":0.0,"max_hp_loss":38.0,"gold_gain":0.0,"event_name":"Ghosts","player_choice":"Became a Ghost","floor":20.0,"gold_loss":0.0,"damage_taken":0.0,"cards_obtained":["Ghostly","Ghostly","Ghostly","Ghostly","Ghostly"]},{"cards_removed":["Pod Laser"],"damage_healed":0.0,"max_hp_gain":10.0,"max_hp_loss":0.0,"gold_gain":0.0,"event_name":"Bonfire Elementals","player_choice":"Offered Rare","floor":28.0,"gold_loss":0.0,"damage_taken":0.0},{"damage_healed":0.0,"max_hp_gain":0.0,"max_hp_loss":0.0,"gold_gain":0.0,"event_name":"Tomb of Lord Red Mask","player_choice":"Ignored","floor":38.0,"gold_loss":0.0,"damage_taken":0.0},{"damage_healed":0.0,"max_hp_gain":0.0,"max_hp_loss":0.0,"gold_gain":0.0,"event_name":"MindBloom","player_choice":"Fight","floor":44.0,"gold_loss":0.0,"damage_taken":0.0},{"cards_removed":["Knight Kick"],"damage_healed":0.0,"max_hp_gain":0.0,"max_hp_loss":0.0,"gold_gain":0.0,"event_name":"Falling","player_choice":"Removed Attack","floor":46.0,"gold_loss":0.0,"damage_taken":0.0},{"damage_healed":0.0,"max_hp_gain":0.0,"max_hp_loss":0.0,"gold_gain":0.0,"event_name":"SensoryStone","player_choice":"Memory 1","floor":48.0,"gold_loss":0.0,"damage_taken":0.0}],"is_beta":false,"boss_relics":[{"not_picked":["Busted Crown","Black Star"],"picked":"Philosopher\u0027s Stone"},{"not_picked":["SlaversCollar","Pandora\u0027s Box"],"picked":"Foreshadowing"}],"items_purged_floors":[11,24,37,53],"is_endless":false,"potions_floor_spawned":[4,5,7,16,18,21,22,27,29,31,33,35,36,39,40,42,44,47,54],"ascension_level":0}}