{"host":"bbjnqymry46jz0fa","time":1607774611,"event":{"mods":["BaseMod","DeckTracker","Minty Spire (QoL Compilation)","Quick Restart","StSLib","SuperFastMode"],"gold_per_floor":[114,134,284,209,209,209,241,253,331,351,371,388,398,180,180,251,301,313,344,344,394,410,410,425,425,425,425,425,495,545,611,611,685,685,695,63,164,214,231,261,51,51,51,51,84,84,96,129,129,129,129],"floor_reached":52,"playtime":1482,"items_purged":["Strike_G","Strike_G","Strike_G"],"score":1955,"play_id":"bc6026f5-f2cd-46f3-b8a6-a98acec46337","local_time":"20201212210331","is_ascension_mode":true,"campfire_choices":[{"data":"Cloak And Dagger","floor":6.0,"key":"SMITH"},{"data":"Tactician","floor":15.0,"key":"SMITH"},{"data":"Cloak And Dagger","floor":23.0,"key":"SMITH"},{"data":"Accuracy","floor":28.0,"key":"SMITH"},{"data":"Tools of the Trade","floor":32.0,"key":"SMITH"},{"data":"Apotheosis","floor":42.0,"key":"SMITH"},{"floor":46.0,"key":"RECALL"},{"floor":49,"key":"REST"}],"circlet_count":0,"master_deck":["AscendersBane","Strike_G+1","Defend_G","Defend_G","Defend_G","Defend_G","Defend_G","Survivor","Neutralize","Cloak And Dagger+1","Cloak And Dagger","Masterful Stab","Tactician+1","Tools of the Trade+1","Accuracy+1","Dagger Throw","After Image","Blade Dance","Cloak And Dagger+1","Blade Dance","Prepared+1","Adrenaline","Apotheosis+1","Escape Plan+1","Accuracy","Tactician","Reflex","Acrobatics"],"relics":["WristBlade","Art of War","Toy Ornithopter","Meat on the Bone","Tiny House","Red Mask","SsserpentHead","Centennial Puzzle","HoveringKite","Ornamental Fan","InkBottle","Gambling Chip","Turnip","Molten Egg 2","Boot","Shuriken"],"acts_visited":["Exordium","TheCity","TheBeyond"],"potions_floor_usage":[],"damage_taken":[{"damage":7.0,"enemies":"2 Louse","floor":1.0,"turns":4.0},{"damage":7.0,"enemies":"Jaw Worm","floor":2.0,"turns":7.0},{"damage":25.0,"enemies":"3 Sentries","floor":7.0,"turns":10.0},{"damage":0.0,"enemies":"Small Slimes","floor":8.0,"turns":3.0},{"damage":2.0,"enemies":"Exordium Thugs","floor":10.0,"turns":5.0},{"damage":0.0,"enemies":"Looter","floor":11.0,"turns":2.0},{"damage":0.0,"enemies":"Large Slime","floor":12.0,"turns":5.0},{"damage":0.0,"enemies":"Red Slaver","floor":13.0,"turns":3.0},{"damage":51.0,"enemies":"Slime Boss","floor":16.0,"turns":14.0},{"damage":20.0,"enemies":"2 Thieves","floor":18.0,"turns":3.0},{"damage":36.0,"enemies":"Masked Bandits","floor":19.0,"turns":4.0},{"damage":0.0,"enemies":"Spheric Guardian","floor":22.0,"turns":3.0},{"damage":1.0,"enemies":"3 Cultists","floor":24.0,"turns":4.0},{"damage":0.0,"enemies":"Centurion and Healer","floor":29.0,"turns":6.0},{"damage":19.0,"enemies":"Snake Plant","floor":31.0,"turns":3.0},{"damage":41.0,"enemies":"Automaton","floor":33.0,"turns":8.0},{"damage":13.0,"enemies":"3 Darklings","floor":35.0,"turns":6.0},{"damage":15.0,"enemies":"2 Orb Walkers","floor":37.0,"turns":4.0},{"damage":0.0,"enemies":"Orb Walker","floor":39.0,"turns":3.0},{"damage":0.0,"enemies":"Giant Head","floor":40.0,"turns":5.0},{"damage":10.0,"enemies":"Reptomancer","floor":45.0,"turns":4.0},{"damage":0.0,"enemies":"Sphere and 2 Shapes","floor":47.0,"turns":4.0},{"damage":4.0,"enemies":"Nemesis","floor":48.0,"turns":3.0},{"damage":49,"enemies":"Time Eater","floor":50,"turns":8},{"damage":14,"enemies":"Awakened One","floor":51,"turns":5}],"seed_played":"938430801712423952","potions_obtained":[{"floor":1.0,"key":"SkillPotion"},{"floor":7.0,"key":"LiquidBronze"},{"floor":10.0,"key":"Ancient Potion"},{"floor":17.0,"key":"Swift Potion"},{"floor":22.0,"key":"LiquidMemories"},{"floor":24.0,"key":"SteroidPotion"},{"floor":33.0,"key":"Explosive Potion"},{"floor":37.0,"key":"SkillPotion"},{"floor":48.0,"key":"BlessingOfTheForge"}],"is_trial":false,"path_per_floor":["M","M","?","?","T","R","E","M","T","M","M","M","M","$","R","B",null,"M","?","?","?","M","R","M","?","T","?","R","M","T","M","R","B",null,"M","$","?","?","M","E","$","R","T","$","E","R","M","E","R","B","B",null],"character_chosen":"THE_SILENT","items_purchased":["Accuracy","Dagger Throw","Ornamental Fan","InkBottle","Accuracy"],"campfire_rested":1,"item_purchase_floors":[14,14,36,36,41],"current_hp_per_floor":[52,45,45,45,45,45,20,20,20,30,42,42,42,42,42,13,58,38,19,19,19,31,31,47,47,47,47,47,47,47,40,40,16,57,44,44,46,36,36,36,36,36,36,36,43,43,43,39,60,23,21],"gold":129,"neow_bonus":"BOSS_RELIC","is_daily":false,"chose_seed":false,"campfire_upgraded":6,"win_rate":0.0,"timestamp":1607774611,"path_taken":["M","M","?","?","?","R","E","M","T","M","M","M","M","$","R","BOSS","M","?","?","?","?","R","M","?","T","?","R","?","?","?","R","BOSS","M","$","?","?","M","E","$","R","T","$","E","R","M","E","R","BOSS","BOSS"],"items_purchased_type":["Card","Card","Relic","Relic","Card"],"build_version":"2020-11-30","purchased_purges":3,"victory":true,"max_hp_per_floor":[66,66,66,66,66,66,66,66,66,66,66,66,66,66,66,66,71,71,71,71,71,71,71,71,71,71,71,71,71,71,71,71,71,71,71,71,71,71,71,71,71,71,71,71,71,71,71,71,71,71,71],"card_choices":[{"not_picked":["Eviscerate","Footwork","Deflect"],"picked":"SKIP","floor":1.0},{"not_picked":["Acrobatics","Catalyst"],"picked":"Cloak And Dagger","floor":2.0},{"not_picked":["Dash","Noxious Fumes","Sucker Punch"],"picked":"SKIP","floor":7.0},{"not_picked":["Acrobatics","Outmaneuver"],"picked":"Cloak And Dagger","floor":8.0},{"not_picked":["PiercingWail","Outmaneuver"],"picked":"Masterful Stab","floor":10.0},{"not_picked":["Deadly Poison","Slice","Prepared"],"picked":"SKIP","floor":11.0},{"not_picked":["Slice","Deflect"],"picked":"Tactician","floor":12.0},{"not_picked":["Flying Knee","Masterful Stab"],"picked":"Tools of the Trade","floor":13.0},{"not_picked":["Unload","Doppelganger"],"picked":"After Image","floor":16.0},{"not_picked":["Footwork","Catalyst"],"picked":"Blade Dance","floor":17.0},{"not_picked":["Flying Knee","Underhanded Strike","Quick Slash"],"picked":"SKIP","floor":18.0},{"not_picked":["Outmaneuver","Quick Slash"],"picked":"Cloak And Dagger","floor":19.0},{"not_picked":["Outmaneuver","All Out Attack"],"picked":"Blade Dance","floor":22.0},{"not_picked":["Poisoned Stab","Flechettes+1","Dagger Spray"],"picked":"SKIP","floor":24.0},{"not_picked":["Finisher","Riddle With Holes","Outmaneuver"],"picked":"SKIP","floor":29.0},{"not_picked":["Deadly Poison","Sucker Punch"],"picked":"Prepared+1","floor":31.0},{"not_picked":["A Thousand Cuts","Tools of the Trade"],"picked":"Adrenaline","floor":33.0},{"not_picked":["Backflip","Outmaneuver+1","Blur"],"picked":"SKIP","floor":35.0},{"not_picked":["Deep Breath","Metamorphosis"],"picked":"Apotheosis","floor":38.0},{"not_picked":["Slice","Flechettes","Dagger Throw"],"picked":"SKIP","floor":39.0},{"not_picked":["Doppelganger","Noxious Fumes+1"],"picked":"Escape Plan+1","floor":40.0},{"not_picked":["Slice+1","Bullet Time"],"picked":"Tactician","floor":45.0},{"not_picked":["Dodge and Roll","Flying Knee+1"],"picked":"Reflex","floor":47.0},{"not_picked":["Concentrate","Dodge and Roll"],"picked":"Acrobatics","floor":48.0}],"player_experience":707031,"relics_obtained":[{"floor":5.0,"key":"Art of War"},{"floor":7.0,"key":"Toy Ornithopter"},{"floor":9.0,"key":"Meat on the Bone"},{"floor":19.0,"key":"Red Mask"},{"floor":30.0,"key":"Centennial Puzzle"},{"floor":37.0,"key":"Gambling Chip"},{"floor":40.0,"key":"Turnip"},{"floor":43.0,"key":"Molten Egg 2"},{"floor":45.0,"key":"Boot"},{"floor":48.0,"key":"Shuriken"}],"event_choices":[{"damage_healed":0.0,"max_hp_gain":0.0,"max_hp_loss":0.0,"gold_gain":150.0,"event_name":"Liars Game","player_choice":"AGREE","floor":3.0,"gold_loss":0.0,"damage_taken":0.0,"cards_obtained":["Doubt"]},{"cards_removed":["Doubt"],"damage_healed":0.0,"max_hp_gain":0.0,"max_hp_loss":0.0,"gold_gain":0.0,"event_name":"The Cleric","player_choice":"Card Removal","floor":4.0,"gold_loss":75.0,"damage_taken":0.0},{"damage_healed":0.0,"max_hp_gain":0.0,"max_hp_loss":0.0,"gold_gain":0.0,"event_name":"Masked Bandits","player_choice":"Fought Bandits","floor":19.0,"gold_loss":0.0,"damage_taken":0.0},{"damage_healed":0.0,"max_hp_gain":0.0,"max_hp_loss":0.0,"gold_gain":0.0,"event_name":"Cursed Tome","player_choice":"Ignored","floor":20.0,"gold_loss":0.0,"damage_taken":0.0},{"damage_healed":0.0,"max_hp_gain":0.0,"max_hp_loss":0.0,"gold_gain":100.0,"event_name":"The Joust","player_choice":"Bet on Murderer","floor":21.0,"gold_loss":50.0,"damage_taken":0.0},{"cards_removed":["Strike_G"],"damage_healed":0.0,"max_hp_gain":0.0,"max_hp_loss":0.0,"gold_gain":0.0,"event_name":"Back to Basics","player_choice":"Elegance","floor":25.0,"gold_loss":0.0,"damage_taken":0.0},{"damage_healed":0.0,"max_hp_gain":0.0,"max_hp_loss":0.0,"gold_gain":0.0,"event_name":"FaceTrader","player_choice":"Trade","floor":27.0,"gold_loss":0.0,"damage_taken":0.0,"relics_obtained":["SsserpentHead"]},{"damage_healed":0.0,"max_hp_gain":0.0,"max_hp_loss":0.0,"gold_gain":0.0,"event_name":"Mysterious Sphere","player_choice":"Fight","floor":37.0,"gold_loss":0.0,"damage_taken":0.0},{"damage_healed":0.0,"max_hp_gain":0.0,"max_hp_loss":0.0,"gold_gain":0.0,"event_name":"SensoryStone","player_choice":"Memory 3","floor":38.0,"gold_loss":0.0,"damage_taken":10.0}],"is_beta":false,"boss_relics":[{"not_picked":["Calling Bell","SacredBark"],"picked":"Tiny House"},{"not_picked":["SlaversCollar","Coffee Dripper"],"picked":"HoveringKite"}],"items_purged_floors":[14,36,41],"is_endless":false,"potions_floor_spawned":[1,7,10,13,22,24,33,37,48],"ascension_level":20}}