{"host":"ea1gz0s8chhg5p89","time":1607806271,"event":{"mods":["Act Like it!","BaseMod","Decade(王小明)","Gensokyo","Marisa（F雨　魔理沙）","Minty Spire (QoL Compilation)","Pale of the Ancients","Remilia（蕾米莉亚）","Replay The Spire","StSLib","The Servant 0.9.4","WarShipGirlsR/战舰少女R mod","Youmu（魂魄妖梦）"],"gold_per_floor":[115,115,115,128,146,146,180,180,180,180,195,195,220,239,239,336,336,356,65,82,96,115,147,165,175,175,175,190,190,190,190,190,289,289,299,4,4,22,33,48,48,48,71,100,18,18,47,64,64,167,167,181,198,232,260,260,260,287,301,301,301,149,149],"floor_reached":62,"playtime":2535,"items_purged":["Strike_RM"],"score":1299,"play_id":"a75e9577-7b14-4b00-b306-6e955337d022","local_time":"20201213045111","is_ascension_mode":false,"campfire_choices":[{"data":"UltimateOffering","floor":6.0,"key":"SMITH"},{"data":"DevilSight","floor":10.0,"key":"SMITH"},{"data":"BloodAndWine","floor":10.0,"key":"SMITH"},{"data":"UnstableMagic","floor":12.0,"key":"SMITH"},{"data":"RedMoon","floor":12.0,"key":"SMITH"},{"data":"BloodyMagicSquare","floor":15.0,"key":"SMITH"},{"data":"RedRainbow","floor":15.0,"key":"SMITH"},{"data":"FitfulNightmare","floor":27.0,"key":"SMITH"},{"data":"HeartBreak","floor":27.0,"key":"SMITH"},{"data":"FitfulNightmare","floor":29.0,"key":"SMITH"},{"data":"NightDance","floor":29.0,"key":"SMITH"},{"floor":32.0,"key":"REST"},{"data":"Pot Of Greed","floor":41,"key":"SMITH"},{"data":"Pot Of Greed","floor":41,"key":"SMITH"},{"data":"Pot Of Greed","floor":49,"key":"SMITH"},{"data":"FavorOfDestiny","floor":49,"key":"SMITH"},{"data":"Pot Of Greed","floor":57,"key":"SMITH"},{"data":"VampireClaw","floor":57,"key":"SMITH"},{"data":"ScarletDevilSign","floor":61,"key":"SMITH"},{"data":"VampireClaw","floor":61,"key":"SMITH"}],"circlet_count":0,"master_deck":["Strike_RM","Strike_RM","Strike_RM","Defend_RM","Defend_RM","Defend_RM","Defend_RM","RedMoon+1","ScarletShoot","BloodAndWine+1","UltimateOffering+1","RedRainbow+1","DevilSight+1","UnstableMagic+1","BloodyMagicSquare+1","BombardNight","EquivalentExchange","VampireClaw+1","UnstableMagic","HunterOfTheNight","RedRainbow","DevilSight","NightDance","RedRainbow","NightDance+1","FitfulNightmare+1","GlobalNightmare+1","Stigmanizer+1","HeartBreak+1","FitfulNightmare+1","Night Terror","CeilingFear","VampirishNight","Pot Of Greed+1","Pot Of Greed+1","Pot Of Greed+1","VampireClaw+1","BloodyMagicSquare","Pot Of Greed","ScarletDevilSign+1","FitfulNightmare+1","Stigmanizer+1","FavorOfDestiny+1","EternalNight+1","DiffusionOfMisfortune","Strike_RM","NightDance+1","KillingBlow","Clumsy","Decay","Greed_TH","Pot Of Greed+1","BlasphemousPunishment","VampireClaw+1","Pain","TricksterDevil+1"],"relics":["ScarletHat","replay:Trail_Library","Gensokyo:CelestialsFlawlessClothing","Replay:Arrowhead","Snack Pack","Replay:Mystery Machine","ScarletEmblem","Quantum Egg","ReplayFunnel","Busted Crown","Grinning Jar","Orichalcum","AntiCross","Ancient Tea Set","Replay:Ancient Bell","Anchor","Golden Egg","TypeBBloodRedTea","Gensokyo:LunaticRedEyes","Peace Pipe","Membership Card"],"acts_visited":["Gensokyo:Gensokyo","Gensokyo:Gensokyoer","TheBeyond","Gensokyo:Gensokyo"],"potions_floor_usage":[47],"damage_taken":[{"damage":0.0,"enemies":"Gensokyo:3_Fairies","floor":1.0,"turns":3.0},{"damage":0.0,"enemies":"Gensokyo:Python","floor":4.0,"turns":4.0},{"damage":22.0,"enemies":"Gensokyo:2_Kodama","floor":5.0,"turns":4.0},{"damage":6.0,"enemies":"Gensokyo:Mamizou","floor":7.0,"turns":7.0},{"damage":3.0,"enemies":"Gensokyo:Kitsune","floor":11.0,"turns":4.0},{"damage":6.0,"enemies":"Gensokyo:Aya","floor":13.0,"turns":3.0},{"damage":22.0,"enemies":"Gensokyo:LivingMonolith","floor":14.0,"turns":4.0},{"damage":6.0,"enemies":"Gensokyo:Reimu","floor":16.0,"turns":4.0},{"damage":38.0,"enemies":"Gensokyo:CosmicMonolith","floor":18.0,"turns":2.0},{"damage":22.0,"enemies":"Gensokyo:Chomper","floor":20.0,"turns":3.0},{"damage":15.0,"enemies":"Gensokyo:Monolith_and_Dog","floor":21.0,"turns":3.0},{"damage":11.0,"enemies":"Gensokyo:Wraith","floor":22.0,"turns":5.0},{"damage":9.0,"enemies":"Gensokyo:Koishi","floor":23.0,"turns":7.0},{"damage":9.0,"enemies":"Gensokyo:Chomper_and_Gloop","floor":24.0,"turns":4.0},{"damage":10.0,"enemies":"Gensokyo:Slime_Group","floor":25.0,"turns":4.0},{"damage":8.0,"enemies":"Gensokyo:Mirror_and_Dog","floor":28.0,"turns":3.0},{"damage":17.0,"enemies":"Gensokyo:Eternal_Rivals","floor":33.0,"turns":10.0},{"damage":38.0,"enemies":"Orb Walker","floor":35.0,"turns":3.0},{"damage":35.0,"enemies":"3 Darklings","floor":38.0,"turns":4.0},{"damage":14.0,"enemies":"Spire Growth","floor":39.0,"turns":3.0},{"damage":13,"enemies":"Transient","floor":40,"turns":5},{"damage":40,"enemies":"Giant Head","floor":44,"turns":8},{"damage":16,"enemies":"Sphere and 2 Shapes","floor":45,"turns":4},{"damage":18,"enemies":"Reptomancer","floor":47,"turns":3},{"damage":10,"enemies":"Jaw Worm Horde","floor":48,"turns":3},{"damage":13,"enemies":"Time Eater","floor":50,"turns":6},{"damage":0,"enemies":"Gensokyo:Gryphon","floor":52,"turns":2},{"damage":43,"enemies":"Gensokyo:3_Fairies","floor":53,"turns":4},{"damage":23,"enemies":"Gensokyo:2_Kodama","floor":54,"turns":2},{"damage":23,"enemies":"Gensokyo:Cirno","floor":55,"turns":4},{"damage":8,"enemies":"Gensokyo:Mamizou","floor":58,"turns":3},{"damage":7,"enemies":"Gensokyo:VengefulSpirit","floor":59,"turns":2}],"seed_played":"-3002122157900722150","potions_obtained":[{"floor":5.0,"key":"DuplicationPotion"},{"floor":11.0,"key":"LiquidBronze"},{"floor":13.0,"key":"PowerPotion"},{"floor":14.0,"key":"PowerPotion"},{"floor":18.0,"key":"Strength Potion"},{"floor":21.0,"key":"ColorlessPotion"},{"floor":23.0,"key":"Toxic Potion"},{"floor":25.0,"key":"GamblersBrew"},{"floor":28.0,"key":"ColorlessPotion"},{"floor":38.0,"key":"DistilledChaos"},{"floor":47,"key":"Milkshake"},{"floor":55,"key":"AttackPotion"}],"is_trial":true,"path_per_floor":["M","?","?","M","M","R","E","?","T","R","M","R","E","M","R","B",null,"M","$","M","M","M","E","M","M","T","R","M","R","?","?","R","B",null,"M","$","?","M","M","M","R","?","T","E","M","?","E","M","R","B",null,"M","M","M","E","?","R","E","M","T","R","$"],"character_chosen":"REMILIA","items_purchased":["UnstableMagic","HunterOfTheNight","RedRainbow","DevilSight","Grinning Jar","VampireClaw","BloodyMagicSquare","Membership Card"],"campfire_rested":1,"item_purchase_floors":[19,19,19,19,36,36,36,62],"current_hp_per_floor":[75,75,57,57,37,37,37,37,37,37,36,36,40,18,18,36,75,44,44,29,22,17,17,19,15,15,15,15,15,8,8,30,40,75,41,41,41,27,25,33,33,33,33,32,21,21,19,15,15,26,81,81,42,22,10,10,10,11,9,9,9,0,0],"gold":149,"neow_bonus":"","is_daily":false,"chose_seed":false,"campfire_upgraded":19,"win_rate":0.0,"timestamp":1607806271,"path_taken":["M","?","?","M","?","R","E","?","T","R","M","R","E","M","R","BOSS","M","$","M","M","M","E","M","M","T","R","M","R","?","?","R","BOSS","M","$","?","M","M","M","R","?","T","E","?","?","E","M","R","BOSS","M","?","M","?","?","R","E","?","T","R","$"],"items_purchased_type":["Card","Card","Card","Card","Relic","Card","Card","Relic"],"build_version":"2020-11-30","purchased_purges":1,"victory":false,"max_hp_per_floor":[75,75,75,75,75,75,75,75,75,75,75,75,75,75,75,75,75,75,75,75,75,75,75,75,75,75,75,75,75,75,75,75,75,75,75,75,75,78,78,78,78,78,78,81,81,81,81,81,81,81,81,81,81,81,81,81,81,81,81,81,81,81,81],"card_choices":[{"not_picked":["VampireKiss","LeisurelyOfLord"],"picked":"BloodAndWine","floor":1.0},{"not_picked":["NightDance","EndlessAdversity"],"picked":"UltimateOffering","floor":4.0},{"not_picked":["VampireKiss","BlasphemousPunishment"],"picked":"RedRainbow","floor":5.0},{"not_picked":["ChainGang","VampireKiss"],"picked":"TransientEternity","floor":7.0},{"not_picked":["BombardNight","ScarletDevil"],"picked":"UnstableMagic","floor":11.0},{"not_picked":["GlobalNightmare","RedRainbow"],"picked":"BloodyMagicSquare","floor":13.0},{"not_picked":["MastersStateliness","MillenniumVampire"],"picked":"BombardNight","floor":14.0},{"not_picked":["ScarletMeister","BloodySeventeenLaser"],"picked":"EquivalentExchange","floor":16.0},{"not_picked":["ScarletImprint","VampireKiss"],"picked":"VampireClaw","floor":18.0},{"not_picked":["Ultimatum","BloodyMagicSquare"],"picked":"NightDance","floor":20.0},{"not_picked":["StarOfDavid","ForbiddenFruit"],"picked":"RedRainbow","floor":21.0},{"not_picked":["Stigmanizer","MastersStateliness+1"],"picked":"NightDance","floor":22.0},{"not_picked":["NightDance","BloodHunter+1"],"picked":"FitfulNightmare","floor":23.0},{"not_picked":["UltimateOffering","RedRainbow"],"picked":"GlobalNightmare+1","floor":24.0},{"not_picked":["EndlessAdversity","RedRainbow"],"picked":"Stigmanizer+1","floor":25.0},{"not_picked":["NightLord+1","TransientEternity"],"picked":"FitfulNightmare","floor":28.0},{"not_picked":["TricksterDevil","ChaoticDestiny"],"picked":"CeilingFear","floor":33.0},{"not_picked":[],"picked":"VampirishNight","floor":35.0},{"not_picked":[],"picked":"ScarletDevilSign","floor":38.0},{"not_picked":[],"picked":"FitfulNightmare+1","floor":39.0},{"not_picked":[],"picked":"Stigmanizer+1","floor":40},{"not_picked":[],"picked":"FavorOfDestiny","floor":44},{"not_picked":[],"picked":"EternalNight+1","floor":45},{"not_picked":[],"picked":"NightDance+1","floor":47},{"not_picked":["BombardNight"],"picked":"SKIP","floor":48},{"not_picked":[],"picked":"KillingBlow","floor":50},{"not_picked":[],"picked":"Clumsy","floor":51},{"not_picked":[],"picked":"Decay","floor":51},{"not_picked":[],"picked":"Greed_TH","floor":51},{"not_picked":[],"picked":"BlasphemousPunishment","floor":52},{"not_picked":[],"picked":"VampireClaw","floor":53},{"not_picked":["NightDance"],"picked":"SKIP","floor":54},{"not_picked":["ScarletDevil"],"picked":"SKIP","floor":55},{"not_picked":["NightDance"],"picked":"SKIP","floor":58},{"not_picked":["BlasphemousPunishment"],"picked":"SKIP","floor":59}],"player_experience":491285,"relics_obtained":[{"floor":7.0,"key":"Replay:Arrowhead"},{"floor":9.0,"key":"Snack Pack"},{"floor":13.0,"key":"Replay:Mystery Machine"},{"floor":23.0,"key":"Quantum Egg"},{"floor":26.0,"key":"ReplayFunnel"},{"floor":43,"key":"Orichalcum"},{"floor":44,"key":"AntiCross"},{"floor":47,"key":"Ancient Tea Set"},{"floor":60,"key":"Peace Pipe"}],"event_choices":[{"cards_removed":["TransientEternity"],"damage_healed":0.0,"max_hp_gain":0.0,"max_hp_loss":0.0,"gold_gain":0.0,"event_name":"Falling","player_choice":"Removed Power","floor":37.0,"gold_loss":0.0,"damage_taken":0.0},{"damage_healed":0,"gold_gain":0,"player_choice":"Upgraded","damage_taken":0,"max_hp_gain":0,"max_hp_loss":0,"event_name":"Upgrade Shrine","floor":42,"gold_loss":0,"cards_upgraded":["VampireClaw"]},{"damage_healed":0,"gold_gain":0,"cards_transformed":["LeisurelyOfLord"],"player_choice":"Transformed","damage_taken":0,"max_hp_gain":0,"max_hp_loss":0,"event_name":"Transmorgrifier","floor":46,"gold_loss":0,"cards_obtained":["DiffusionOfMisfortune"]}],"is_beta":false,"boss_relics":[{"not_picked":["Sozu","Velvet Choker"],"picked":"ScarletEmblem"},{"not_picked":["Cursed Key","SlaversCollar"],"picked":"Busted Crown"},{"not_picked":["Honey Jar","Runic Dome"],"picked":"Replay:Ancient Bell"},{"not_picked":["Lantern","Replay:Wax Seal"],"picked":"Anchor"},{"not_picked":["White Beast Statue","HornCleat"],"picked":"Golden Egg"},{"not_picked":["Durian","Girya"],"picked":"TypeBBloodRedTea"}],"items_purged_floors":[19],"is_endless":true,"potions_floor_spawned":[5,11,13,14,18,21,23,25,28,38,44,47,48,53,55,58],"ascension_level":0}}