{"host":"ok3pmhc1fiz31noj","time":1607795166,"event":{"mods":["AchievementEnabler","BaseMod","Colored Map","Minty Spire (QoL Compilation)","Quick Restart","Replay The Spire","StSLib"],"gold_per_floor":[115,128,128,329,356,388,408,424,449,449,469,419,419,17,17,113,113,127,52,72,72,72,100,100,100,152,52,52,52,52,69,69,165,165,185,235,249,249,249,249,268,278,278,278,292,292,342,217,217,217],"floor_reached":51,"playtime":1479,"items_purged":["Defend_G","Strike_G","Languid"],"score":611,"play_id":"ab074b03-f28a-4261-9558-5a9a7aa7e474","local_time":"20201213014606","is_ascension_mode":false,"campfire_choices":[{"data":"Deadly Poison","floor":15,"key":"SMITH"},{"data":"Blade Dance","floor":25,"key":"SMITH"},{"floor":32,"key":"REST"},{"data":"Blade Dance","floor":40,"key":"SMITH"},{"data":"Distraction","floor":44,"key":"SMITH"},{"data":"Writhe","floor":49,"key":"PURGE"}],"circlet_count":0,"master_deck":["Strike_G","Strike_G","Defend_G","Survivor","Noxious Fumes+1","Deadly Poison+1","Blade Dance+1","Blade Dance+1","Distraction+1","ReplayTheSpireMod:Tripwire+1","Blade Dance+1","Infinite Blades+1"],"relics":["NeowsBlessing","Art of War","Bird Faced Urn","Bronze Scales","Sizzling Blood","Replay:Baseball","Matryoshka","WristBlade","Enchiridion","Shuriken","White Beast Statue","Replay:Mystery Machine","Gremlin Food","Juzu Bracelet","Eternal Feather","Empty Cage","Durian","Replay:Bottled Eggs","Ring of Greed","Tiny Chest","Blue Doll","ReplayTheSpireMod:Ring of Challenge"],"acts_visited":["Exordium","TheCity","TheBeyond"],"potions_floor_usage":[11,16,23,33,36,37,41,42,50],"damage_taken":[{"damage":0,"enemies":"Jaw Worm","floor":1,"turns":1},{"damage":0,"enemies":"Small Slimes","floor":2,"turns":1},{"damage":0,"enemies":"Lagavulin","floor":6,"turns":1},{"damage":13,"enemies":"Cultist","floor":7,"turns":4},{"damage":6,"enemies":"2 Fungi Beasts","floor":8,"turns":4},{"damage":0,"enemies":"Large Slime","floor":11,"turns":5},{"damage":54,"enemies":"Slime Boss","floor":16,"turns":8},{"damage":31,"enemies":"2 Thieves","floor":18,"turns":5},{"damage":0,"enemies":"3 Byrds","floor":20,"turns":3},{"damage":20,"enemies":"Book of Stabbing","floor":23,"turns":4},{"damage":0,"enemies":"Cultist and Chosen","floor":31,"turns":2},{"damage":10,"enemies":"Collector","floor":33,"turns":6},{"damage":26,"enemies":"3 Darklings","floor":35,"turns":4},{"damage":46,"enemies":"2 Orb Walkers","floor":36,"turns":4},{"damage":16,"enemies":"3 Shapes","floor":37,"turns":3},{"damage":23,"enemies":"Spire Growth","floor":41,"turns":3},{"damage":19,"enemies":"3 Darklings","floor":42,"turns":3},{"damage":9,"enemies":"Maw","floor":45,"turns":5},{"damage":51,"enemies":"Replay:Hell Engine","floor":50,"turns":5}],"seed_played":"-5835599542591296182","potions_obtained":[{"floor":2,"key":"FearPotion"},{"floor":11,"key":"Adrenaline Potion"},{"floor":18,"key":"Ancient Potion"},{"floor":31,"key":"FearPotion"},{"floor":33,"key":"Explosive Potion"},{"floor":35,"key":"SkillPotion"},{"floor":36,"key":"Elixir"},{"floor":37,"key":"Adrenaline Potion"},{"floor":41,"key":"Swift Potion"},{"floor":42,"key":"Fruit Juice"},{"floor":45,"key":"Strength Potion"}],"is_trial":false,"path_per_floor":["M","M","?","?","T","E","M","M","T","?","M","?","?","$","R","B",null,"M","$","M","?","?","E","?","R","T","$","?","T","?","M","R","B",null,"M","?","M","?","?","R","M","M","T","R","M","?","?","$","R_BF","B",null],"character_chosen":"THE_SILENT","items_purchased":["Replay:Baseball","Matryoshka"],"campfire_rested":1,"item_purchase_floors":[14,14],"current_hp_per_floor":[70,70,63,63,63,63,52,48,48,48,50,50,54,54,54,6,74,49,49,55,39,39,27,27,27,27,27,27,27,13,19,48,46,79,57,24,16,37,73,73,54,48,48,54,55,55,55,55,61,20],"gold":217,"neow_bonus":"THREE_ENEMY_KILL","is_daily":false,"chose_seed":false,"campfire_upgraded":4,"win_rate":0.0,"timestamp":1607795166,"path_taken":["M","M","?","?","?","E","M","M","T","?","?","?","?","$","R","BOSS","M","$","M","?","?","E","?","R","T","$","?","?","?","M","R","BOSS","M","?","M","?","?","R","M","M","T","R","M","?","?","$","R_BF","BOSS"],"items_purchased_type":["Relic","Relic"],"build_version":"2020-11-30","purchased_purges":3,"victory":true,"max_hp_per_floor":[70,70,70,70,70,70,70,70,70,70,70,70,74,74,74,74,74,74,74,74,74,74,74,74,74,74,74,74,74,79,79,79,79,79,79,84,84,84,73,73,73,78,78,78,78,78,78,78,78,78],"card_choices":[{"not_picked":["Hidden Blade","Outmaneuver"],"picked":"Noxious Fumes","floor":1},{"not_picked":["Footwork","Flying Knee"],"picked":"Deadly Poison","floor":2},{"not_picked":["Prepared","Flechettes","Terror"],"picked":"SKIP","floor":6},{"not_picked":["Concentrate","Wraith Form v2","Flying Knee"],"picked":"SKIP","floor":7},{"not_picked":["Quick Slash","Backflip","Terror"],"picked":"SKIP","floor":8},{"not_picked":["Blur","Acrobatics","Sucker Punch"],"picked":"SKIP","floor":11},{"not_picked":["Toxin Wave","Crippling Poison"],"picked":"Blade Dance","floor":18},{"not_picked":["Noxious Fumes","Acrobatics+1"],"picked":"Blade Dance","floor":20},{"not_picked":["Bane","Poisoned Stab"],"picked":"Blade Dance","floor":23},{"not_picked":["Backflip","Cloak And Dagger","Poisoned Stab"],"picked":"SKIP","floor":31},{"not_picked":["Expertise+1","Flying Knee+1","Calculated Gamble+1"],"picked":"SKIP","floor":35},{"not_picked":["Deflect+1","Catalyst+1","Dagger Spray+1"],"picked":"SKIP","floor":37},{"not_picked":["PiercingWail","Quick Slash+1"],"picked":"Infinite Blades+1","floor":41},{"not_picked":["ReplayTheSpireMod:The Works+1","Escape Plan","PiercingWail"],"picked":"SKIP","floor":42},{"not_picked":["All Out Attack+1","Dagger Spray+1","Bullet Time"],"picked":"SKIP","floor":45}],"player_experience":179852,"relics_obtained":[{"floor":5,"key":"Art of War"},{"floor":6,"key":"Bird Faced Urn"},{"floor":9,"key":"Bronze Scales"},{"floor":21,"key":"Enchiridion"},{"floor":23,"key":"Shuriken"},{"floor":26,"key":"Replay:Mystery Machine"},{"floor":26,"key":"Gremlin Food"},{"floor":29,"key":"Juzu Bracelet"},{"floor":29,"key":"Eternal Feather"},{"floor":36,"key":"Durian"},{"floor":43,"key":"Replay:Bottled Eggs"},{"floor":47,"key":"Ring of Greed"},{"floor":47,"key":"Tiny Chest"},{"floor":47,"key":"Blue Doll"},{"floor":47,"key":"ReplayTheSpireMod:Ring of Challenge"}],"event_choices":[{"cards_removed":["Defend_G"],"damage_healed":0,"gold_gain":0,"player_choice":"Card Removal","damage_taken":7,"max_hp_gain":0,"max_hp_loss":0,"event_name":"Golden Wing","floor":3,"gold_loss":0},{"damage_healed":0,"gold_gain":0,"player_choice":"Forge","damage_taken":0,"max_hp_gain":0,"max_hp_loss":0,"event_name":"Accursed Blacksmith","floor":10,"gold_loss":0,"cards_upgraded":["Noxious Fumes"]},{"cards_removed":["Strike_G"],"damage_healed":0,"gold_gain":0,"player_choice":"Card Removal","damage_taken":0,"max_hp_gain":0,"max_hp_loss":0,"event_name":"The Cleric","floor":12,"gold_loss":50},{"damage_healed":0,"gold_gain":0,"player_choice":"Obtained Book","damage_taken":16,"max_hp_gain":0,"max_hp_loss":0,"event_name":"Cursed Tome","floor":21,"gold_loss":0},{"damage_healed":0,"gold_gain":0,"cards_transformed":["Strike_G","Defend_G"],"player_choice":"Became Test Subject","damage_taken":0,"max_hp_gain":0,"max_hp_loss":0,"event_name":"Drug Dealer","floor":22,"gold_loss":0,"cards_obtained":["Distraction","ReplayTheSpireMod:Tripwire"]},{"damage_healed":0,"gold_gain":0,"player_choice":"Ignored","damage_taken":0,"max_hp_gain":0,"max_hp_loss":0,"event_name":"Ghosts","floor":28,"gold_loss":0},{"damage_healed":0,"gold_gain":0,"player_choice":"Shed Blood","damage_taken":19,"max_hp_gain":5,"max_hp_loss":0,"event_name":"Forgotten Altar","floor":30,"gold_loss":0},{"damage_healed":0,"gold_gain":0,"player_choice":"Fight","damage_taken":0,"max_hp_gain":0,"max_hp_loss":0,"event_name":"Mysterious Sphere","floor":36,"gold_loss":0},{"damage_healed":21,"gold_gain":0,"player_choice":"Writhe","damage_taken":0,"max_hp_gain":0,"max_hp_loss":0,"event_name":"Winding Halls","floor":38,"gold_loss":0,"cards_obtained":["Writhe"]},{"damage_healed":73,"gold_gain":0,"player_choice":"Heal","damage_taken":0,"max_hp_gain":0,"max_hp_loss":11,"event_name":"The Moai Head","floor":39,"gold_loss":0},{"damage_healed":0,"gold_gain":0,"player_choice":"Ignored","damage_taken":0,"max_hp_gain":0,"max_hp_loss":0,"event_name":"Tomb of Lord Red Mask","floor":46,"gold_loss":0}],"is_beta":false,"boss_relics":[{"not_picked":["Replay:Bronze Core","Replay:Grab Bag"],"picked":"WristBlade"},{"not_picked":["Snecko Scales","Calling Bell"],"picked":"Empty Cage"}],"items_purged_floors":[19,27,48],"is_endless":false,"potions_floor_spawned":[2,11,18,31,33,35,36,37,41,42,45],"ascension_level":0}}