{"host":"yk98keyoflza93y0","time":1607809301,"event":{"mods":["AchievementEnabler","BaseMod","BetterRewards","Card Forge","Colored Map","DeckTracker","Minty Spire (QoL Compilation)","Shop Mod","StSLib","SuperFastMode"],"gold_per_floor":[120,882,882,544,564,564,601,36,36,80,114,162,6,18,18,106,106,117,128,128,854,804,836,850,877,877,886,886,924,924,962,962,1035,1035,1049,1059,959,974,974,974,999,1019,1046,1073,1073,1073,512,532,532,532,532,532,532,105,135,135],"floor_reached":57,"playtime":1584,"items_purged":["Bash","Blade Dance","Writhe","Blade Dance+1"],"score":4458,"play_id":"b0d22637-0c18-4599-85f4-fd54771d2990","local_time":"20201213064141","is_ascension_mode":true,"campfire_choices":[{"data":"Blade Dance","floor":6,"key":"SMITH"},{"floor":15,"key":"DIG"},{"floor":28,"key":"DIG"},{"floor":32,"key":"DIG"},{"floor":40,"key":"DIG"},{"floor":46,"key":"RECALL"},{"floor":49,"key":"DIG"},{"floor":53,"key":"DIG"}],"circlet_count":1,"master_deck":["AscendersBane","Cloak And Dagger+1","Blade Dance+1","Blade Dance+1","Cloak And Dagger+1","Accuracy+1","Cloak And Dagger+1","Cloak And Dagger+1","Flex+1","Dark Embrace+1","Seeing Red+1","Disarm+1","Limit Break+1","True Grit+1","Limit Break+1","Feel No Pain+1"],"relics":["Burning Blood","Hammer of Thor","Seething Fire","Anvil of the Gods","HornCleat","CeramicFish","Shovel","Charon\u0027s Ashes","PreservedInsect","Turnip","Oddly Smooth Stone","Toy Ornithopter","Mango","Vajra","MealTicket","Unceasing Top","Matryoshka","Torii","Circlet","TheAbacus","Bag of Marbles","Centennial Puzzle","Pantograph","HandDrill","Blood Vial","Orichalcum","MawBank","Nunchaku","Bronze Scales","Gremlin Horn","OrangePellets","Dream Catcher","Mark of Pain","Ornamental Fan","Potion Belt","War Paint","White Beast Statue","InkBottle","Lantern","Kunai","Pen Nib","Whetstone","Regal Pillow","Busted Crown","Sundial","Bag of Preparation","Happy Flower","Medical Kit","Meat on the Bone","Mummified Hand","Shuriken","Paper Frog","Boot"],"acts_visited":["Exordium","TheCity","TheBeyond","TheEnding"],"potions_floor_usage":[3,12,56,56,56,56],"damage_taken":[{"damage":0,"enemies":"Jaw Worm","floor":1,"turns":1},{"damage":0,"enemies":"Cultist","floor":5,"turns":2},{"damage":0,"enemies":"3 Sentries","floor":7,"turns":2},{"damage":0,"enemies":"Lagavulin","floor":10,"turns":1},{"damage":0,"enemies":"2 Louse","floor":11,"turns":1},{"damage":0,"enemies":"3 Sentries","floor":12,"turns":1},{"damage":0,"enemies":"Exordium Wildlife","floor":14,"turns":1},{"damage":1,"enemies":"The Guardian","floor":16,"turns":4},{"damage":0,"enemies":"2 Thieves","floor":18,"turns":1},{"damage":0,"enemies":"Chosen","floor":19,"turns":1},{"damage":0,"enemies":"Gremlin Leader","floor":23,"turns":1},{"damage":0,"enemies":"Centurion and Healer","floor":24,"turns":1},{"damage":0,"enemies":"Slavers","floor":25,"turns":1},{"damage":1,"enemies":"Book of Stabbing","floor":29,"turns":3},{"damage":0,"enemies":"Slavers","floor":31,"turns":1},{"damage":0,"enemies":"Champ","floor":33,"turns":3},{"damage":0,"enemies":"Orb Walker","floor":35,"turns":1},{"damage":14,"enemies":"3 Shapes","floor":36,"turns":2},{"damage":0,"enemies":"Jaw Worm Horde","floor":38,"turns":1},{"damage":0,"enemies":"Nemesis","floor":41,"turns":3},{"damage":0,"enemies":"Maw","floor":42,"turns":2},{"damage":0,"enemies":"Giant Head","floor":44,"turns":1},{"damage":0,"enemies":"3 Darklings","floor":48,"turns":1},{"damage":0,"enemies":"Donu and Deca","floor":50,"turns":1},{"damage":0,"enemies":"Time Eater","floor":51,"turns":3},{"damage":0,"enemies":"Shield and Spear","floor":55,"turns":1},{"damage":3,"enemies":"The Heart","floor":56,"turns":4}],"seed_played":"4175876574888264275","potions_obtained":[{"floor":3,"key":"EssenceOfSteel"},{"floor":3,"key":"Fruit Juice"},{"floor":5,"key":"ElixirPotion"},{"floor":12,"key":"Fruit Juice"},{"floor":24,"key":"Dexterity Potion"},{"floor":25,"key":"Strength Potion"},{"floor":29,"key":"PowerPotion"},{"floor":31,"key":"Swift Potion"},{"floor":33,"key":"SteroidPotion"},{"floor":36,"key":"SteroidPotion"},{"floor":41,"key":"SteroidPotion"}],"is_trial":false,"path_per_floor":["M","$","?","$","M","R","E","$","T","E","M","E","$","M","R","B",null,"M","M","?","$","?","E","M","E","T","?","R","E","?","E","R","B",null,"M","M","$","M","?","R","E","M","T","E","?","R","$","M","R","B","B",null,"R","$","E","B",null],"character_chosen":"IRONCLAD","items_purchased":["HornCleat","CeramicFish","Charon\u0027s Ashes","PreservedInsect","Oddly Smooth Stone","Toy Ornithopter","Vajra","MealTicket","Matryoshka","Dark Embrace","TheAbacus","Bag of Marbles","Centennial Puzzle","HandDrill","Blood Vial","Orichalcum","OrangePellets","Ornamental Fan","Medical Kit","Meat on the Bone","Paper Frog"],"campfire_rested":0,"item_purchase_floors":[0,0,0,0,0,0,0,0,0,2,2,4,4,8,8,8,13,21,47,47,54],"current_hp_per_floor":[88,89,94,94,94,94,94,94,94,94,94,99,99,99,99,99,99,99,99,99,99,99,99,99,99,99,99,99,99,99,99,99,99,99,99,91,99,99,99,99,99,99,99,99,99,99,99,99,99,99,99,99,99,99,99,99],"gold":135,"neow_bonus":"","is_daily":false,"chose_seed":false,"campfire_upgraded":1,"win_rate":0.0,"timestamp":1607809301,"path_taken":["M","$","?","?","?","R","E","?","T","E","M","E","$","?","R","BOSS","M","M","?","$","?","E","?","E","T","?","R","E","?","E","R","BOSS","M","M","$","M","?","R","E","?","T","E","?","R","$","M","R","BOSS","BOSS","R","$","E","BOSS"],"items_purchased_type":["Relic","Relic","Relic","Relic","Relic","Relic","Relic","Relic","Relic","Card","Relic","Relic","Relic","Relic","Relic","Relic","Relic","Relic","Relic","Relic","Relic"],"build_version":"2020-11-30","purchased_purges":4,"victory":true,"max_hp_per_floor":[89,89,94,94,94,94,94,94,94,94,94,99,99,99,99,99,99,99,99,99,99,99,99,99,99,99,99,99,99,99,99,99,99,99,99,99,99,99,99,99,99,99,99,99,99,99,99,99,99,99,99,99,99,99,99,99],"card_choices":[{"not_picked":["Power Through","Headbutt"],"picked":"Flex","floor":1},{"not_picked":["Armaments","Shrug It Off","Heavy Blade"],"picked":"SKIP","floor":5},{"not_picked":["Reckless Charge","Spot Weakness"],"picked":"Evolve","floor":7},{"not_picked":["Thunderclap","Iron Wave","Uppercut"],"picked":"SKIP","floor":10},{"not_picked":["Searing Blow","Reckless Charge"],"picked":"Seeing Red","floor":11},{"not_picked":["Reaper","Havoc"],"picked":"Disarm","floor":12},{"not_picked":["Iron Wave","Dropkick","Flex"],"picked":"SKIP","floor":14},{"not_picked":["Impervious","Reaper"],"picked":"Limit Break","floor":16},{"not_picked":["Twin Strike","Anger+1","Shrug It Off+1"],"picked":"SKIP","floor":18},{"not_picked":["Iron Wave","Twin Strike","Thunderclap"],"picked":"SKIP","floor":19},{"not_picked":["Armaments","Corruption","Headbutt"],"picked":"SKIP","floor":23},{"not_picked":["Body Slam","Dark Embrace","Blood for Blood"],"picked":"SKIP","floor":24},{"not_picked":["Thunderclap+1","Disarm","Body Slam"],"picked":"SKIP","floor":25},{"not_picked":["Anger","Brutality"],"picked":"True Grit+1","floor":29},{"not_picked":["Sword Boomerang","Warcry"],"picked":"Limit Break","floor":31},{"not_picked":["Thunderclap"],"picked":"SKIP","floor":35},{"not_picked":["Headbutt"],"picked":"SKIP","floor":36},{"not_picked":["Clothesline+1"],"picked":"SKIP","floor":38},{"not_picked":["Limit Break"],"picked":"SKIP","floor":41},{"not_picked":["Armaments"],"picked":"SKIP","floor":42},{"not_picked":["Seeing Red+1"],"picked":"SKIP","floor":44},{"not_picked":["Pommel Strike"],"picked":"SKIP","floor":48},{"not_picked":["Spot Weakness"],"picked":"SKIP","floor":55}],"player_experience":1457003,"relics_obtained":[{"floor":7,"key":"Pantograph"},{"floor":9,"key":"MawBank"},{"floor":9,"key":"Nunchaku"},{"floor":10,"key":"Bronze Scales"},{"floor":12,"key":"Gremlin Horn"},{"floor":15,"key":"Dream Catcher"},{"floor":23,"key":"Potion Belt"},{"floor":25,"key":"War Paint"},{"floor":26,"key":"White Beast Statue"},{"floor":26,"key":"InkBottle"},{"floor":28,"key":"Kunai"},{"floor":29,"key":"Pen Nib"},{"floor":31,"key":"Whetstone"},{"floor":32,"key":"Regal Pillow"},{"floor":40,"key":"Sundial"},{"floor":41,"key":"Bag of Preparation"},{"floor":44,"key":"Happy Flower"},{"floor":49,"key":"Mummified Hand"},{"floor":53,"key":"Shuriken"},{"floor":55,"key":"Boot"}],"event_choices":[{"damage_healed":0,"gold_gain":0,"player_choice":"Got Potions","damage_taken":0,"max_hp_gain":0,"max_hp_loss":0,"event_name":"Lab","floor":3,"gold_loss":0},{"damage_healed":0,"gold_gain":0,"player_choice":"Ignored","damage_taken":0,"max_hp_gain":0,"max_hp_loss":0,"event_name":"Vampires","floor":20,"gold_loss":0},{"damage_healed":0,"gold_gain":0,"player_choice":"Upgraded Two","damage_taken":0,"max_hp_gain":0,"max_hp_loss":0,"event_name":"Designer","floor":22,"gold_loss":50,"cards_upgraded":["Blade Dance","Cloak And Dagger"]},{"damage_healed":0,"gold_gain":0,"player_choice":"Opened","damage_taken":0,"relics_obtained":["Lantern"],"max_hp_gain":0,"max_hp_loss":0,"event_name":"The Mausoleum","floor":27,"gold_loss":0,"cards_obtained":["Writhe"]},{"damage_healed":0,"gold_gain":0,"player_choice":"Ignored","damage_taken":0,"max_hp_gain":0,"max_hp_loss":0,"event_name":"Ghosts","floor":30,"gold_loss":0},{"cards_removed":["Blade Dance"],"damage_healed":5,"gold_gain":0,"player_choice":"Offered Common","damage_taken":0,"max_hp_gain":0,"max_hp_loss":0,"event_name":"Bonfire Elementals","floor":39,"gold_loss":0},{"cards_removed":["Blade Dance"],"damage_healed":5,"gold_gain":0,"player_choice":"Offered Special","damage_taken":0,"max_hp_gain":0,"max_hp_loss":0,"event_name":"Bonfire Elementals","floor":39,"gold_loss":0},{"cards_removed":["Evolve"],"damage_healed":0,"gold_gain":0,"player_choice":"Removed Power","damage_taken":0,"max_hp_gain":0,"max_hp_loss":0,"event_name":"Falling","floor":45,"gold_loss":0}],"is_beta":false,"boss_relics":[{"not_picked":["Sozu","Tiny House"],"picked":"Mark of Pain"},{"not_picked":["Astrolabe","SlaversCollar"],"picked":"Busted Crown"}],"items_purged_floors":[8,37,47,54],"is_endless":false,"potions_floor_spawned":[5,11,12,24,25,29,31,33,35,36,38,41,42,44,48,55],"ascension_level":20}}