{"host":"7tvb1em0d2fx72q7","time":1607748879,"event":{"mods":["BaseMod","Challenge The Spire","Minty Spire (QoL Compilation)","StSLib","everything is the same but u backflip on backflip"],"gold_per_floor":[119,132,149,161,179,179,207,207,255,255,269,294,294,294,294,365,365,381,381,394,267,282,307,307,1,1,1,1,1,1],"floor_reached":29,"playtime":1476,"items_purged":["Pain","Strike_R"],"score":506,"play_id":"ff17514c-b6e0-48de-b12a-8ebd86bcc422","local_time":"20201211235439","is_ascension_mode":true,"campfire_choices":[{"data":"Pommel Strike","floor":6.0,"key":"SMITH"},{"data":"Rampage","floor":8.0,"key":"SMITH"},{"data":"Blood for Blood","floor":10.0,"key":"SMITH"},{"floor":15.0,"key":"REST"},{"floor":24,"key":"REST"}],"circlet_count":0,"master_deck":["AscendersBane","Strike_R","Strike_R","Strike_R","Defend_R","Defend_R","Defend_R","Defend_R","Bash","Pommel Strike+1","Anger","Blood for Blood+1","Inflame","Rampage+1","Burning Pact","Flame Barrier","Limit Break","True Grit","True Grit","Second Wind","Power Through","Spot Weakness","Writhe"],"relics":["Sozu","Gremlin Horn","Orichalcum","Mercury Hourglass","Red Skull","Runic Pyramid","WarpedTongs","Vajra","Medical Kit","HornCleat","Enchiridion"],"acts_visited":["Exordium","TheCity"],"potions_floor_usage":[],"damage_taken":[{"damage":3.0,"enemies":"2 Louse","floor":1.0,"turns":4.0},{"damage":0.0,"enemies":"Small Slimes","floor":2.0,"turns":2.0},{"damage":0.0,"enemies":"Cultist","floor":3.0,"turns":2.0},{"damage":4.0,"enemies":"Red Slaver","floor":4.0,"turns":2.0},{"damage":6.0,"enemies":"2 Fungi Beasts","floor":5.0,"turns":3.0},{"damage":34.0,"enemies":"Gremlin Nob","floor":7.0,"turns":4.0},{"damage":13.0,"enemies":"Large Slime","floor":11.0,"turns":2.0},{"damage":4.0,"enemies":"3 Sentries","floor":12.0,"turns":4.0},{"damage":10.0,"enemies":"Hexaghost","floor":16.0,"turns":7.0},{"damage":21.0,"enemies":"Shell Parasite","floor":18.0,"turns":4.0},{"damage":1.0,"enemies":"3 Byrds","floor":20.0,"turns":4.0},{"damage":13.0,"enemies":"Snake Plant","floor":22.0,"turns":3.0},{"damage":19.0,"enemies":"Book of Stabbing","floor":23.0,"turns":4.0},{"damage":15,"enemies":"Gremlin Leader","floor":29,"turns":2}],"seed_played":"-6426292133989535497","potions_obtained":[],"is_trial":false,"path_per_floor":["M","M","M","M","M","R","E","R","T","R","M","E","?","?","R","B",null,"M","?","M","$","M","E","R","$","T","?","?","E"],"character_chosen":"IRONCLAD","items_purchased":["True Grit","Medical Kit","Spot Weakness"],"campfire_rested":2,"item_purchase_floors":[21,25,25],"current_hp_per_floor":[65,65,65,61,55,55,21,21,21,21,8,4,4,4,26,16,60,39,39,38,38,25,6,28,28,28,28,7,0,0],"gold":1,"neow_bonus":"BOSS_RELIC","is_daily":false,"chose_seed":false,"campfire_upgraded":3,"win_rate":0.0,"timestamp":1607748879,"path_taken":["M","M","M","M","M","R","E","R","T","R","M","E","?","?","R","BOSS","M","?","M","$","M","E","R","?","T","?","?","E"],"items_purchased_type":["Card","Relic","Card"],"build_version":"2020-11-30","purchased_purges":2,"victory":false,"max_hp_per_floor":[75,75,75,75,75,75,75,75,75,75,75,75,75,75,75,75,75,75,75,75,75,75,75,75,75,75,75,75,75,75],"card_choices":[{"not_picked":["Disarm","Twin Strike"],"picked":"Pommel Strike","floor":1.0},{"not_picked":["Evolve","Disarm"],"picked":"Anger","floor":2.0},{"not_picked":["Feel No Pain","Second Wind"],"picked":"Sword Boomerang","floor":3.0},{"not_picked":["Armaments","Evolve"],"picked":"Blood for Blood","floor":4.0},{"not_picked":["Heavy Blade","Entrench"],"picked":"Inflame","floor":5.0},{"not_picked":["Searing Blow","Spot Weakness"],"picked":"Rampage","floor":7.0},{"not_picked":["Flex","Hemokinesis"],"picked":"Burning Pact","floor":11.0},{"not_picked":["Dual Wield","Havoc"],"picked":"Flame Barrier","floor":12.0},{"not_picked":["Corruption","Double Tap"],"picked":"Limit Break","floor":16.0},{"not_picked":["Clash","Cleave","Perfected Strike+1"],"picked":"SKIP","floor":18.0},{"not_picked":["Perfected Strike","Reckless Charge"],"picked":"True Grit","floor":20.0},{"not_picked":["Headbutt","Evolve+1"],"picked":"Second Wind","floor":22.0},{"not_picked":["Rampage","Clash"],"picked":"Power Through","floor":23}],"player_experience":1826444,"relics_obtained":[{"floor":7.0,"key":"Gremlin Horn"},{"floor":9.0,"key":"Orichalcum"},{"floor":12.0,"key":"Mercury Hourglass"},{"floor":23,"key":"Vajra"},{"floor":28,"key":"Enchiridion"}],"event_choices":[{"cards_removed":["Strike_R"],"damage_healed":0.0,"max_hp_gain":0.0,"max_hp_loss":0.0,"gold_gain":0.0,"event_name":"Living Wall","player_choice":"Forget","floor":13.0,"gold_loss":0.0,"damage_taken":0.0},{"cards_removed":["Sword Boomerang"],"damage_healed":0.0,"max_hp_gain":0.0,"max_hp_loss":0.0,"gold_gain":0.0,"event_name":"WeMeetAgain","player_choice":"Gave Card","floor":14.0,"gold_loss":0.0,"damage_taken":0.0,"relics_obtained":["Red Skull"]},{"damage_healed":0.0,"max_hp_gain":0.0,"max_hp_loss":0.0,"gold_gain":0.0,"event_name":"Accursed Blacksmith","player_choice":"Rummage","floor":19.0,"gold_loss":0.0,"damage_taken":0.0,"relics_obtained":["WarpedTongs"],"cards_obtained":["Pain"]},{"damage_healed":0,"gold_gain":0,"player_choice":"Opened","damage_taken":0,"relics_obtained":["HornCleat"],"max_hp_gain":0,"max_hp_loss":0,"event_name":"The Mausoleum","floor":27,"gold_loss":0,"cards_obtained":["Writhe"]},{"damage_healed":0,"gold_gain":0,"player_choice":"Obtained Book","damage_taken":21,"max_hp_gain":0,"max_hp_loss":0,"event_name":"Cursed Tome","floor":28,"gold_loss":0}],"is_beta":false,"boss_relics":[{"not_picked":["Tiny House","Velvet Choker"],"picked":"Runic Pyramid"}],"items_purged_floors":[21,25],"is_endless":false,"potions_floor_spawned":[1,5,11,12,16,18],"killed_by":"Gremlin Leader","ascension_level":20}}