{"host":"5ulchbufvix69gs5","time":1607792929,"event":{"mods":["2.2 Compatiblity","AchievementEnabler","Act Like it!","Aspiration","Bard","BaseMod","Beaked The Cultist","Better Altar","Better Match","Better Note","Better Sensory Stone","Better Skull","Better Third Choice","BetterRewards","CCEM","Colored Map","Conspire","DeckTracker","Downfall","Friendly Minions","GifTheSpireLib","Googly Eyes","Halation","Hallownest","Hermit","Highlight Path","Hubris","Hunter ??","Infinite Spire","Jedi Mod","Jorbs\u0027s Wanderer Trilogy","Mad Scientist","Marisa????????","Mimic Mod","Minty Spire (QoL Compilation)","Permanent Neow","Replay The Spire","Shade Mod","Shop Mod","Spicy Shops","StSLib","Stuff the Spire","The Administrix","The Blackbeard","The Bug Knight","The Construct","The Cursed","The Disciple","The Factory","The Gatherer","The Hierophant","The Jungle","The Mystic","The Necromancer","The Problem Sleuth","The Runesmith","The Servant 0.9.4","The Spell Scribe","The Witch","Unceasing Turn Reminder"],"gold_per_floor":[112,125,125,145,163,194,207,207,247,247,264,284,313,413,413,518,518,528,547,562,562,572,572,600,600,634,646,646,646,671,683,683,787,787,804,586,586,586,598,598,598],"floor_reached":40,"playtime":3775,"items_purged":["Strike_G"],"score":490,"play_id":"2acd9df4-f009-4074-9838-9393cea6a8db","local_time":"20201212180849","is_ascension_mode":false,"campfire_choices":[{"data":"Backstab","floor":8,"key":"SMITH"},{"floor":15,"key":"REST"},{"floor":23,"key":"REST"},{"data":"Discovery","floor":25,"key":"SMITH"},{"floor":29,"key":"REST"},{"floor":32,"key":"REST"}],"circlet_count":0,"master_deck":["Strike_G","Strike_G","Strike_G","Strike_G","Defend_G","Defend_G","Defend_G","Defend_G","Defend_G","Survivor","Neutralize+1","Dagger Spray+1","Flying Knee","Slice","Backstab+1","Backstab","Blade Dance+1","StuffTheSpire:DoubleShiv","Outmaneuver","Flying Knee","hubris:Wrath","Gatherer:Centralize","Discovery+1","infinitespire:Starlight","Infinite Blades","Sucker Punch+1","jedi:pocketpoison","Buffer+1","Cloak And Dagger","Storm of Steel","Blade Dance+1","StuffTheSpire:PestControl","Dodge and Roll","infinitespire:Neurotoxin","Quick Slash+1","Backflip","Adrenaline","Slice+1","beaked:BraceForImpact"],"relics":["StuffTheSpire:OccultApparatus","CCEMRelics:GrindingGear","Dream Catcher","Lantern","ReplayTheSpireMod:SealedPack","infinitespire:PuzzleCube","halation:LettersToHer","aspiration:BeakedSkillbook","Calipers","halation:PinkSoulGem"],"acts_visited":["Exordium","TheCity","TheBeyond"],"potions_floor_usage":[16,16,35],"damage_taken":[{"damage":0,"enemies":"2 Louse","floor":1,"turns":3},{"damage":3,"enemies":"conspire:RoseBush","floor":2,"turns":3},{"damage":0,"enemies":"Small Slimes","floor":4,"turns":2},{"damage":2,"enemies":"Exordium Wildlife","floor":5,"turns":4},{"damage":10,"enemies":"HollowMod:MossKnight","floor":6,"turns":11},{"damage":2,"enemies":"Exordium Thugs","floor":7,"turns":3},{"damage":0,"enemies":"2 Fungi Beasts","floor":9,"turns":6},{"damage":0,"enemies":"2 Fungi Beasts","floor":11,"turns":2},{"damage":0,"enemies":"Looter","floor":12,"turns":2},{"damage":8,"enemies":"Lagavulin","floor":13,"turns":5},{"damage":55,"enemies":"The Guardian","floor":16,"turns":10},{"damage":0,"enemies":"Shell Parasite","floor":18,"turns":3},{"damage":9,"enemies":"Snake Plant","floor":19,"turns":5},{"damage":17,"enemies":"conspire:HollyBat","floor":20,"turns":5},{"damage":38,"enemies":"Sentry and Sphere","floor":22,"turns":6},{"damage":0,"enemies":"conspire:Head Lice","floor":24,"turns":13},{"damage":6,"enemies":"Centurion and Healer","floor":26,"turns":7},{"damage":17,"enemies":"Centurion and Healer","floor":27,"turns":6},{"damage":11,"enemies":"Book of Stabbing","floor":30,"turns":4},{"damage":17,"enemies":"conspire:HollyBat","floor":31,"turns":9},{"damage":43,"enemies":"Automaton","floor":33,"turns":11},{"damage":0,"enemies":"3 Darklings","floor":35,"turns":4},{"damage":11,"enemies":"3 Shapes","floor":39,"turns":3},{"damage":70,"enemies":"beaked:SuperParasite","floor":40,"turns":7}],"seed_played":"-7134774086906658838","potions_obtained":[{"floor":1,"key":"Dexterity Potion"},{"floor":4,"key":"ColorlessPotion"},{"floor":6,"key":"Swift Potion"},{"floor":11,"key":"Guardian:BlockOnCardUsePotion"},{"floor":16,"key":"Milkshake"},{"floor":18,"key":"Venom Potion"}],"is_trial":false,"path_per_floor":["M","M","?","M","M","E","M","R","MIM","?","M","M","E","?","R","B",null,"M","M","M","?","M","R","E","R","MIM","M","?","R","E","M","R","B",null,"M","$","?","?","M","E"],"character_chosen":"THE_SILENT","items_purchased":["Calipers"],"campfire_rested":4,"item_purchase_floors":[36],"current_hp_per_floor":[70,67,67,67,65,55,53,53,53,53,53,53,45,45,66,11,70,70,70,53,53,15,36,51,51,55,48,28,49,38,31,52,24,70,70,70,70,70,59,0,0],"gold":598,"neow_bonus":"UPGRADE_CARD","is_daily":false,"chose_seed":false,"campfire_upgraded":2,"win_rate":0.0,"timestamp":1607792929,"path_taken":["M","M","?","?","M","E","M","R","MIM","?","?","M","E","?","R","BOSS","M","M","M","?","M","R","E","R","MIM","?","?","R","E","M","R","BOSS","M","$","?","?","M","E"],"items_purchased_type":["Relic"],"build_version":"2020-11-30","purchased_purges":1,"victory":false,"max_hp_per_floor":[70,70,70,70,70,70,70,70,70,70,70,70,70,70,70,70,70,70,70,70,70,70,70,70,70,70,70,70,70,70,70,70,70,70,70,70,70,70,70,70,70],"card_choices":[{"not_picked":["Sucker Punch","StuffTheSpire:BumpUp"],"picked":"Dagger Spray","floor":1},{"not_picked":["StuffTheSpire:Shiver","Bouncing Flask"],"picked":"Flying Knee","floor":2},{"not_picked":["Deflect","Replay:Poison Smokescreen"],"picked":"Slice","floor":4},{"not_picked":["ReplayTheSpireMod:Shiv Toss","StuffTheSpire:ClusterCrunch"],"picked":"Backstab","floor":5},{"not_picked":["Footwork","Atom Bomb","PiercingWail"],"picked":"SKIP","floor":6},{"not_picked":["conspire:PoisonWeapons","Reflex"],"picked":"Backstab","floor":7},{"not_picked":["Backflip","Accuracy"],"picked":"Blade Dance","floor":9},{"not_picked":["PiercingWail","Leg Sweep","Dodge and Roll"],"picked":"SKIP","floor":11},{"not_picked":["ReplayTheSpireMod:Speed Training","StuffTheSpire:Python"],"picked":"StuffTheSpire:DoubleShiv","floor":12},{"not_picked":["jedi:unstablefumes","Blur"],"picked":"Outmaneuver","floor":13},{"not_picked":["All Out Attack","Bane"],"picked":"Flying Knee","floor":15},{"not_picked":["PatternShift","theScribe:StarterModifier"],"picked":"Gatherer:Centralize","floor":17},{"not_picked":["expansioncontent:FaceSlap","Replay:SS_forest_5"],"picked":"Discovery","floor":17},{"not_picked":["hubris:InfiniteBlow+2","infinitespire:Punishment"],"picked":"infinitespire:Starlight","floor":17},{"not_picked":["Prepared+1","Blade Dance"],"picked":"Infinite Blades","floor":18},{"not_picked":["Calculated Gamble","StuffTheSpire:ClusterCrunch"],"picked":"Sucker Punch+1","floor":19},{"not_picked":["Setup","ReplayTheSpireMod:Speed Training"],"picked":"jedi:pocketpoison","floor":20},{"not_picked":["Choke+1","jedi:pocketpoison"],"picked":"Cloak And Dagger","floor":22},{"not_picked":["Prepared","Endless Agony"],"picked":"Storm of Steel","floor":24},{"not_picked":["jedi:pocketpoison","Outmaneuver+1"],"picked":"Blade Dance+1","floor":26},{"not_picked":["ReplayTheSpireMod:The Works","Backflip+1","Blade Dance"],"picked":"SKIP","floor":27},{"not_picked":["Endless Agony+1","Deflect+1"],"picked":"Dodge and Roll","floor":29},{"not_picked":["ReplayTheSpireMod:Exploit Weakness","StuffTheSpire:Shiver"],"picked":"infinitespire:Neurotoxin","floor":30},{"not_picked":["Eviscerate","conspire:DoublingDagger"],"picked":"Quick Slash+1","floor":31},{"not_picked":["Infinite Blades","Sucker Punch"],"picked":"Backflip","floor":32},{"not_picked":["Corpse Explosion","Atom Bomb"],"picked":"Adrenaline","floor":33},{"not_picked":["Fluid Movement+1","beaked:BloodRitual","Underhanded Strike+1"],"picked":"Slice+1","floor":35},{"not_picked":["Skewer+1","beaked:WarriorSpirit","beaked:RitualOfBody"],"picked":"beaked:BraceForImpact","floor":39}],"player_experience":189136,"relics_obtained":[{"floor":6,"key":"CCEMRelics:GrindingGear"},{"floor":9,"key":"Dream Catcher"},{"floor":13,"key":"Lantern"},{"floor":24,"key":"infinitespire:PuzzleCube"},{"floor":30,"key":"halation:LettersToHer"}],"event_choices":[{"damage_healed":0,"gold_gain":0,"player_choice":"Forge","damage_taken":0,"max_hp_gain":0,"max_hp_loss":0,"event_name":"Accursed Blacksmith","floor":3,"gold_loss":0,"cards_upgraded":["Dagger Spray"]},{"damage_healed":0,"gold_gain":100,"player_choice":"Pray","damage_taken":0,"max_hp_gain":0,"max_hp_loss":0,"event_name":"Golden Shrine","floor":14,"gold_loss":0},{"cards_removed":["infinitespire:Starlight"],"damage_healed":0,"gold_gain":0,"player_choice":"Take \u0026 Give","damage_taken":0,"max_hp_gain":0,"max_hp_loss":0,"event_name":"betterNote:BetterNote","floor":21,"gold_loss":0,"cards_obtained":["Buffer"]}],"is_beta":false,"boss_relics":[{"not_picked":["StuffTheSpire:RunicHypercube","Kintsugi"],"picked":"ReplayTheSpireMod:SealedPack"},{"not_picked":["aspiration:PoetsPen_weak","Pandora\u0027s Box"],"picked":"aspiration:BeakedSkillbook"}],"items_purged_floors":[36],"is_endless":false,"potions_floor_spawned":[1,4,6,11,12,16,18,24,30,31],"killed_by":"beaked:SuperParasite","ascension_level":0}}