{"host":"g3js2eermvvpeiqn","time":1607737646,"event":{"mods":["BaseMod","DeckTracker","Downfall","Minty Spire (QoL Compilation)","Quick Restart","StSLib"],"gold_per_floor":[17,31,49,65,140,140,140,151,151,151,27,27,47,12,12,87,87,100,132,132,49,64,64,95,114,138,138,38,38,38,52,52,52,52],"floor_reached":33,"playtime":1596,"items_purged":["Decay"],"score":510,"play_id":"1bd239c5-8804-45b7-94a3-a59e114dcb1a","local_time":"20201211194726","is_ascension_mode":true,"campfire_choices":[{"data":"Eruption","floor":6.0,"key":"SMITH"},{"data":"Worship","floor":10.0,"key":"SMITH"},{"data":"Worship","floor":15.0,"key":"SMITH"},{"floor":23.0,"key":"REST"},{"data":"Vault","floor":30.0,"key":"SMITH"},{"floor":32.0,"key":"REST"}],"circlet_count":0,"master_deck":["AscendersBane","Strike_P","Strike_P","Strike_P","Defend_P+1","Defend_P","Defend_P","Eruption+1","Vigilance","Prostrate+1","Consecrate","Worship+1","Worship+1","Wallop","Vault+1","Wallop","WheelKick","WheelKick","WaveOfTheHand","Protect"],"relics":["PureWater","Mummified Hand","Cursed Key","Red Mask","War Paint","Nloth\u0027s Gift"],"acts_visited":["Exordium","TheCity"],"potions_floor_usage":[33],"damage_taken":[{"damage":0.0,"enemies":"Cultist","floor":1.0,"turns":2.0},{"damage":14.0,"enemies":"Small Slimes","floor":2.0,"turns":5.0},{"damage":3.0,"enemies":"Jaw Worm","floor":3.0,"turns":3.0},{"damage":18.0,"enemies":"2 Fungi Beasts","floor":4.0,"turns":3.0},{"damage":17.0,"enemies":"3 Louse","floor":8.0,"turns":4.0},{"damage":3.0,"enemies":"Blue Slaver","floor":13.0,"turns":3.0},{"damage":46.0,"enemies":"The Guardian","floor":16.0,"turns":13.0},{"damage":13.0,"enemies":"Shell Parasite","floor":18.0,"turns":5.0},{"damage":17.0,"enemies":"Masked Bandits","floor":19.0,"turns":6.0},{"damage":0.0,"enemies":"3 Byrds","floor":22.0,"turns":5.0},{"damage":20.0,"enemies":"Slavers","floor":24.0,"turns":5.0},{"damage":6.0,"enemies":"Cultist and Chosen","floor":25.0,"turns":5.0},{"damage":0.0,"enemies":"Snake Plant","floor":31.0,"turns":2.0},{"damage":66,"enemies":"Collector","floor":33,"turns":10}],"seed_played":"-8418331070836315426","potions_obtained":[{"floor":3.0,"key":"Regen Potion"},{"floor":4.0,"key":"SkillPotion"},{"floor":16.0,"key":"Fire Potion"},{"floor":22.0,"key":"Regen Potion"},{"floor":24.0,"key":"Block Potion"},{"floor":25.0,"key":"Strength Potion"}],"is_trial":false,"path_per_floor":["M","M","M","M","?","R","?","M","T","R","$","?","M","?","R","B",null,"M","?","?","$","M","R","E","M","T","?","$","?","R","M","R","B"],"character_chosen":"WATCHER","items_purchased":["Worship","Wallop","WheelKick","Protect"],"campfire_rested":2,"item_purchase_floors":[11,11,21,28],"current_hp_per_floor":[61,47,44,26,15,15,37,20,20,20,20,20,17,34,34,3,52,39,22,22,22,22,42,36,30,30,30,30,30,30,30,50,0,0],"gold":52,"neow_bonus":"REMOVE_TWO","is_daily":false,"chose_seed":false,"campfire_upgraded":4,"win_rate":0.0,"timestamp":1607737646,"path_taken":["M","M","M","?","?","R","?","M","T","R","?","?","M","?","R","BOSS","M","?","?","$","M","R","E","M","T","?","$","?","R","M","R","BOSS"],"items_purchased_type":["Card","Card","Card","Card"],"build_version":"2020-11-30","purchased_purges":1,"victory":false,"max_hp_per_floor":[68,68,68,68,68,68,68,68,68,68,68,68,68,68,68,68,68,68,68,68,68,68,68,68,68,68,68,68,68,68,68,68,68,68],"card_choices":[{"not_picked":["EmptyBody","Crescendo"],"picked":"Prostrate","floor":1.0},{"not_picked":["CutThroughFate","Sanctity","CrushJoints"],"picked":"SKIP","floor":2.0},{"not_picked":["CutThroughFate","ClearTheMind"],"picked":"Consecrate","floor":3.0},{"not_picked":["Indignation","Nirvana","SashWhip"],"picked":"SKIP","floor":4.0},{"not_picked":["Vengeance","Collect"],"picked":"Worship","floor":8.0},{"not_picked":["Sanctity","InnerPeace","WindmillStrike"],"picked":"SKIP","floor":13.0},{"not_picked":["Wish","Blasphemy"],"picked":"Vault","floor":16.0},{"not_picked":["EmptyBody+1","EmptyFist"],"picked":"Wallop","floor":18.0},{"not_picked":["PathToVictory","Conclude","ForeignInfluence"],"picked":"SKIP","floor":22.0},{"not_picked":["Evaluate","LikeWater+1","InnerPeace"],"picked":"SKIP","floor":24.0},{"not_picked":["JustLucky","CrushJoints"],"picked":"WaveOfTheHand","floor":25.0},{"not_picked":["SashWhip","JustLucky","BattleHymn"],"picked":"SKIP","floor":31.0}],"player_experience":1438373,"relics_obtained":[{"floor":9.0,"key":"Mummified Hand"},{"floor":19.0,"key":"Red Mask"},{"floor":24.0,"key":"Matryoshka"},{"floor":26.0,"key":"War Paint"}],"event_choices":[{"damage_healed":0.0,"max_hp_gain":0.0,"max_hp_loss":0.0,"gold_gain":75.0,"event_name":"World of Goop","player_choice":"Gather Gold","floor":5.0,"gold_loss":0.0,"damage_taken":11.0},{"damage_healed":22.0,"max_hp_gain":0.0,"max_hp_loss":0.0,"gold_gain":0.0,"event_name":"Big Fish","player_choice":"Banana","floor":7.0,"gold_loss":0.0,"damage_taken":0.0},{"damage_healed":0.0,"max_hp_gain":0.0,"max_hp_loss":0.0,"gold_gain":0.0,"event_name":"Scrap Ooze","player_choice":"Fled","floor":12.0,"gold_loss":0.0,"damage_taken":0.0},{"damage_healed":17.0,"max_hp_gain":0.0,"max_hp_loss":0.0,"gold_gain":0.0,"event_name":"The Cleric","player_choice":"Healed","floor":14.0,"gold_loss":35.0,"damage_taken":0.0},{"damage_healed":0.0,"max_hp_gain":0.0,"max_hp_loss":0.0,"gold_gain":0.0,"event_name":"Masked Bandits","player_choice":"Fought Bandits","floor":19.0,"gold_loss":0.0,"damage_taken":0.0},{"damage_healed":0.0,"max_hp_gain":0.0,"max_hp_loss":0.0,"gold_gain":0.0,"event_name":"The Library","player_choice":"Read","floor":20.0,"gold_loss":0.0,"damage_taken":0.0,"cards_obtained":["WheelKick"]},{"damage_healed":0.0,"max_hp_gain":0.0,"max_hp_loss":0.0,"gold_gain":0.0,"event_name":"N\u0027loth","player_choice":"Traded Relic","floor":29.0,"relics_lost":["Matryoshka"],"gold_loss":0.0,"damage_taken":0.0,"relics_obtained":["Nloth\u0027s Gift"]}],"is_beta":false,"boss_relics":[{"not_picked":["Calling Bell","Fusion Hammer"],"picked":"Cursed Key"}],"items_purged_floors":[28],"is_endless":false,"potions_floor_spawned":[3,4,16,22,24,25],"killed_by":"Collector","ascension_level":20}}