{"host":"d3vxos6womvqm2ts","time":1607809109,"event":{"mods":["AchievementEnabler","Bard","BaseMod","Colored Powertips","Downfall","Hermit","Minty Spire (QoL Compilation)","Robot Space Explorer","SOS???????","StSLib","Td1madao Mod","The Alterego","The Animator","The Cursed","The Death Knight","The Judge","The Necromancer","The Poker Player","The Runesmith","The Servant 0.9.4","The Wild Card","Yuri Mod"],"gold_per_floor":[112,112,112,112,127,127,161,186,186,186,205,205,133,161,161,307,307,331,129,175,80,80,80,116,116,116,149,149,204,204,225,225,366,366,397,435,111,111,126,126],"floor_reached":39,"playtime":2556,"items_purged":[],"score":472,"play_id":"9dca7260-4d35-4e93-aa77-e80b2f12b77e","local_time":"20201212163829","is_ascension_mode":false,"campfire_choices":[{"floor":6,"key":"RECALL"},{"data":"yuri:BrokenCode","floor":12,"key":"SMITH"},{"data":"yuri:ThrowBook","floor":15,"key":"SMITH"},{"data":"yuri:HoldBack","floor":23,"key":"SMITH"},{"data":"yuri:DragonForm","floor":25,"key":"SMITH"},{"floor":30,"key":"REST"},{"floor":32,"key":"REST"}],"circlet_count":0,"master_deck":["yuri:yuriStrike","yuri:yuriStrike","yuri:yuriStrike","yuri:yuriStrike","yuri:yuriStrike","yuri:yuriDefend","yuri:yuriDefend","yuri:yuriDefend","yuri:yuriDefend","yuri:yuriDefend","yuri:Oolong","yuri:yuriStab","yuri:yuriHeavyStrike","yuri:yuriQuickStrike","yuri:TPose","yuri:TPose","yuri:BrokenCode+1","yuri:GlitchedStrike","yuri:GlitchedStrike","yuri:RecklessStrike","yuri:yuriQuickStrike","yuri:RepairCode","yuri:StealPen","yuri:ThrowBook+1","yuri:DragonForm+1","CurseOfTheBell","yuri:BookPurple","yuri:HeavierStrike","yuri:ReloadGame+1","yuri:HoldBack+1","yuri:yuriQuickStrike","yuri:HeavierStrike","yuri:Stalk","yuri:Stalk","yuri:GrowingInsanity+1","yuri:Torment","yuri:HeavierStrike+1","yuri:SturdyUniform+1","yuri:Virus","yuri:GlitchedStrike","Metamorphosis"],"relics":["yuri:yuriKnife","NeowsBlessing","Golden Idol","Ornamental Fan","Calling Bell","Vajra","Runesmith:Nanobots","Ice Cream","yuri:GlassOfWine","Red Mask","Tiny Chest","Shuriken","SlaversCollar","Happy Flower"],"acts_visited":["Exordium","TheCity","TheBeyond"],"potions_floor_usage":[11,39,39],"damage_taken":[{"damage":0,"enemies":"Jaw Worm","floor":1,"turns":1},{"damage":0,"enemies":"2 Louse","floor":5,"turns":1},{"damage":0,"enemies":"3 Sentries","floor":7,"turns":2},{"damage":3,"enemies":"Cultist","floor":8,"turns":2},{"damage":5,"enemies":"Lots of Slimes","floor":11,"turns":3},{"damage":3,"enemies":"Red Slaver","floor":14,"turns":4},{"damage":43,"enemies":"The Guardian","floor":16,"turns":8},{"damage":7,"enemies":"Chosen","floor":18,"turns":4},{"damage":35,"enemies":"Masked Bandits","floor":20,"turns":5},{"damage":10,"enemies":"Spheric Guardian","floor":24,"turns":3},{"damage":16,"enemies":"Cultist and Chosen","floor":27,"turns":5},{"damage":17,"enemies":"Gremlin Leader","floor":29,"turns":6},{"damage":9,"enemies":"3 Cultists","floor":31,"turns":4},{"damage":33,"enemies":"Champ","floor":33,"turns":9},{"damage":25,"enemies":"3 Darklings","floor":35,"turns":6},{"damage":23,"enemies":"3 Shapes","floor":36,"turns":4},{"damage":39,"enemies":"Maw","floor":39,"turns":4}],"seed_played":"8059262163005832475","potions_obtained":[{"floor":5,"key":"AttackPotion"},{"floor":20,"key":"sneckomod:MuddlingPotion"},{"floor":33,"key":"Explosive Potion"}],"is_trial":false,"path_per_floor":["M","?","?","?","M","R","E","M","T","?","M","R","$","M","R","B",null,"M","$","?","$","?","R","M","R","T","M","$","E","R","M","R","B",null,"M","M","$","?","M"],"character_chosen":"YURI","items_purchased":["yuri:StealPen","yuri:GlassOfWine","yuri:HeavierStrike","yuri:HoldBack","yuri:yuriQuickStrike","Happy Flower","yuri:Virus","yuri:GlitchedStrike"],"campfire_rested":2,"item_purchase_floors":[13,19,19,21,21,37,37,37],"current_hp_per_floor":[80,74,74,74,74,74,74,71,71,71,66,66,66,67,67,28,74,67,67,32,32,74,74,68,68,68,56,56,39,61,56,74,45,74,53,30,30,30,0,0],"gold":126,"neow_bonus":"THREE_ENEMY_KILL","is_daily":false,"chose_seed":false,"campfire_upgraded":4,"win_rate":0.0,"timestamp":1607809109,"path_taken":["M","?","?","?","M","R","E","M","T","?","M","R","$","M","R","BOSS","M","$","?","$","?","R","?","R","T","M","?","E","R","M","R","BOSS","M","M","$","?","M"],"items_purchased_type":["Card","Relic","Card","Card","Card","Relic","Card","Card"],"build_version":"2020-11-30","purchased_purges":0,"victory":false,"max_hp_per_floor":[80,74,74,74,74,74,74,74,74,74,74,74,74,74,74,74,74,74,74,74,74,74,74,74,74,74,74,74,74,74,74,74,74,74,74,74,74,74,74,74],"card_choices":[{"not_picked":["yuri:DebugCard","yuri:DeepBreathing"],"picked":"yuri:yuriHeavyStrike","floor":1},{"not_picked":["yuri:UntestedCode","yuri:Stalk"],"picked":"yuri:GlitchedStrike","floor":5},{"not_picked":["yuri:GreenTea","yuri:MirrorInsanity"],"picked":"yuri:RecklessStrike","floor":7},{"not_picked":["yuri:GreenTea","yuri:ThrowBook"],"picked":"yuri:yuriQuickStrike","floor":8},{"not_picked":["yuri:ChibiInvasion","yuri:GrowingInsanity"],"picked":"yuri:RepairCode","floor":11},{"not_picked":["yuri:TeaSet","yuri:RecklessStrike"],"picked":"yuri:ThrowBook","floor":14},{"not_picked":["yuri:Torment","yuri:RemoveSafetyChecks"],"picked":"yuri:DragonForm","floor":16},{"not_picked":["yuri:ThrowBook","yuri:TPose"],"picked":"yuri:BookPurple","floor":18},{"not_picked":["yuri:Stalk","yuri:BookRed"],"picked":"yuri:ReloadGame+1","floor":20},{"not_picked":["yuri:Skip","yuri:yuriQuickStrike"],"picked":"yuri:HeavierStrike","floor":24},{"not_picked":["yuri:MultiDip","yuri:AdaptiveAI"],"picked":"yuri:Stalk","floor":27},{"not_picked":["yuri:DragonForm","yuri:DebugCard"],"picked":"yuri:Stalk","floor":29},{"not_picked":["yuri:ArmBrace","yuri:Stare+1"],"picked":"yuri:GrowingInsanity+1","floor":31},{"not_picked":["yuri:DuplicateCode","yuri:RemoveSafetyChecks"],"picked":"yuri:Torment","floor":33},{"not_picked":["yuri:Parry","yuri:DeepBreathing+1"],"picked":"yuri:HeavierStrike+1","floor":35},{"not_picked":["yuri:DebugCard","yuri:Spin+1"],"picked":"yuri:SturdyUniform+1","floor":36},{"not_picked":["expansioncontent:DarkVoid","Discovery"],"picked":"Metamorphosis","floor":38}],"player_experience":59110,"relics_obtained":[{"floor":7,"key":"Ornamental Fan"},{"floor":17,"key":"Vajra"},{"floor":17,"key":"Runesmith:Nanobots"},{"floor":17,"key":"Ice Cream"},{"floor":20,"key":"Red Mask"},{"floor":26,"key":"Tiny Chest"},{"floor":29,"key":"Shuriken"}],"event_choices":[{"damage_healed":0,"gold_gain":0,"player_choice":"Lose Max HP","damage_taken":0,"relics_obtained":["Golden Idol"],"max_hp_gain":0,"max_hp_loss":6,"event_name":"Golden Idol","floor":2,"gold_loss":0},{"damage_healed":0,"gold_gain":0,"player_choice":"Ignored","damage_taken":0,"max_hp_gain":0,"max_hp_loss":0,"event_name":"Liars Game","floor":4,"gold_loss":0},{"damage_healed":0,"gold_gain":0,"player_choice":"Leave","damage_taken":0,"max_hp_gain":0,"max_hp_loss":0,"event_name":"The Cleric","floor":10,"gold_loss":0},{"damage_healed":0,"gold_gain":0,"player_choice":"Fought Bandits","damage_taken":0,"max_hp_gain":0,"max_hp_loss":0,"event_name":"Masked Bandits","floor":20,"gold_loss":0},{"damage_healed":42,"gold_gain":0,"player_choice":"Full Heal","damage_taken":0,"max_hp_gain":0,"max_hp_loss":0,"event_name":"Wheel of Change","floor":22,"gold_loss":0},{"damage_healed":0,"gold_gain":0,"player_choice":"Memory 1","damage_taken":0,"max_hp_gain":0,"max_hp_loss":0,"event_name":"SensoryStone","floor":38,"gold_loss":0}],"is_beta":false,"boss_relics":[{"not_picked":["Philosopher\u0027s Stone","Fusion Hammer"],"picked":"Calling Bell"},{"not_picked":["Snecko Eye","Sozu"],"picked":"SlaversCollar"}],"items_purged_floors":[],"is_endless":false,"potions_floor_spawned":[5,20,33],"killed_by":"Maw","ascension_level":0}}