{"host":"6jcxerjfmuawfds2","time":1607764075,"event":{"mods":["BaseMod","Minty Spire (QoL Compilation)","StSLib"],"gold_per_floor":[109,34,34,46,58,100,122,134,146,170,182,207,246,258,270,383,395,419,445,467,479,246,246,246],"floor_reached":23,"playtime":889,"items_purged":["Strike_P","Defend_P"],"score":235,"play_id":"5962fbac-9d15-4da7-b36f-d94be7ba7bd3","local_time":"20201212180755","is_ascension_mode":true,"campfire_choices":[{"floor":8,"key":"REST"},{"floor":15,"key":"REST"}],"circlet_count":0,"master_deck":["Strike_P","Strike_P","Strike_P","Defend_P","Defend_P","Defend_P","Eruption+1","Vigilance+1","CrushJoints","PathToVictory","Conclude","CutThroughFate"],"relics":["PureWater","NeowsBlessing","MawBank","Regal Pillow","Girya","Toy Ornithopter","VioletLotus","PreservedInsect"],"acts_visited":["Exordium","TheCity"],"potions_floor_usage":[12,12,13,19,19,20,20],"damage_taken":[{"damage":0,"enemies":"Small Slimes","floor":1,"turns":1},{"damage":0,"enemies":"Lagavulin","floor":6,"turns":1},{"damage":0,"enemies":"2 Louse","floor":7,"turns":2},{"damage":1,"enemies":"Jaw Worm","floor":10,"turns":5},{"damage":22,"enemies":"Gremlin Gang","floor":12,"turns":5},{"damage":43,"enemies":"Gremlin Nob","floor":13,"turns":6},{"damage":40,"enemies":"The Guardian","floor":16,"turns":12},{"damage":23,"enemies":"2 Thieves","floor":18,"turns":4},{"damage":20,"enemies":"3 Byrds","floor":19,"turns":5},{"damage":25,"enemies":"Snake Plant","floor":20,"turns":7},{"damage":51,"enemies":"Shelled Parasite and Fungi","floor":23,"turns":6}],"seed_played":"-506320359477881332","potions_obtained":[{"floor":1,"key":"FearPotion"},{"floor":7,"key":"LiquidBronze"},{"floor":12,"key":"Regen Potion"},{"floor":18,"key":"EntropicBrew"},{"floor":20,"key":"LiquidBronze"}],"is_trial":false,"path_per_floor":["M","$","?","?","$","E","M","R","T","M","$","M","E","?","R","B",null,"M","M","M","?","$","M"],"character_chosen":"WATCHER","items_purchased":["PreservedInsect"],"campfire_rested":2,"item_purchase_floors":[22],"current_hp_per_floor":[72,72,65,51,51,51,51,72,72,71,71,49,18,18,54,14,72,49,39,39,26,26,0,0],"gold":246,"neow_bonus":"THREE_ENEMY_KILL","is_daily":false,"chose_seed":false,"campfire_upgraded":0,"win_rate":0.0,"timestamp":1607764075,"path_taken":["M","$","?","?","?","E","M","R","T","M","$","?","E","?","R","BOSS","M","M","?","?","$","M"],"items_purchased_type":["Relic"],"build_version":"2020-11-30","purchased_purges":2,"victory":false,"max_hp_per_floor":[72,72,72,72,72,72,72,72,72,72,72,72,72,72,72,72,72,72,72,72,77,77,77,77],"card_choices":[{"not_picked":["DeceiveReality","FlyingSleeves","BowlingBash"],"picked":"SKIP","floor":1},{"not_picked":["BowlingBash","FearNoEvil","Evaluate"],"picked":"SKIP","floor":6},{"not_picked":["Prostrate","BowlingBash","FlyingSleeves"],"picked":"SKIP","floor":7},{"not_picked":["FlyingSleeves","Weave","ThirdEye"],"picked":"SKIP","floor":10},{"not_picked":["BowlingBash","Pray"],"picked":"CrushJoints","floor":12},{"not_picked":["Swivel","EmptyFist","SandsOfTime"],"picked":"SKIP","floor":13},{"not_picked":["Vengeance","WindmillStrike","Consecrate"],"picked":"SKIP","floor":18},{"not_picked":["Vengeance","WindmillStrike","Consecrate"],"picked":"SKIP","floor":18},{"not_picked":["Vengeance","Prostrate","Collect"],"picked":"SKIP","floor":19},{"not_picked":["TalkToTheHand","Consecrate+1"],"picked":"CutThroughFate","floor":20}],"player_experience":121362,"relics_obtained":[{"floor":6,"key":"Regal Pillow"},{"floor":9,"key":"Girya"},{"floor":13,"key":"Toy Ornithopter"}],"event_choices":[{"damage_healed":0,"gold_gain":0,"player_choice":"Success","damage_taken":7,"relics_obtained":["MawBank"],"max_hp_gain":0,"max_hp_loss":0,"event_name":"Scrap Ooze","floor":3,"gold_loss":0},{"damage_healed":0,"gold_gain":0,"player_choice":"Entered Light","damage_taken":14,"max_hp_gain":0,"max_hp_loss":0,"event_name":"Shining Light","floor":4,"gold_loss":0,"cards_upgraded":["Eruption","Vigilance"]},{"damage_healed":0,"gold_gain":0,"player_choice":"2 cards matched","damage_taken":0,"max_hp_gain":0,"max_hp_loss":0,"event_name":"Match and Keep!","floor":14,"gold_loss":0,"cards_obtained":["PathToVictory","Conclude"]},{"damage_healed":0,"gold_gain":0,"player_choice":"Shed Blood","damage_taken":18,"max_hp_gain":5,"max_hp_loss":0,"event_name":"Forgotten Altar","floor":21,"gold_loss":0}],"is_beta":false,"boss_relics":[{"not_picked":["Busted Crown","Astrolabe"],"picked":"VioletLotus"}],"items_purged_floors":[2,22],"is_endless":false,"potions_floor_spawned":[1,7,12,18,20],"killed_by":"Shelled Parasite and Fungi","ascension_level":1}}