{"host":"9v3x998ddbx8o276","time":1607753752,"event":{"mods":["AchievementEnabler","BaseMod","Colored Map","Highlight Path","Minty Spire (QoL Compilation)","Quick Restart","Rare Cards Sparkle"],"gold_per_floor":[119,119,119,129,42,42,72,72,72,87,104,120,133,150,150,227,227,198,28,28,28],"floor_reached":20,"playtime":499,"items_purged":["Strike_G"],"score":402,"play_id":"2f3d805f-ab4a-4475-b30a-4515ca4bf6d4","local_time":"20201212164552","is_ascension_mode":true,"campfire_choices":[{"data":"Noxious Fumes","floor":6.0,"key":"SMITH"},{"data":"Deadly Poison","floor":8.0,"key":"SMITH"},{"floor":15.0,"key":"REST"}],"circlet_count":0,"master_deck":["AscendersBane","Strike_G","Strike_G","Strike_G","Defend_G","Defend_G","Defend_G","Defend_G","Defend_G","Survivor","Neutralize","Dagger Spray","Poisoned Stab","Noxious Fumes+1","Deadly Poison+1","Blade Dance","Dodge and Roll","Catalyst","Deflect","Bane","Backstab","Venomology","PiercingWail+1","Noxious Fumes"],"relics":["Ring of the Snake","NeowsBlessing","Tough Bandages","Centennial Puzzle","StrikeDummy","Black Star"],"acts_visited":["Exordium","TheCity"],"potions_floor_usage":[20],"damage_taken":[{"damage":0.0,"enemies":"2 Louse","floor":1.0,"turns":1.0},{"damage":0.0,"enemies":"Small Slimes","floor":4.0,"turns":1.0},{"damage":0.0,"enemies":"3 Sentries","floor":7.0,"turns":1.0},{"damage":0.0,"enemies":"Cultist","floor":10.0,"turns":3.0},{"damage":13.0,"enemies":"Gremlin Gang","floor":11.0,"turns":4.0},{"damage":9.0,"enemies":"Red Slaver","floor":12.0,"turns":3.0},{"damage":7.0,"enemies":"3 Louse","floor":13.0,"turns":2.0},{"damage":14.0,"enemies":"Exordium Wildlife","floor":14.0,"turns":5.0},{"damage":4.0,"enemies":"Hexaghost","floor":16.0,"turns":7.0},{"damage":35,"enemies":"2 Thieves","floor":18,"turns":4},{"damage":25,"enemies":"Shell Parasite","floor":20,"turns":5}],"seed_played":"-5966722698908239232","potions_obtained":[{"floor":11.0,"key":"Swift Potion"},{"floor":13.0,"key":"Swift Potion"}],"is_trial":false,"path_per_floor":["M","?","?","M","$","R","E","R","T","M","M","M","M","M","R","B",null,"M","$","M"],"character_chosen":"THE_SILENT","items_purchased":["Noxious Fumes","Deadly Poison","Noxious Fumes","PowerPotion"],"campfire_rested":1,"item_purchase_floors":[5,5,19,19],"current_hp_per_floor":[59,48,48,48,48,48,48,48,48,48,35,26,19,5,24,20,55,20,20,0,0],"gold":28,"neow_bonus":"THREE_ENEMY_KILL","is_daily":false,"chose_seed":false,"campfire_upgraded":2,"win_rate":0.0,"timestamp":1607753752,"path_taken":["M","?","?","M","$","R","E","R","T","M","M","M","?","M","R","BOSS","M","$","M"],"items_purchased_type":["Card","Card","Card","Potion"],"build_version":"2020-11-30","purchased_purges":1,"victory":false,"max_hp_per_floor":[66,66,66,66,66,66,66,66,66,66,66,66,66,66,66,66,66,66,66,66,66],"card_choices":[{"not_picked":["Catalyst","Acrobatics"],"picked":"Dagger Spray","floor":1.0},{"not_picked":["Flying Knee","Leg Sweep"],"picked":"Poisoned Stab","floor":4.0},{"not_picked":["Slice","Flechettes"],"picked":"Blade Dance","floor":7.0},{"not_picked":["Quick Slash","Slice"],"picked":"Dodge and Roll","floor":10.0},{"not_picked":["Acrobatics","Leg Sweep"],"picked":"Catalyst","floor":11.0},{"not_picked":["Sucker Punch","Acrobatics"],"picked":"Deflect","floor":12.0},{"not_picked":["Heel Hook","Acrobatics"],"picked":"Bane","floor":13.0},{"not_picked":["Outmaneuver","Predator"],"picked":"Backstab","floor":14.0},{"not_picked":["Grand Finale","Tools of the Trade"],"picked":"Venomology","floor":16.0},{"not_picked":["Dagger Throw","Choke+1"],"picked":"PiercingWail+1","floor":18}],"player_experience":2019992,"relics_obtained":[{"floor":7.0,"key":"Centennial Puzzle"},{"floor":9.0,"key":"StrikeDummy"}],"event_choices":[{"damage_healed":0.0,"max_hp_gain":0.0,"max_hp_loss":0.0,"gold_gain":0.0,"event_name":"Scrap Ooze","player_choice":"Success","floor":2.0,"gold_loss":0.0,"damage_taken":11.0,"relics_obtained":["Tough Bandages"]},{"cards_removed":["Strike_G"],"damage_healed":0.0,"max_hp_gain":0.0,"max_hp_loss":0.0,"gold_gain":0.0,"event_name":"Wheel of Change","player_choice":"Card Removal","floor":3.0,"gold_loss":0.0,"damage_taken":0.0}],"is_beta":false,"boss_relics":[{"not_picked":["HoveringKite","Empty Cage"],"picked":"Black Star"}],"items_purged_floors":[19],"is_endless":false,"potions_floor_spawned":[11,13],"killed_by":"Shell Parasite","ascension_level":20}}