{"host":"wshh0nphwn6jv7vj","time":1607812947,"event":{"mods":["BaseMod","Bestiary","Minty Spire (QoL Compilation)"],"gold_per_floor":[109,34,57,57,72,106,125,125,151,5,25,25,25,46,46,142,142,160,173,173,191,209,209,209,209],"floor_reached":24,"playtime":1891,"items_purged":["Strike_G"],"score":347,"play_id":"d71f04de-5f89-4bc6-9dc6-bdaf0ca371b2","local_time":"20201212174227","is_ascension_mode":true,"campfire_choices":[{"data":"Sucker Punch","floor":8,"key":"SMITH"},{"floor":13,"key":"REST"},{"data":"Noxious Fumes","floor":15,"key":"SMITH"},{"floor":23,"key":"REST"}],"circlet_count":0,"master_deck":["AscendersBane","Strike_G","Strike_G","Defend_G","Defend_G","Defend_G","Defend_G","Defend_G","Survivor","Neutralize+1","Backflip","Bane","Blade Dance","Sucker Punch+1","Die Die Die","Noxious Fumes+1","Dodge and Roll","Burst","Deadly Poison","Prepared+1","Expertise","Well Laid Plans","Escape Plan","Deflect"],"relics":["Ring of the Serpent","Torii","Oddly Smooth Stone","Darkstone Periapt","Bag of Marbles","Golden Idol"],"acts_visited":["Exordium","TheCity"],"potions_floor_usage":[6,16,16,21,22],"damage_taken":[{"damage":1,"enemies":"Small Slimes","floor":1,"turns":6},{"damage":0,"enemies":"Jaw Worm","floor":5,"turns":7},{"damage":27,"enemies":"Gremlin Nob","floor":6,"turns":5},{"damage":0,"enemies":"Cultist","floor":7,"turns":4},{"damage":8,"enemies":"Large Slime","floor":11,"turns":5},{"damage":1,"enemies":"Looter","floor":14,"turns":3},{"damage":29,"enemies":"Hexaghost","floor":16,"turns":12},{"damage":0,"enemies":"Chosen","floor":18,"turns":6},{"damage":21,"enemies":"2 Thieves","floor":19,"turns":4},{"damage":10,"enemies":"Centurion and Healer","floor":21,"turns":11},{"damage":2,"enemies":"Chosen and Byrds","floor":22,"turns":8},{"damage":35,"enemies":"Slavers","floor":24,"turns":5}],"seed_played":"8128026901382086315","potions_obtained":[{"floor":5,"key":"SkillPotion"},{"floor":6,"key":"Swift Potion"},{"floor":7,"key":"Energy Potion"},{"floor":18,"key":"Ancient Potion"},{"floor":19,"key":"FearPotion"},{"floor":21,"key":"Weak Potion"}],"is_trial":false,"path_per_floor":["M","?","T","?","M","E","M","R","T","$","M","?","R","M","R","B",null,"M","M","?","M","M","R","E"],"character_chosen":"THE_SILENT","items_purchased":["Die Die Die"],"campfire_rested":2,"item_purchase_floors":[10],"current_hp_per_floor":[58,58,58,58,58,31,31,31,31,31,23,23,41,40,40,11,48,48,27,27,17,15,33,0,0],"gold":209,"neow_bonus":"ONE_RARE_RELIC","is_daily":false,"chose_seed":false,"campfire_upgraded":2,"win_rate":0.0,"timestamp":1607812947,"path_taken":["M","?","?","?","M","E","M","R","T","$","?","?","R","M","R","BOSS","M","M","?","M","M","R","E"],"items_purchased_type":["Card"],"build_version":"2020-11-30","purchased_purges":1,"victory":false,"max_hp_per_floor":[66,66,66,66,66,66,66,66,66,66,66,60,60,60,60,60,60,60,60,60,60,60,60,60,60],"card_choices":[{"not_picked":["Dagger Spray","Dagger Throw"],"picked":"Backflip","floor":1},{"not_picked":["Acrobatics","Outmaneuver"],"picked":"Bane","floor":5},{"not_picked":["Blur","Backflip"],"picked":"Blade Dance","floor":6},{"not_picked":["Cloak And Dagger","Choke"],"picked":"Sucker Punch","floor":7},{"not_picked":["Sucker Punch","Prepared"],"picked":"Noxious Fumes","floor":11},{"not_picked":["Cloak And Dagger","Endless Agony"],"picked":"Dodge and Roll","floor":14},{"not_picked":["Storm of Steel","Unload"],"picked":"Burst","floor":16},{"not_picked":["Tactician","PiercingWail+1"],"picked":"Deadly Poison","floor":18},{"not_picked":["Flying Knee","Dagger Spray"],"picked":"Prepared+1","floor":19},{"not_picked":["Bouncing Flask","Dagger Throw"],"picked":"Escape Plan","floor":21},{"not_picked":["Night Terror","Accuracy"],"picked":"Deflect","floor":22}],"player_experience":1396793,"relics_obtained":[{"floor":3,"key":"Oddly Smooth Stone"},{"floor":6,"key":"Darkstone Periapt"},{"floor":9,"key":"Bag of Marbles"}],"event_choices":[{"cards_removed":["Doubt"],"damage_healed":0,"gold_gain":0,"player_choice":"Card Removal","damage_taken":0,"max_hp_gain":0,"max_hp_loss":0,"event_name":"The Cleric","floor":2,"gold_loss":75},{"damage_healed":0,"gold_gain":0,"player_choice":"Upgraded","damage_taken":0,"max_hp_gain":0,"max_hp_loss":0,"event_name":"Upgrade Shrine","floor":4,"gold_loss":0,"cards_upgraded":["Neutralize"]},{"damage_healed":0,"gold_gain":0,"player_choice":"Lose Max HP","damage_taken":0,"relics_obtained":["Golden Idol"],"max_hp_gain":0,"max_hp_loss":6,"event_name":"Golden Idol","floor":12,"gold_loss":0},{"damage_healed":0,"gold_gain":0,"cards_transformed":["Strike_G","Strike_G"],"player_choice":"Became Test Subject","damage_taken":0,"max_hp_gain":0,"max_hp_loss":0,"event_name":"Drug Dealer","floor":20,"gold_loss":0,"cards_obtained":["Expertise","Well Laid Plans"]}],"is_beta":false,"boss_relics":[{"not_picked":["Sozu","SlaversCollar"],"picked":"Ring of the Serpent"}],"items_purged_floors":[10],"is_endless":false,"potions_floor_spawned":[5,6,7,11,18,19,21],"killed_by":"Slavers","ascension_level":15}}