{"host":"ibfpjm2kz059o009","time":1607738683,"event":{"mods":["AchievementEnabler","BaseMod","Block Reminder","Colored Powertips","DeckTracker","Googly Eyes","Key Reminder","Minty Spire (QoL Compilation)","Shop Mod","Unceasing Turn Reminder"],"gold_per_floor":[115,115,127,87,98,98,98,51,102,102,137,155,155,175,175,279,279,292,292,292,292,126,126,136,170,170,170,170],"floor_reached":27,"playtime":1372,"items_purged":[],"score":263,"play_id":"f8b7d3e4-da76-4d60-9b09-4fb55bc94e94","local_time":"20201211210443","is_ascension_mode":true,"campfire_choices":[{"floor":7.0,"key":"RECALL"},{"data":"Prepared","floor":10.0,"key":"SMITH"},{"floor":13.0,"key":"REST"},{"floor":15.0,"key":"REST"},{"floor":23.0,"key":"REST"}],"circlet_count":0,"master_deck":["Survivor","Neutralize","PiercingWail","Regret","Escape Plan","Noxious Fumes","Prepared+1","Burst","Eviscerate","Leg Sweep","Tools of the Trade","Burst+1","Eviscerate","Deflect","Dagger Spray","Flechettes","Predator","Malaise","Prepared","Riddle With Holes","Terror+1","Backflip","RitualDagger","Acrobatics","Noxious Fumes","Distraction+1"],"relics":["Ring of the Snake","NeowsBlessing","Boot","Calipers","Pandora\u0027s Box","MutagenicStrength","War Paint","Regal Pillow","Smiling Mask"],"acts_visited":["Exordium","TheCity"],"potions_floor_usage":[],"damage_taken":[{"damage":0.0,"enemies":"2 Louse","floor":1.0,"turns":1.0},{"damage":0.0,"enemies":"Cultist","floor":3.0,"turns":1.0},{"damage":0.0,"enemies":"Small Slimes","floor":5.0,"turns":1.0},{"damage":0.0,"enemies":"Gremlin Nob","floor":6.0,"turns":2.0},{"damage":28.0,"enemies":"Lagavulin","floor":11.0,"turns":10.0},{"damage":5.0,"enemies":"Red Slaver","floor":12.0,"turns":6.0},{"damage":11.0,"enemies":"Looter","floor":14.0,"turns":4.0},{"damage":32.0,"enemies":"The Guardian","floor":16.0,"turns":15.0},{"damage":26.0,"enemies":"Spheric Guardian","floor":18.0,"turns":5.0},{"damage":12.0,"enemies":"2 Thieves","floor":24.0,"turns":4.0},{"damage":28.0,"enemies":"Gremlin Leader","floor":25.0,"turns":8.0},{"damage":21,"enemies":"Slavers","floor":27,"turns":1}],"seed_played":"3755810572018885407","potions_obtained":[{"floor":4.0,"key":"SpeedPotion"},{"floor":4.0,"key":"SmokeBomb"},{"floor":4.0,"key":"AttackPotion"},{"floor":5.0,"key":"Strength Potion"},{"floor":14.0,"key":"SpeedPotion"},{"floor":18.0,"key":"PowerPotion"}],"is_trial":false,"path_per_floor":["M","?","M","?","M","E","R","$","T","R","E","M","R","M","R","B",null,"M","?","?","?","$","R","M","E","T","E"],"character_chosen":"THE_SILENT","items_purchased":["Prepared","War Paint","Acrobatics"],"campfire_rested":3,"item_purchase_floors":[8,22,22],"current_hp_per_floor":[70,70,70,70,70,70,70,70,70,70,42,37,58,47,68,36,70,44,38,38,38,38,59,47,19,19,0,0],"gold":170,"neow_bonus":"THREE_ENEMY_KILL","is_daily":false,"chose_seed":false,"campfire_upgraded":1,"win_rate":0.0,"timestamp":1607738683,"path_taken":["M","?","M","?","M","E","R","$","T","R","E","?","R","M","R","BOSS","M","?","?","?","$","R","M","E","T","E"],"items_purchased_type":["Card","Relic","Card"],"build_version":"2020-11-30","purchased_purges":0,"victory":false,"max_hp_per_floor":[70,70,70,70,70,70,70,70,70,70,70,70,70,70,70,70,70,70,70,70,70,70,70,70,70,70,70,70],"card_choices":[{"not_picked":["Flying Knee","Blade Dance"],"picked":"PiercingWail","floor":1.0},{"not_picked":["Tactician","Endless Agony"],"picked":"Escape Plan","floor":3.0},{"not_picked":["Dagger Throw","Sucker Punch"],"picked":"Noxious Fumes","floor":5.0},{"not_picked":["Dagger Spray","Terror"],"picked":"Burst","floor":11.0},{"not_picked":["Outmaneuver","Choke"],"picked":"Eviscerate","floor":12.0},{"not_picked":["Flying Knee","Deflect"],"picked":"Leg Sweep","floor":14.0},{"not_picked":["Venomology","Burst"],"picked":"Tools of the Trade","floor":16.0},{"not_picked":["Dagger Throw","Dodge and Roll"],"picked":"Backflip","floor":18.0},{"not_picked":["Outmaneuver","Finisher"],"picked":"Noxious Fumes","floor":24.0},{"not_picked":["Blur","Underhanded Strike"],"picked":"Distraction+1","floor":25.0}],"player_experience":575765,"relics_obtained":[{"floor":11.0,"key":"Calipers"},{"floor":25.0,"key":"Regal Pillow"},{"floor":26.0,"key":"Smiling Mask"}],"event_choices":[{"damage_healed":0.0,"max_hp_gain":0.0,"max_hp_loss":0.0,"gold_gain":0.0,"event_name":"Big Fish","player_choice":"Box","floor":2.0,"gold_loss":0.0,"damage_taken":0.0,"relics_obtained":["Boot"],"cards_obtained":["Regret"]},{"damage_healed":0.0,"max_hp_gain":0.0,"max_hp_loss":0.0,"gold_gain":0.0,"event_name":"The Woman in Blue","player_choice":"Bought 3 Potions","floor":4.0,"gold_loss":0.0,"damage_taken":0.0},{"damage_healed":0.0,"max_hp_gain":0.0,"max_hp_loss":0.0,"gold_gain":0.0,"event_name":"Nest","player_choice":"Joined the Cult","floor":19.0,"gold_loss":0.0,"damage_taken":6.0,"cards_obtained":["RitualDagger"]},{"damage_healed":0.0,"max_hp_gain":0.0,"max_hp_loss":0.0,"gold_gain":0.0,"event_name":"Vampires","player_choice":"Ignored","floor":20.0,"gold_loss":0.0,"damage_taken":0.0},{"damage_healed":0.0,"max_hp_gain":0.0,"max_hp_loss":0.0,"gold_gain":0.0,"event_name":"Drug Dealer","player_choice":"Inject Mutagens","floor":21.0,"gold_loss":0.0,"damage_taken":0.0,"relics_obtained":["MutagenicStrength"]}],"is_beta":false,"boss_relics":[{"not_picked":["Velvet Choker","Runic Dome"],"picked":"Pandora\u0027s Box"}],"items_purged_floors":[],"is_endless":false,"potions_floor_spawned":[5,6,14,18],"killed_by":"Slavers","ascension_level":2}}