{"host":"5pvsezzv96u4cz40","time":1607816484,"event":{"mods":["Act Like it!","BaseMod","BetterRewards","CapriCore","Colored Map","Colored Powertips","GifTheSpireLib","Hubris","Menagerie","Minty Spire (QoL Compilation)","Remilia??????","Replay The Spire","Shop Mod","StSLib"],"gold_per_floor":[111,125,125,125,136,161,173,173,173,184,184,200,213,233,233,331,381,400,413,413,430,218,218,218,218],"floor_reached":24,"playtime":2178,"items_purged":[],"score":202,"play_id":"9176f53e-f0f6-4029-936c-4a845576df24","local_time":"20201213004124","is_ascension_mode":false,"campfire_choices":[{"floor":11,"key":"REST"},{"floor":15,"key":"REST"},{"floor":23,"key":"REST"}],"circlet_count":0,"master_deck":["Strike_B","Strike_B","Strike_B","Strike_B","Defend_B","Defend_B","Defend_B","Defend_B","Zap","Dualcast","Beam Cell","Auto Shields+1","Conserve Battery","Chaos","Force Field","Melter","Sickly","hubris:Ukulele","Tempest","Skim","Double Energy","Fission","FTL","BasicCrystalCard","Redo","Self Repair","Capacitor","Steam","Go for the Eyes","hubris:Ukulele"],"relics":["Cracked Core","NeowsBlessing","Toy Ornithopter","Ring of Fury","Chameleon Ring","Tiny House","hubris:Icosahedron"],"acts_visited":["Menagerie:Menagerie","TheCity"],"potions_floor_usage":[16,16,16,18,19,21],"damage_taken":[{"damage":1,"enemies":"Menagerie:MonstrousExperiment","floor":1,"turns":1},{"damage":0,"enemies":"Menagerie:2_RABBITS","floor":2,"turns":1},{"damage":0,"enemies":"Menagerie:WhisperingWraith","floor":5,"turns":1},{"damage":12,"enemies":"Menagerie:Hydra","floor":6,"turns":6},{"damage":4,"enemies":"Menagerie:MENAGERIE_WILDLIFE","floor":7,"turns":5},{"damage":0,"enemies":"Menagerie:MeltingSalamander","floor":10,"turns":3},{"damage":10,"enemies":"Menagerie:RedMage","floor":12,"turns":3},{"damage":6,"enemies":"Menagerie:BEAST_MAGE_AND_PROWLING_AMALGAM","floor":13,"turns":6},{"damage":12,"enemies":"Menagerie:KEEPER_AND_YOUNG_SUNEATER","floor":14,"turns":5},{"damage":22,"enemies":"Menagerie:Chimera","floor":16,"turns":6},{"damage":2,"enemies":"Chosen","floor":18,"turns":5},{"damage":23,"enemies":"Shell Parasite","floor":19,"turns":6},{"damage":29,"enemies":"Snecko","floor":21,"turns":5},{"damage":65,"enemies":"Cultist and Chosen","floor":24,"turns":6}],"seed_played":"1686615707111726904","potions_obtained":[{"floor":7,"key":"FearPotion"},{"floor":10,"key":"Toxic Potion"},{"floor":12,"key":"DuplicationPotion"},{"floor":13,"key":"SteroidPotion"},{"floor":16,"key":"SteroidPotion"},{"floor":17,"key":"DistilledChaos"},{"floor":18,"key":"Swift Potion"}],"is_trial":false,"path_per_floor":["M","M","?","?","M","E","M","?","T","M","R","M","M","M","R","B",null,"M","M","?","M","$","R","M"],"character_chosen":"DEFECT","items_purchased":["Capacitor","Steam","Go for the Eyes","hubris:Ukulele"],"campfire_rested":3,"item_purchase_floors":[22,22,22,22],"current_hp_per_floor":[74,74,74,74,74,62,58,58,58,58,75,65,59,47,69,59,80,80,57,57,33,33,57,0,0],"gold":218,"neow_bonus":"THREE_ENEMY_KILL","is_daily":false,"chose_seed":false,"campfire_upgraded":0,"win_rate":0.0,"timestamp":1607816484,"path_taken":["M","M","?","?","?","E","M","?","T","?","R","M","M","M","R","BOSS","M","M","?","M","$","R","M"],"items_purchased_type":["Card","Card","Card","Card"],"build_version":"2020-11-30","purchased_purges":0,"victory":false,"max_hp_per_floor":[75,75,75,75,75,75,75,75,75,75,75,75,75,75,75,75,80,80,80,80,80,80,80,80,80],"card_choices":[{"not_picked":["Go for the Eyes","Leap"],"picked":"Beam Cell","floor":1},{"not_picked":["Defragment","Ball Lightning"],"picked":"Auto Shields","floor":2},{"not_picked":["Steam","ReplayTheSpireMod:GoodbyeWorld"],"picked":"Chaos","floor":5},{"not_picked":["Doom and Gloom","Aggregate"],"picked":"Force Field","floor":6},{"not_picked":["ReplayTheSpireMod:Reroute Power","Consume"],"picked":"Melter","floor":7},{"not_picked":["Leap","Thunder Strike"],"picked":"hubris:Ukulele","floor":10},{"not_picked":["Panic Button","Fusion"],"picked":"Tempest","floor":12},{"not_picked":["ReplayTheSpireMod:GoodbyeWorld","Reinforced Body"],"picked":"Skim","floor":13},{"not_picked":["ReplayGash","Beam Cell"],"picked":"Double Energy","floor":14},{"not_picked":["Reboot","hubris:Prefetch"],"picked":"Fission","floor":16},{"not_picked":["Beam Cell","Crystallizer"],"picked":"FTL","floor":17},{"not_picked":["Doom and Gloom+1","Aggregate"],"picked":"BasicCrystalCard","floor":18},{"not_picked":["ReplaySort","ReplayTheSpireMod:Reroute Power"],"picked":"Redo","floor":19},{"not_picked":["Heatsinks","ReplaySolidLightProjector"],"picked":"Self Repair","floor":21}],"player_experience":66261,"relics_obtained":[{"floor":6,"key":"Toy Ornithopter"},{"floor":8,"key":"Ring of Fury"},{"floor":9,"key":"Chameleon Ring"}],"event_choices":[{"damage_healed":0,"gold_gain":0,"player_choice":"Ignored","damage_taken":0,"max_hp_gain":0,"max_hp_loss":0,"event_name":"Menagerie:CorruptingLight","floor":3,"gold_loss":0}],"is_beta":false,"boss_relics":[{"not_picked":["Honey Jar","Runic Pyramid"],"picked":"Tiny House"}],"items_purged_floors":[],"is_endless":false,"potions_floor_spawned":[7,10,12,13,16,18],"killed_by":"Cultist and Chosen","ascension_level":0}}