{"host":"sabve5zmqufxyc5o","time":1607752400,"event":{"mods":["2.2 Compatiblity","AchievementEnabler","Act Like it!","BaseMod","Block Reminder","Colored Map","Colored Powertips","DeckTracker","KOR Keyword Fix","Keyboard Shortcuts","Minty Spire (QoL Compilation)","Quick Restart","Rare Cards Sparkle","Relic Stats","StSLib","SuperFastMode"],"gold_per_floor":[110,123,48,48,123,164,164,204,273,273,273,308,334,334,334,334,334],"floor_reached":16,"playtime":170,"items_purged":[],"score":279,"play_id":"52ebcec7-8ae2-48ef-91f3-9cedd26a9f42","local_time":"20201212145320","is_ascension_mode":true,"campfire_choices":[{"data":"Zap","floor":7,"key":"SMITH"},{"floor":11,"key":"REST"},{"floor":15,"key":"REST"}],"circlet_count":0,"master_deck":["AscendersBane","Strike_B","Strike_B","Strike_B","Defend_B","Defend_B","Defend_B","Defend_B","Zap+1","Dualcast+1","Ball Lightning+1","Genetic Algorithm","Turbo","Go for the Eyes+1","Hologram"],"relics":["Cracked Core","NeowsBlessing","CeramicFish","Cables","Darkstone Periapt","Whetstone"],"acts_visited":[],"potions_floor_usage":[8,14],"damage_taken":[{"damage":0,"enemies":"Jaw Worm","floor":1,"turns":1},{"damage":0,"enemies":"Small Slimes","floor":2,"turns":1},{"damage":0,"enemies":"Lagavulin","floor":6,"turns":1},{"damage":24,"enemies":"3 Sentries","floor":8,"turns":6},{"damage":49,"enemies":"Gremlin Nob","floor":12,"turns":5},{"damage":0,"enemies":"Cultist","floor":13,"turns":2},{"damage":0,"enemies":"3 Louse","floor":14,"turns":1},{"damage":3,"enemies":"Slime Boss","floor":16,"turns":5}],"seed_played":"7234288922655107455","potions_obtained":[{"floor":1,"key":"Fire Potion"},{"floor":2,"key":"SmokeBomb"}],"is_trial":false,"path_per_floor":["M","M","?","$","?","E","R","E","T","?","R","E","M","M","R","B"],"character_chosen":"DEFECT","items_purchased":[],"campfire_rested":2,"item_purchase_floors":[],"current_hp_per_floor":[64,64,64,64,53,53,53,29,29,29,50,1,1,1,22,19,19],"gold":334,"neow_bonus":"THREE_ENEMY_KILL","is_daily":false,"chose_seed":false,"campfire_upgraded":1,"win_rate":0.0,"timestamp":1607752400,"path_taken":["M","M","?","$","?","E","R","E","T","?","R","E","M","M","R","BOSS"],"items_purchased_type":[],"build_version":"2020-11-30","purchased_purges":0,"victory":false,"max_hp_per_floor":[71,71,71,71,71,71,71,71,71,71,71,71,71,71,71,71,71],"relic_stats":{"Darkstone Periapt":0,"counters":[8,22],"CeramicFish":27,"Whetstone":["Go for the Eyes","Ball Lightning"],"obtain_stats":[{"Darkstone Periapt":9,"NeowsBlessing":0,"CeramicFish":6,"Whetstone":12,"Cracked Core":0,"Cables":8},{"Darkstone Periapt":4,"NeowsBlessing":0,"CeramicFish":3,"Whetstone":5,"Cracked Core":0,"Cables":4},{"Darkstone Periapt":9,"NeowsBlessing":0,"CeramicFish":3,"Whetstone":14,"Cracked Core":0,"Cables":9}],"Cables":[11,11,0,0,0]},"card_choices":[{"not_picked":["Steam Power","Melter"],"picked":"Ball Lightning","floor":1},{"not_picked":["Steam","Glacier"],"picked":"Genetic Algorithm","floor":2},{"not_picked":["Redo","Buffer"],"picked":"Turbo","floor":6},{"not_picked":["Stack","Rebound"],"picked":"Go for the Eyes","floor":8},{"not_picked":["Streamline","Rip and Tear","Blizzard"],"picked":"SKIP","floor":12},{"not_picked":["Turbo","Double Energy"],"picked":"Hologram","floor":13}],"player_experience":763398,"relics_obtained":[{"floor":6,"key":"CeramicFish"},{"floor":8,"key":"Cables"},{"floor":9,"key":"Darkstone Periapt"},{"floor":12,"key":"Whetstone"}],"event_choices":[{"cards_removed":["Strike_B"],"damage_healed":0,"gold_gain":0,"player_choice":"Card Removal","damage_taken":0,"max_hp_gain":0,"max_hp_loss":0,"event_name":"The Cleric","floor":3,"gold_loss":75},{"damage_healed":0,"gold_gain":75,"player_choice":"Gather Gold","damage_taken":11,"max_hp_gain":0,"max_hp_loss":0,"event_name":"World of Goop","floor":5,"gold_loss":0},{"damage_healed":0,"gold_gain":0,"player_choice":"Forge","damage_taken":0,"max_hp_gain":0,"max_hp_loss":0,"event_name":"Accursed Blacksmith","floor":10,"gold_loss":0,"cards_upgraded":["Dualcast"]}],"is_beta":false,"boss_relics":[],"items_purged_floors":[],"is_endless":false,"potions_floor_spawned":[1,2,14],"killed_by":"Slime Boss","ascension_level":19}}