{"host":"jg07b2bexsgdacfj","time":1607804024,"event":{"mods":["AchievementEnabler","Act Like it!","Aspiration","BaseMod","Better Third Choice","BetterRewards","Block Reminder","Challenge The Spire","Colored Map","Conspire","Downfall","Elementarium","Energized Spire","Friendly Minions","GifTheSpireLib","Gold Saver","Halation","Highlight Path","Hubris","Infinite Spire","Menagerie","Minty Spire (QoL Compilation)","Permanent Neow","Railgun Mod","Remove Card Discount Mod","Replay The Spire","Shop Mod","Spikes Relics","StSLib","Stuff the Spire","Synergy Search","The Animator","The Blackbeard","The Forsaken","The Gatherer","The Necromancer","The Servant 0.9.4","TheHeartMod","TheWitcher","Transform Curses","UnlockEverythingMod","vexMod"],"gold_per_floor":[302,319,352,1,18,51,26,26,51,68,68,68,87,107,107,217,217,238,28,72,72,102,102,122,122,122],"floor_reached":24,"playtime":2800,"items_purged":["Injury","Gatherer:Centralize"],"score":219,"play_id":"7952a6d3-995b-459b-bc0d-7a7ef12f4cd8","local_time":"20201212211344","is_ascension_mode":false,"metric_token":2705,"campfire_choices":[{"data":"Gatherer:FlowerWhip","floor":11,"key":"SMITH"},{"floor":15,"key":"REST"},{"data":"Gatherer:EnergyBasket","floor":23,"key":"SMITH"}],"circlet_count":0,"master_deck":["Gatherer:Strike_Gatherer","Gatherer:Strike_Gatherer","Gatherer:Strike_Gatherer","Gatherer:Strike_Gatherer","Gatherer:Strike_Gatherer","Gatherer:Defend_Gatherer","Gatherer:Defend_Gatherer","Gatherer:Defend_Gatherer","Gatherer:Defend_Gatherer","Gatherer:Defend_Gatherer","Gatherer:FlowerWhip+1","Gatherer:WoolGloves","Gatherer:FlowerBeam","Gatherer:EnergyBasket+1","Gatherer:ScherryThrow","Gatherer:TreeGrowth+1","Gatherer:RottenStipe","Replay:SS_forest_6","Gatherer:Duality","Gatherer:TacticalStrike","Gatherer:ScherryThrow+1","Gatherer:HeartToFruit+1","Gatherer:FruitForce+1","Gatherer:Photoscythe+1","Gatherer:RottenStipe+1","Gatherer:AcidicSpray+1","Gatherer:BambuSword+1","infinitespire:DeathsTouch+1","Gatherer:FragileHammer+1"],"relics":["Gatherer:AlchemyBag","Vajra","infinitespire:Midas Blood","Molten Egg 2","ReplayTheSpireMod:Lightbulb","hubris:Towel","Anchor","halation:QuantumPhysicsTextbook","StuffTheSpire:Tea","hubris:HollowSoul","Elementarium:GoldenMirage"],"acts_visited":["Exordium","Exordium"],"potions_floor_usage":[6,16,16,16,16,16,18,20,20],"damage_taken":[{"damage":0,"enemies":"Small Slimes","floor":1,"turns":5},{"damage":0,"enemies":"2 Louse","floor":2,"turns":3},{"damage":0,"enemies":"Jaw Worm","floor":5,"turns":3},{"damage":20,"enemies":"Gremlin Nob","floor":6,"turns":5},{"damage":0,"enemies":"Exordium Thugs","floor":10,"turns":3},{"damage":7,"enemies":"Looter","floor":13,"turns":2},{"damage":0,"enemies":"Large Slime","floor":14,"turns":2},{"damage":15,"enemies":"The Guardian","floor":16,"turns":11},{"damage":12,"enemies":"Elementarium:VoidCorruption","floor":18,"turns":4},{"damage":22,"enemies":"Menagerie:AVATARS","floor":20,"turns":7},{"damage":0,"enemies":"Elementarium:GOLDEN_STATUES","floor":22,"turns":2},{"damage":21,"enemies":"Elementarium:ElementalPortal","floor":24,"turns":4}],"seed_played":"-5820533227372750965","potions_obtained":[{"floor":1,"key":"DuplicationPotion"},{"floor":2,"key":"Energy Potion"},{"floor":3,"key":"EssenceOfSteel"},{"floor":3,"key":"Slimebound:ThreeZeroPotion"},{"floor":6,"key":"Dexterity Potion"},{"floor":14,"key":"EntropicBrew"},{"floor":16,"key":"Energy Potion"},{"floor":18,"key":"PowerPotion"},{"floor":22,"key":"Venom Potion"}],"is_trial":false,"path_per_floor":["M","M","?","$","M","E","?","?","T","M","R","?","M","M","R","B",null,"M","$","?","AVR","?","R","E"],"character_chosen":"THE_GATHERER","items_purchased":["Vajra","Gatherer:TreeGrowth+1","Gatherer:RottenStipe","Replay:SS_forest_6","Anchor","Gatherer:AcidicSpray+1"],"campfire_rested":1,"item_purchase_floors":[4,4,4,4,19,19],"current_hp_per_floor":[72,72,54,54,54,34,34,34,34,34,34,34,27,31,53,42,80,72,72,54,54,54,54,0,0,0],"gold":122,"neow_bonus":"THREE_CARDS","is_daily":false,"chose_seed":false,"campfire_upgraded":2,"win_rate":0.0,"timestamp":1607804024,"path_taken":["M","M","?","$","M","E","?","?","T","M","R","?","M","M","R","BOSS","M","$","?","AVR","?","R","E"],"items_purchased_type":["Relic","Card","Card","Card","Relic","Card"],"build_version":"2020-11-30","purchased_purges":2,"victory":false,"max_hp_per_floor":[72,72,72,72,72,72,72,72,72,72,72,72,72,76,76,80,80,84,84,88,88,88,88,88,88,88],"card_choices":[{"not_picked":["Gatherer:PotentialSlash","Gatherer:FlowerPower"],"picked":"Gatherer:WoolGloves","floor":0},{"not_picked":["Gatherer:Nutrients","Gatherer:FeelingFine"],"picked":"Gatherer:FlowerBeam","floor":1},{"not_picked":["Gatherer:WoolGloves","Gatherer:DrugPower"],"picked":"Gatherer:EnergyBasket","floor":2},{"not_picked":["Gatherer:Frenzy","Gatherer:AromaProtection"],"picked":"Gatherer:ScherryThrow","floor":3},{"not_picked":["Gatherer:Snatch","Gatherer:ScherryThrow"],"picked":"Gatherer:Duality","floor":5},{"not_picked":["Gatherer:EchoOfNature","Gatherer:GlowingPlant"],"picked":"Gatherer:TacticalStrike","floor":6},{"not_picked":["Gatherer:Duplicator","Gatherer:MiningStrike+1"],"picked":"Gatherer:ScherryThrow+1","floor":10},{"not_picked":["Gatherer:DrugPower+1","Gatherer:BambuSword+1"],"picked":"Gatherer:HeartToFruit+1","floor":13},{"not_picked":["Gatherer:BalancedGrowth","Gatherer:AcidicSpray+1"],"picked":"Gatherer:FruitForce+1","floor":14},{"not_picked":["Gatherer:Overflowing","Gatherer:Examine"],"picked":"Gatherer:Photoscythe+1","floor":16},{"not_picked":["Gatherer:Snatch+1","Gatherer:Convert"],"picked":"Gatherer:RottenStipe+1","floor":18},{"not_picked":["Gatherer:QuickSynthesis","Gatherer:TacticalStrike+1"],"picked":"Gatherer:BambuSword+1","floor":20},{"not_picked":["Gatherer:RottenStipe+1","Gatherer:WoolGloves"],"picked":"Gatherer:FragileHammer+1","floor":22}],"player_experience":294750,"relics_obtained":[{"floor":6,"key":"infinitespire:Midas Blood"},{"floor":9,"key":"ReplayTheSpireMod:Lightbulb"},{"floor":20,"key":"halation:QuantumPhysicsTextbook"},{"floor":22,"key":"Elementarium:GoldenMirage"}],"event_choices":[{"damage_healed":0,"gold_gain":0,"player_choice":"Follow","damage_taken":0,"max_hp_gain":0,"max_hp_loss":0,"event_name":"Elementarium:BeastsOfTheMenagerie","floor":20,"gold_loss":0},{"damage_healed":0,"gold_gain":0,"player_choice":"Fight","damage_taken":0,"max_hp_gain":0,"max_hp_loss":0,"event_name":"Elementarium:GoldenStatues","floor":22,"gold_loss":0}],"is_beta":false,"boss_relics":[{"not_picked":["energizedSpire:StickyHand","halation:Risk","halation:ForbiddenBikini"]}],"items_purged_floors":[19,19],"is_endless":false,"potions_floor_spawned":[1,2,6,14,16,18,22],"killed_by":"Elementarium:ElementalPortal","ascension_level":0}}