{"host":"m1ntkrf87179kmo6","time":1607797177,"event":{"mods":["BaseMod","Better Third Choice","Minty Spire (QoL Compilation)","Shade Mod","StSLib"],"gold_per_floor":[209,7,26,26,41,67,67,85,166,177,202,2,2,22,22,125,125,142,152,152,162,262,291,291,304,331,331,343,175,200,219,219,324,324,338,32,42,58,58,58,86,86,86,106,139,154,167,181,181,181,181,181,1,28,28],"floor_reached":56,"playtime":5658,"items_purged":["Shade:Strike_Shade"],"score":1538,"play_id":"d4dfa396-7f29-46ed-8b27-2d5c8940ac7f","local_time":"20201212131937","is_ascension_mode":false,"campfire_choices":[{"floor":7,"key":"REST"},{"floor":13,"key":"REST"},{"floor":15,"key":"REST"},{"data":"Shade:Putrefaction","floor":24,"key":"SMITH"},{"floor":27,"key":"RECALL"},{"data":"Shade:AnimateDead","floor":32,"key":"SMITH"},{"data":"Shade:TouchOfTheGrave","floor":40,"key":"SMITH"},{"data":"Shade:Brains","floor":42,"key":"SMITH"},{"floor":49,"key":"REST"},{"data":"Shade:WallOfFlesh","floor":52,"key":"SMITH"}],"circlet_count":0,"master_deck":["Shade:Strike_Shade","Shade:Strike_Shade","Shade:Defend_Shade","Shade:Defend_Shade","Shade:Defend_Shade","Shade:Defend_Shade","Shade:AnimateDead+1","Shade:CarefulCut","Shade:Brains+1","Shade:FuneraryArmor","Shade:Carnophage","Shade:Putrefaction+1","Shade:FleshToFlesh+1","Shade:Trample+1","Shade:FleshToFlesh+1","Shade:WallOfFlesh+1","Shade:FleshToFlesh+1","Shade:AblativeArmor","Shade:TouchOfTheGrave+1","Shade:Brains+1","Shade:OpenGraves"],"relics":["Shade:YorickPolishedSkull","Membership Card","Thread and Needle","Singing Bowl","Lantern","Incense Burner","Ancient Tea Set","Happy Flower","InkBottle","Mango","SlaversCollar","Bronze Scales","ClockworkSouvenir","Juzu Bracelet","Pear","White Beast Statue","TungstenRod","Shuriken"],"acts_visited":["Exordium","TheCity","TheBeyond","TheEnding"],"potions_floor_usage":[2,5,6,8,10,11,12,16,16,23,33,38,38,41,46,50,50,50,54,55],"damage_taken":[{"damage":0,"enemies":"2 Louse","floor":1,"turns":3},{"damage":0,"enemies":"Small Slimes","floor":3,"turns":3},{"damage":0,"enemies":"Cultist","floor":5,"turns":2},{"damage":52,"enemies":"Gremlin Nob","floor":6,"turns":7},{"damage":0,"enemies":"Large Slime","floor":8,"turns":3},{"damage":0,"enemies":"Red Slaver","floor":10,"turns":5},{"damage":5,"enemies":"Lagavulin","floor":11,"turns":7},{"damage":10,"enemies":"Gremlin Gang","floor":14,"turns":5},{"damage":20,"enemies":"Hexaghost","floor":16,"turns":12},{"damage":9,"enemies":"Spheric Guardian","floor":18,"turns":7},{"damage":0,"enemies":"Chosen","floor":19,"turns":5},{"damage":0,"enemies":"3 Cultists","floor":21,"turns":5},{"damage":0,"enemies":"Book of Stabbing","floor":23,"turns":6},{"damage":4,"enemies":"Snake Plant","floor":25,"turns":3},{"damage":0,"enemies":"Shelled Parasite and Fungi","floor":28,"turns":5},{"damage":14,"enemies":"Slavers","floor":30,"turns":6},{"damage":0,"enemies":"Sentry and Sphere","floor":31,"turns":5},{"damage":0,"enemies":"Collector","floor":33,"turns":7},{"damage":0,"enemies":"3 Darklings","floor":35,"turns":4},{"damage":0,"enemies":"3 Shapes","floor":37,"turns":3},{"damage":0,"enemies":"Maw","floor":38,"turns":6},{"damage":24,"enemies":"Reptomancer","floor":41,"turns":5},{"damage":0,"enemies":"Sphere and 2 Shapes","floor":44,"turns":6},{"damage":0,"enemies":"Giant Head","floor":45,"turns":8},{"damage":0,"enemies":"Spire Growth","floor":46,"turns":5},{"damage":0,"enemies":"4 Shapes","floor":47,"turns":4},{"damage":0,"enemies":"Sphere and 2 Shapes","floor":48,"turns":4},{"damage":0,"enemies":"Time Eater","floor":50,"turns":6},{"damage":0,"enemies":"Shield and Spear","floor":54,"turns":7},{"damage":0,"enemies":"The Heart","floor":55,"turns":11}],"seed_played":"613816571905267090","potions_obtained":[{"floor":6,"key":"Fire Potion"},{"floor":10,"key":"BlessingOfTheForge"},{"floor":11,"key":"Regen Potion"},{"floor":14,"key":"ColorlessPotion"},{"floor":19,"key":"Swift Potion"},{"floor":23,"key":"Strength Potion"},{"floor":25,"key":"BlessingOfTheForge"},{"floor":38,"key":"LiquidBronze"},{"floor":45,"key":"AttackPotion"},{"floor":46,"key":"SkillPotion"},{"floor":47,"key":"LiquidMemories"},{"floor":48,"key":"DuplicationPotion"},{"floor":54,"key":"LiquidMemories"}],"is_trial":false,"path_per_floor":["M","$","M","?","M","E","R","M","T","M","E","$","R","M","R","B",null,"M","M","?","M","?","E","R","M","T","R","M","$","E","M","R","B",null,"M","$","M","M","?","R","E","R","T","M","E","M","M","M","R","B",null,"R","$","E","B",null],"character_chosen":"SHADE","items_purchased":["Membership Card","EntropicBrew","Incense Burner","Fruit Juice","InkBottle","Shade:WallOfFlesh","Energy Potion","Bronze Scales","ClockworkSouvenir","Juzu Bracelet","Shade:TouchOfTheGrave","TungstenRod","Dexterity Potion"],"campfire_rested":4,"item_purchase_floors":[2,2,12,12,29,29,29,36,36,36,36,53,53],"current_hp_per_floor":[65,65,65,65,65,13,32,32,32,34,31,36,58,50,72,67,76,69,69,69,69,69,69,69,65,65,65,67,67,67,67,67,69,96,98,98,100,102,102,102,90,90,90,90,90,92,94,96,120,120,120,120,120,122,122],"gold":28,"neow_bonus":"HUNDRED_GOLD","is_daily":false,"chose_seed":false,"campfire_upgraded":5,"win_rate":0.0,"timestamp":1607797177,"path_taken":["M","$","M","?","M","E","R","M","T","M","E","$","R","M","R","BOSS","M","M","?","?","?","E","R","M","T","R","M","$","E","?","R","BOSS","M","$","M","M","?","R","E","R","T","M","E","M","M","M","R","BOSS","R","$","E","BOSS"],"items_purchased_type":["Relic","Potion","Relic","Potion","Relic","Card","Potion","Relic","Relic","Relic","Card","Relic","Potion"],"build_version":"2020-11-30","purchased_purges":1,"victory":true,"max_hp_per_floor":[65,65,65,65,65,65,65,65,65,67,69,74,74,76,76,76,76,78,78,78,78,78,78,78,78,78,78,80,80,94,94,94,96,96,98,98,100,102,102,102,114,114,114,114,114,116,118,120,120,120,120,120,120,122,122],"card_choices":[{"not_picked":["Shade:CoffinDance","Shade:Trample","Shade:CommandSoldier"],"picked":"SKIP","floor":1},{"not_picked":["Shade:FeralStrike","Shade:Trample"],"picked":"Shade:Brains","floor":3},{"not_picked":["Shade:Asphyxiate","Shade:FleshToFlesh"],"picked":"Shade:FuneraryArmor","floor":5},{"not_picked":["Shade:BoneShards","Shade:FeralStrike","Shade:PoundOfFlesh"],"picked":"SKIP","floor":6},{"not_picked":["Shade:FleshToFlesh","Shade:Haruspicy"],"picked":"Shade:Carnophage","floor":8},{"not_picked":["Shade:SpontaneousRitual","Shade:Frenzy","Shade:DarkOfNight"],"picked":"Singing Bowl","floor":10},{"not_picked":["Shade:WallOfFlesh","Shade:FeralStrike","Shade:Bonestorm"],"picked":"Singing Bowl","floor":11},{"not_picked":["Shade:BoneShards","Shade:Patience","Shade:CommandSoldier"],"picked":"Singing Bowl","floor":14},{"not_picked":["Shade:DarkOfNight","Shade:OminousRitual"],"picked":"Shade:Putrefaction","floor":16},{"not_picked":["Shade:FingerOfDeath","Shade:Bonestorm","Shade:CoffinDance"],"picked":"Singing Bowl","floor":18},{"not_picked":["Shade:Frenzy+1","Shade:BoneShards"],"picked":"Shade:FleshToFlesh+1","floor":19},{"not_picked":["Shade:FreshBones","Shade:Frenzy"],"picked":"Shade:ExtraLimbs","floor":21},{"not_picked":["Shade:GraveStillness","Shade:Brains"],"picked":"Shade:Trample+1","floor":23},{"not_picked":["Shade:SanguineRitual","Shade:ClawBack"],"picked":"Shade:FleshToFlesh+1","floor":25},{"not_picked":["Shade:SoulPierce","Shade:FuneraryArmor","Shade:Bonestorm+1"],"picked":"Singing Bowl","floor":28},{"not_picked":["Shade:Bonestorm","Shade:SensePrey"],"picked":"Shade:FleshToFlesh+1","floor":30},{"not_picked":["Shade:CallOfTheGrave","Shade:FuneraryJewels+1"],"picked":"Shade:AblativeArmor","floor":31},{"not_picked":["Shade:OfferingToTheBeyond","Shade:GreaterAnimation","Shade:LoseControl"],"picked":"Singing Bowl","floor":33},{"not_picked":["Shade:SkeletonHug+1","Shade:Trample+1","Shade:GoDigging+1"],"picked":"Singing Bowl","floor":35},{"not_picked":["Shade:TouchOfTheGrave","Shade:FreshBones+1","Shade:WallOfFlesh+1"],"picked":"Singing Bowl","floor":37},{"not_picked":["Shade:GoDigging+1","Shade:SkeletonArmy","Shade:Premonition+1"],"picked":"Singing Bowl","floor":38},{"not_picked":["Shade:Carnophage+1","Shade:FuneraryArmor","Shade:Frenzy"],"picked":"Singing Bowl","floor":41},{"not_picked":["Shade:Bonestorm","Shade:SkeletonHug+1"],"picked":"Shade:Brains+1","floor":44},{"not_picked":["Shade:DarkOfNight","Shade:RitualOffering+1"],"picked":"Shade:OpenGraves","floor":45},{"not_picked":["Shade:SkeletonHug+1","Shade:Patience","Shade:FreshBones"],"picked":"Singing Bowl","floor":46},{"not_picked":["Shade:WallOfFlesh+1","Shade:Trample+1","Shade:SkeletonHug"],"picked":"Singing Bowl","floor":47},{"not_picked":["Shade:DangerousRitual+1","Shade:CoffinDance+1","Shade:PoundOfFlesh"],"picked":"Singing Bowl","floor":48},{"not_picked":["Shade:Frenzy","Shade:GoDigging","Shade:Trample+1"],"picked":"Singing Bowl","floor":54}],"player_experience":973793,"relics_obtained":[{"floor":6,"key":"Thread and Needle"},{"floor":9,"key":"Singing Bowl"},{"floor":11,"key":"Lantern"},{"floor":23,"key":"Ancient Tea Set"},{"floor":26,"key":"Happy Flower"},{"floor":30,"key":"Mango"},{"floor":41,"key":"Pear"},{"floor":45,"key":"White Beast Statue"},{"floor":54,"key":"Shuriken"}],"event_choices":[{"damage_healed":65,"gold_gain":0,"player_choice":"Leave","damage_taken":0,"max_hp_gain":0,"max_hp_loss":65,"event_name":"betterThird:BetterShining","floor":4,"gold_loss":0},{"cards_removed":["Shade:Strike_Shade"],"damage_healed":0,"gold_gain":0,"player_choice":"Purged","damage_taken":0,"max_hp_gain":0,"max_hp_loss":0,"event_name":"Purifier","floor":20,"gold_loss":0},{"damage_healed":0,"gold_gain":100,"player_choice":"Pray","damage_taken":0,"max_hp_gain":0,"max_hp_loss":0,"event_name":"Golden Shrine","floor":22,"gold_loss":0},{"cards_removed":["Shade:ExtraLimbs"],"damage_healed":0,"gold_gain":0,"player_choice":"Removed Attack","damage_taken":0,"max_hp_gain":0,"max_hp_loss":0,"event_name":"Falling","floor":39,"gold_loss":0}],"is_beta":false,"boss_relics":[{"not_picked":["Pandora\u0027s Box","Busted Crown"],"picked":"Shade:YorickPolishedSkull"},{"not_picked":["Runic Pyramid","Coffee Dripper"],"picked":"SlaversCollar"}],"items_purged_floors":[36],"is_endless":false,"potions_floor_spawned":[6,10,11,14,19,23,25,38,45,46,47,48,54],"ascension_level":0}}