{"host":"po0gzr6h085cygwo","time":1607768956,"event":{"mods":["AchievementEnabler","BaseMod","Minty Spire (QoL Compilation)","Rare Cards Sparkle","StSLib","SuperFastMode"],"gold_per_floor":[111,111,286,286,304,304,360,360,383,383,81,128,173,173,173,276,276,317,361,361,375,194,194,194,194],"floor_reached":24,"playtime":1281,"items_purged":["Strike_P","Defend_P"],"score":256,"play_id":"5a302935-e91d-4b99-815c-128e17fe2229","local_time":"20201212192916","is_ascension_mode":true,"campfire_choices":[{"data":"Wish","floor":6.0,"key":"SMITH"},{"floor":8.0,"key":"REST"},{"data":"Vault","floor":10.0,"key":"SMITH"},{"floor":15.0,"key":"REST"},{"floor":23,"key":"REST"}],"circlet_count":1,"master_deck":["Strike_P","Strike_P","Defend_P+1","Defend_P","Eruption+1","Vigilance","DevaForm","Omniscience","BattleHymn","CrushJoints","Doubt","Wish+1","Vault+1","ConjureBlade","Sanctity","Scrawl","WheelKick"],"relics":["PureWater","Circlet","Bottled Tornado","Lantern","Potion Belt","Juzu Bracelet","Chemical X","SacredBark"],"acts_visited":["Exordium","TheCity"],"potions_floor_usage":[21],"damage_taken":[{"damage":19.0,"enemies":"Small Slimes","floor":1.0,"turns":3.0},{"damage":6.0,"enemies":"Jaw Worm","floor":5.0,"turns":3.0},{"damage":9.0,"enemies":"3 Sentries","floor":7.0,"turns":9.0},{"damage":8.0,"enemies":"2 Louse","floor":12.0,"turns":4.0},{"damage":13.0,"enemies":"2 Fungi Beasts","floor":13.0,"turns":6.0},{"damage":0.0,"enemies":"Slime Boss","floor":16.0,"turns":6.0},{"damage":33.0,"enemies":"Shell Parasite","floor":18.0,"turns":5.0},{"damage":12.0,"enemies":"2 Thieves","floor":19.0,"turns":4.0},{"damage":14,"enemies":"Shelled Parasite and Fungi","floor":21,"turns":6},{"damage":0,"enemies":"Gremlin Leader","floor":24,"turns":3}],"seed_played":"-794626671529671063","potions_obtained":[{"floor":5.0,"key":"SneckoOil"},{"floor":7.0,"key":"ColorlessPotion"},{"floor":16.0,"key":"Strength Potion"},{"floor":19.0,"key":"Ancient Potion"}],"is_trial":false,"path_per_floor":["M","?","?","?","M","R","E","R","T","R","$","M","M","?","R","B",null,"M","M","?","M","$","R","E"],"character_chosen":"WATCHER","items_purchased":["Sanctity","Chemical X","WheelKick"],"campfire_rested":3,"item_purchase_floors":[11,11,22],"current_hp_per_floor":[46,46,46,33,27,27,18,37,37,37,37,29,16,9,28,28,65,32,20,20,6,6,25,25,25],"gold":194,"neow_bonus":"THREE_RARE_CARDS","is_daily":false,"chose_seed":false,"campfire_upgraded":2,"win_rate":0.0,"timestamp":1607768956,"path_taken":["M","?","?","?","M","R","E","R","T","R","$","M","M","?","R","BOSS","M","M","?","M","$","R","E"],"items_purchased_type":["Card","Relic","Card"],"build_version":"2020-11-30","purchased_purges":2,"victory":false,"max_hp_per_floor":[65,65,65,65,65,65,65,65,65,65,65,65,65,65,65,65,65,65,65,65,65,65,65,65,65],"card_choices":[{"not_picked":["Ragnarok","Omniscience"],"picked":"Alpha","floor":0.0},{"not_picked":["FollowUp","Evaluate"],"picked":"BattleHymn","floor":1.0},{"not_picked":["BowlingBash","Halt","JustLucky"],"picked":"SKIP","floor":5.0},{"not_picked":["Halt","Crescendo","ThirdEye"],"picked":"SKIP","floor":7.0},{"not_picked":["Alpha","FlyingSleeves","ClearTheMind"],"picked":"SKIP","floor":12.0},{"not_picked":["BowlingBash","Tantrum","EmptyBody"],"picked":"SKIP","floor":13.0},{"not_picked":["Alpha","Blasphemy"],"picked":"Scrawl","floor":16.0},{"not_picked":["FearNoEvil+1","CrushJoints","FollowUp"],"picked":"SKIP","floor":18.0},{"not_picked":["FollowUp","Halt+1","Tantrum"],"picked":"SKIP","floor":19.0},{"not_picked":["FollowUp","ThirdEye+1","DeceiveReality"],"picked":"SKIP","floor":21}],"player_experience":28569,"relics_obtained":[{"floor":7.0,"key":"Potion Belt"},{"floor":9.0,"key":"Juzu Bracelet"}],"event_choices":[{"damage_healed":0.0,"max_hp_gain":0.0,"max_hp_loss":0.0,"gold_gain":0.0,"cards_transformed":["Strike_P"],"event_name":"Living Wall","player_choice":"Change","floor":2.0,"gold_loss":0.0,"damage_taken":0.0,"cards_obtained":["CrushJoints"]},{"damage_healed":0.0,"max_hp_gain":0.0,"max_hp_loss":0.0,"gold_gain":175.0,"event_name":"Liars Game","player_choice":"AGREE","floor":3.0,"gold_loss":0.0,"damage_taken":0.0,"cards_obtained":["Doubt"]},{"damage_healed":0.0,"max_hp_gain":0.0,"max_hp_loss":0.0,"gold_gain":0.0,"event_name":"Shining Light","player_choice":"Entered Light","floor":4.0,"gold_loss":0.0,"damage_taken":13.0,"cards_upgraded":["Eruption","Defend_P"]},{"cards_removed":["Defend_P"],"damage_healed":0.0,"max_hp_gain":0.0,"max_hp_loss":0.0,"gold_gain":0.0,"event_name":"Golden Wing","player_choice":"Card Removal","floor":14.0,"gold_loss":0.0,"damage_taken":7.0},{"damage_healed":0.0,"max_hp_gain":0.0,"max_hp_loss":0.0,"gold_gain":0.0,"event_name":"N\u0027loth","player_choice":"Ignored","floor":20.0,"gold_loss":0.0,"damage_taken":0.0}],"is_beta":false,"boss_relics":[{"not_picked":["Coffee Dripper","VioletLotus"],"picked":"SacredBark"}],"items_purged_floors":[11,22],"is_endless":false,"potions_floor_spawned":[5,7,16,19],"killed_by":"Gremlin Leader","ascension_level":1}}