{"host":"szp1d6dso4pv7ddl","time":1607741383,"event":{"mods":["AchievementEnabler","Alarm Clock","BaseMod","Bestiary","Block Reminder","Colored Map","Colored Powertips","Curses Come First","Displayed Cursed Tome","Highlight Path","Minty Spire (QoL Compilation)","Permanent Neow","Quick Restart","Relic Stats","StSLib"],"gold_per_floor":[20,20,20,20,20,20,39,4,31,31,43,63,73,99,99,203,203,214,232,232,248,259,259,259,259,284,284,303,313,412,427,427,427,427],"floor_reached":33,"playtime":1972,"items_purged":[],"score":249,"play_id":"9e2abb31-d6c6-47d5-b118-96cec0143f18","local_time":"20201211184943","is_ascension_mode":false,"campfire_choices":[{"data":"Streamline","floor":6,"key":"SMITH"},{"floor":15,"key":"REST"},{"floor":23,"key":"REST"},{"floor":27,"key":"REST"},{"floor":32,"key":"REST"}],"circlet_count":0,"master_deck":["Zap+1","Streamline+1","Steam Power","Rebound+1","Ball Lightning","Core Surge+1","Redo","Electrodynamics","Undo","Loop","FTL+1","Rainbow","Rainbow","Turbo","Thunder Strike+1","Hologram+1","Conserve Battery+1","FTL+1","Aggregate+1","Conserve Battery+1","Melter+1"],"relics":["Cracked Core","Molten Egg 2","Dream Catcher","Nloth\u0027s Gift","Lantern","Happy Flower"],"acts_visited":["Exordium","TheCity"],"potions_floor_usage":[],"damage_taken":[{"damage":1,"enemies":"Cultist","floor":1,"turns":3},{"damage":2,"enemies":"2 Louse","floor":7,"turns":2},{"damage":2,"enemies":"Small Slimes","floor":11,"turns":3},{"damage":0,"enemies":"2 Fungi Beasts","floor":12,"turns":2},{"damage":6,"enemies":"Lots of Slimes","floor":13,"turns":3},{"damage":17,"enemies":"3 Sentries","floor":14,"turns":5},{"damage":48,"enemies":"Hexaghost","floor":16,"turns":7},{"damage":21,"enemies":"2 Thieves","floor":18,"turns":3},{"damage":24,"enemies":"Shell Parasite","floor":19,"turns":4},{"damage":13,"enemies":"Snecko","floor":21,"turns":4},{"damage":13,"enemies":"Cultist and Chosen","floor":22,"turns":4},{"damage":12,"enemies":"Centurion and Healer","floor":28,"turns":4},{"damage":21,"enemies":"Snecko","floor":29,"turns":4},{"damage":0,"enemies":"Cultist and Chosen","floor":31,"turns":4},{"damage":46,"enemies":"Automaton","floor":33,"turns":6}],"seed_played":"-102342604172595639","potions_obtained":[{"floor":7,"key":"Energy Potion"},{"floor":11,"key":"Strength Potion"},{"floor":28,"key":"BlessingOfTheForge"},{"floor":31,"key":"EssenceOfSteel"}],"is_trial":false,"path_per_floor":["M","?","?","?","$","R","M","?","T","$","M","M","M","E","R","B",null,"M","M","?","M","M","R","?","?","T","R","M","M","?","M","R","B"],"character_chosen":"DEFECT","items_purchased":[],"campfire_rested":4,"item_purchase_floors":[],"current_hp_per_floor":[74,74,59,56,56,56,54,72,72,72,70,70,64,47,69,21,75,54,30,30,17,4,26,26,26,26,48,36,15,15,15,37,0,0],"gold":427,"neow_bonus":"TRANSFORM_TWO_CARDS","is_daily":false,"chose_seed":false,"campfire_upgraded":1,"win_rate":0.0,"timestamp":1607741383,"path_taken":["M","?","?","?","$","R","M","?","T","$","M","M","M","E","R","BOSS","M","M","?","?","M","R","?","?","T","R","M","M","?","M","R","BOSS"],"items_purchased_type":[],"build_version":"2020-11-30","purchased_purges":0,"victory":false,"max_hp_per_floor":[75,75,75,75,75,75,75,75,75,75,75,75,75,75,75,75,75,75,75,75,75,75,75,75,75,75,75,75,75,75,75,75,75,75],"relic_stats":{"Dream Catcher":4,"Happy Flower":[6],"counters":[15,58],"Nloth\u0027s Gift":1,"obtain_stats":[{"Dream Catcher":14,"Lantern":24,"Happy Flower":26,"Molten Egg 2":4,"Pandora\u0027s Box":17,"Nloth\u0027s Gift":20,"Cracked Core":0},{"Dream Catcher":6,"Lantern":11,"Happy Flower":11,"Molten Egg 2":1,"Pandora\u0027s Box":7,"Nloth\u0027s Gift":9,"Cracked Core":0},{"Dream Catcher":18,"Lantern":40,"Happy Flower":40,"Molten Egg 2":3,"Pandora\u0027s Box":25,"Nloth\u0027s Gift":32,"Cracked Core":0}]},"card_choices":[{"not_picked":["Rip and Tear","Redo"],"picked":"Rebound","floor":1},{"not_picked":["Compile Driver+1","Chill","Gash+1"],"picked":"SKIP","floor":7},{"not_picked":["Defragment","Redo"],"picked":"Core Surge+1","floor":11},{"not_picked":["Stack","Blizzard+1","Coolheaded"],"picked":"SKIP","floor":12},{"not_picked":["Loop","Auto Shields","Blizzard+1"],"picked":"SKIP","floor":13},{"not_picked":["Sunder+1","Tempest","Ball Lightning+1"],"picked":"SKIP","floor":14},{"not_picked":["Scrape+1","Turbo"],"picked":"Redo","floor":15},{"not_picked":["Buffer","Machine Learning"],"picked":"Electrodynamics","floor":16},{"not_picked":["Go for the Eyes+1","Skim"],"picked":"Turbo","floor":18},{"not_picked":["Streamline+1","Leap"],"picked":"Thunder Strike+1","floor":19},{"not_picked":["BootSequence+1","Sweeping Beam+1"],"picked":"Hologram+1","floor":21},{"not_picked":["Rip and Tear+1","Ball Lightning+1"],"picked":"Conserve Battery+1","floor":22},{"not_picked":["Hologram","Sunder+1"],"picked":"FTL+1","floor":23},{"not_picked":["Force Field+1","Blizzard+1"],"picked":"Aggregate+1","floor":27},{"not_picked":["Compile Driver+1","Rip and Tear+1"],"picked":"Conserve Battery+1","floor":28},{"not_picked":["Core Surge+1","Streamline+1"],"picked":"Melter+1","floor":29},{"not_picked":["Double Energy","Cold Snap+1","Genetic Algorithm"],"picked":"SKIP","floor":31}],"player_experience":923368,"relics_obtained":[{"floor":14,"key":"Dream Catcher"},{"floor":26,"key":"Happy Flower"}],"event_choices":[{"damage_healed":0,"gold_gain":0,"cards_transformed":["Strike_B"],"player_choice":"Change","damage_taken":0,"max_hp_gain":0,"max_hp_loss":0,"event_name":"Living Wall","floor":2,"gold_loss":0,"cards_obtained":["Ball Lightning"]},{"damage_healed":0,"gold_gain":0,"player_choice":"Entered Light","damage_taken":15,"max_hp_gain":0,"max_hp_loss":0,"event_name":"Shining Light","floor":3,"gold_loss":0,"cards_upgraded":["Zap","Rebound"]},{"damage_healed":0,"gold_gain":0,"player_choice":"Success","damage_taken":3,"relics_obtained":["Molten Egg 2"],"max_hp_gain":0,"max_hp_loss":0,"event_name":"Scrap Ooze","floor":4,"gold_loss":0},{"damage_healed":18,"gold_gain":0,"player_choice":"Healed","damage_taken":0,"max_hp_gain":0,"max_hp_loss":0,"event_name":"The Cleric","floor":8,"gold_loss":35},{"damage_healed":0,"gold_gain":0,"player_choice":"Traded Relic","damage_taken":0,"relics_obtained":["Nloth\u0027s Gift"],"max_hp_gain":0,"max_hp_loss":0,"event_name":"N\u0027loth","floor":20,"relics_lost":["Pandora\u0027s Box"],"gold_loss":0},{"damage_healed":0,"gold_gain":0,"player_choice":"Opened","damage_taken":0,"relics_obtained":["Lantern"],"max_hp_gain":0,"max_hp_loss":0,"event_name":"The Mausoleum","floor":24,"gold_loss":0},{"cards_removed":["Dualcast"],"damage_healed":0,"gold_gain":0,"player_choice":"Elegance","damage_taken":0,"max_hp_gain":0,"max_hp_loss":0,"event_name":"Back to Basics","floor":25,"gold_loss":0},{"damage_healed":0,"gold_gain":99,"player_choice":"Stole From Cult","damage_taken":0,"max_hp_gain":0,"max_hp_loss":0,"event_name":"Nest","floor":30,"gold_loss":0}],"is_beta":false,"boss_relics":[{"not_picked":["Runic Dome","Sozu"],"picked":"Pandora\u0027s Box"}],"items_purged_floors":[],"is_endless":false,"potions_floor_spawned":[7,11,28,29,31],"killed_by":"Automaton","ascension_level":0}}