{"host":"pf47v7h0307523iy","time":1607777989,"event":{"mods":["BaseMod","Minty Spire (QoL Compilation)"],"gold_per_floor":[113,132,132,152,170,203,203,203,203],"floor_reached":8,"playtime":565,"items_purged":[],"score":116,"play_id":"61159f38-59ed-4aa5-b75f-6afcaafd4bc8","local_time":"20201212145949","is_ascension_mode":true,"campfire_choices":[{"floor":7,"key":"REST"}],"circlet_count":0,"master_deck":["AscendersBane","Strike_G","Strike_G","Strike_G","Strike_G","Strike_G","Defend_G","Defend_G","Defend_G","Defend_G","Defend_G","Survivor","Neutralize","Quick Slash","Bouncing Flask","Well Laid Plans","PiercingWail","Backstab"],"relics":["Ring of the Snake","Frozen Egg 2"],"acts_visited":["Exordium"],"potions_floor_usage":[8],"damage_taken":[{"damage":6.0,"enemies":"Cultist","floor":1.0,"turns":6.0},{"damage":8.0,"enemies":"Jaw Worm","floor":2.0,"turns":5.0},{"damage":0.0,"enemies":"Small Slimes","floor":4.0,"turns":4.0},{"damage":21.0,"enemies":"Exordium Thugs","floor":5.0,"turns":7.0},{"damage":59,"enemies":"3 Sentries","floor":6,"turns":14},{"damage":25,"enemies":"Gremlin Nob","floor":8,"turns":3}],"seed_played":"-2607867187248370181","potions_obtained":[{"floor":1.0,"key":"FairyPotion"},{"floor":6,"key":"FearPotion"}],"is_trial":false,"path_per_floor":["M","M","?","M","M","E","R","E"],"character_chosen":"THE_SILENT","items_purchased":[],"campfire_rested":1,"item_purchase_floors":[],"current_hp_per_floor":[59,51,51,51,30,1,22,0,0],"gold":203,"neow_bonus":"TEN_PERCENT_HP_BONUS","is_daily":false,"chose_seed":false,"campfire_upgraded":0,"win_rate":0.0,"timestamp":1607777989,"path_taken":["M","M","?","M","?","E","R","E"],"items_purchased_type":[],"build_version":"2020-11-30","purchased_purges":0,"victory":false,"max_hp_per_floor":[72,72,72,72,72,72,72,72,72],"card_choices":[{"not_picked":["All Out Attack","Distraction"],"picked":"Quick Slash","floor":1.0},{"not_picked":["Masterful Stab","Backflip"],"picked":"Bouncing Flask","floor":2.0},{"not_picked":["Sucker Punch","Acrobatics"],"picked":"Well Laid Plans","floor":4.0},{"not_picked":["Flying Knee","Cloak And Dagger"],"picked":"PiercingWail","floor":5.0},{"not_picked":["Quick Slash","Prepared"],"picked":"Backstab","floor":6}],"player_experience":1459347,"relics_obtained":[{"floor":6,"key":"Frozen Egg 2"}],"event_choices":[{"damage_healed":0.0,"max_hp_gain":0.0,"max_hp_loss":0.0,"gold_gain":0.0,"event_name":"Match and Keep!","player_choice":"0 cards matched","floor":3.0,"gold_loss":0.0,"damage_taken":0.0,"cards_obtained":[]}],"is_beta":false,"boss_relics":[],"items_purged_floors":[],"is_endless":false,"potions_floor_spawned":[1,6],"killed_by":"Gremlin Nob","ascension_level":20}}