{"host":"foq4mrde4mssg7vt","time":1607794560,"event":{"mods":["AchievementEnabler","BaseMod","Colored Map","Colored Powertips","Highlight Path","Minty Spire (QoL Compilation)","Relic Stats","everything is the same but u backflip on backflip"],"gold_per_floor":[117,134,134,144,144,144,144,144],"floor_reached":7,"playtime":207,"items_purged":[],"score":62,"play_id":"4e85a79d-e436-480b-805a-39580487f406","local_time":"20201213013600","is_ascension_mode":true,"campfire_choices":[{"data":"BowlingBash","floor":6,"key":"SMITH"}],"circlet_count":0,"master_deck":["AscendersBane","Strike_P","Strike_P","Strike_P","Strike_P","Defend_P","Defend_P","Defend_P","Defend_P","Eruption","Vigilance","BowlingBash+1","FlurryOfBlows","LessonLearned"],"relics":["SlaversCollar"],"acts_visited":["Exordium"],"potions_floor_usage":[],"damage_taken":[{"damage":16.0,"enemies":"Small Slimes","floor":1.0,"turns":5.0},{"damage":10.0,"enemies":"2 Louse","floor":2.0,"turns":4.0},{"damage":7.0,"enemies":"Cultist","floor":4.0,"turns":3.0},{"damage":60,"enemies":"Lagavulin","floor":7,"turns":4}],"seed_played":"-3736025843209229365","potions_obtained":[],"is_trial":false,"path_per_floor":["M","M","?","M","?","R","E"],"character_chosen":"WATCHER","items_purchased":[],"campfire_rested":0,"item_purchase_floors":[],"current_hp_per_floor":[49,39,39,32,32,32,0,0],"gold":144,"neow_bonus":"BOSS_RELIC","is_daily":false,"chose_seed":false,"campfire_upgraded":1,"win_rate":0.0,"timestamp":1607794560,"path_taken":["M","M","?","M","?","R","E"],"items_purchased_type":[],"build_version":"2020-11-30","purchased_purges":0,"victory":false,"max_hp_per_floor":[72,72,72,72,72,72,72,72],"relic_stats":{"counters":[4,16],"obtain_stats":[{"SlaversCollar":0,"PureWater":0},{"SlaversCollar":0,"PureWater":0},{"SlaversCollar":0,"PureWater":0}]},"card_choices":[{"not_picked":["Prostrate","BowlingBash","EmptyBody"],"picked":"SKIP","floor":1.0},{"not_picked":["Halt","EmptyBody"],"picked":"BowlingBash","floor":2.0},{"not_picked":["ClearTheMind","Indignation"],"picked":"FlurryOfBlows","floor":4.0}],"player_experience":160811,"relics_obtained":[],"event_choices":[{"damage_healed":0.0,"max_hp_gain":0.0,"max_hp_loss":0.0,"gold_gain":0.0,"event_name":"Golden Wing","player_choice":"Ignored","floor":3.0,"gold_loss":0.0,"damage_taken":0.0},{"damage_healed":0.0,"max_hp_gain":0.0,"max_hp_loss":0.0,"gold_gain":0.0,"event_name":"Match and Keep!","player_choice":"1 cards matched","floor":5.0,"gold_loss":0.0,"damage_taken":0.0,"cards_obtained":["LessonLearned"]}],"is_beta":false,"boss_relics":[],"items_purged_floors":[],"is_endless":false,"potions_floor_spawned":[],"killed_by":"Lagavulin","ascension_level":10}}