{"host":"08umfpj02pt2ygc3","time":1607795139,"event":{"mods":["2.2 Compatiblity","BaseMod","DeckTracker","Highlight Path","Keyboard Shortcuts","Minty Spire (QoL Compilation)","Quick Restart","Random Character Button","StSLib","SuperFastMode","everything is the same but u backflip on backflip"],"gold_per_floor":[114,129,54,73,25,60,78,78,154,154,179,179,79,106,106,208,208,226,252,252,28,28,28,57,57,136,136,153,165,182,193,193,289,289,299,299,149,167,187,187,409,409,409,435,116,116,116,146,146,146],"floor_reached":51,"playtime":3418,"items_purged":["Strike_R","Strike_R","Defend_R","Strike_R","Strike_R"],"score":1052,"play_id":"5418be2e-e5ca-4c6b-9b6c-a14031598fde","local_time":"20201213024539","is_ascension_mode":true,"campfire_choices":[{"data":"Flex","floor":8.0,"key":"SMITH"},{"data":"Clash","floor":10.0,"key":"SMITH"},{"data":"True Grit","floor":12.0,"key":"SMITH"},{"floor":15.0,"key":"REST"},{"floor":23.0,"key":"REST"},{"floor":27.0,"key":"REST"},{"floor":32.0,"key":"REST"},{"data":"Limit Break","floor":40.0,"key":"SMITH"},{"floor":42.0,"key":"REST"},{"floor":49,"key":"REST"}],"circlet_count":0,"master_deck":["Defend_R","Defend_R","Bash","Evolve","Pommel Strike","Flex+1","Clash+1","Sword Boomerang","Clash","True Grit+1","Limit Break+1","Pommel Strike","Seeing Red","Flex+1","Twin Strike+1","Metallicize","Limit Break","CurseOfTheBell","Burning Pact+1","Pummel","Battle Trance","Rage"],"relics":["Burning Blood","Bird Faced Urn","Regal Pillow","Orichalcum","Runic Cube","Red Mask","Lantern","Mummified Hand","Calling Bell","Juzu Bracelet","InkBottle","Gambling Chip","Ice Cream","TungstenRod","Molten Egg 2"],"acts_visited":["Exordium","TheCity","TheBeyond"],"potions_floor_usage":[47,47,50],"damage_taken":[{"damage":6.0,"enemies":"Cultist","floor":1.0,"turns":3.0},{"damage":7.0,"enemies":"Small Slimes","floor":2.0,"turns":3.0},{"damage":2.0,"enemies":"Jaw Worm","floor":4.0,"turns":3.0},{"damage":22.0,"enemies":"Gremlin Nob","floor":6.0,"turns":4.0},{"damage":7.0,"enemies":"Looter","floor":7.0,"turns":3.0},{"damage":30.0,"enemies":"3 Sentries","floor":11.0,"turns":8.0},{"damage":11.0,"enemies":"Lagavulin","floor":14.0,"turns":5.0},{"damage":49.0,"enemies":"The Guardian","floor":16.0,"turns":8.0},{"damage":19.0,"enemies":"2 Thieves","floor":18.0,"turns":4.0},{"damage":36.0,"enemies":"Masked Bandits","floor":19.0,"turns":4.0},{"damage":31.0,"enemies":"Book of Stabbing","floor":24.0,"turns":4.0},{"damage":6.0,"enemies":"Spheric Guardian","floor":28.0,"turns":3.0},{"damage":25.0,"enemies":"3 Cultists","floor":29.0,"turns":5.0},{"damage":13.0,"enemies":"Snake Plant","floor":30.0,"turns":2.0},{"damage":5.0,"enemies":"Snecko","floor":31.0,"turns":4.0},{"damage":58.0,"enemies":"Collector","floor":33.0,"turns":4.0},{"damage":18.0,"enemies":"3 Shapes","floor":35.0,"turns":5.0},{"damage":7.0,"enemies":"Orb Walker","floor":38.0,"turns":3.0},{"damage":28.0,"enemies":"Maw","floor":39.0,"turns":5.0},{"damage":51.0,"enemies":"Reptomancer","floor":44.0,"turns":5.0},{"damage":0,"enemies":"Transient","floor":47,"turns":2},{"damage":2,"enemies":"Giant Head","floor":48,"turns":2},{"damage":43,"enemies":"Donu and Deca","floor":50,"turns":6}],"seed_played":"554864987074834095","potions_obtained":[{"floor":11.0,"key":"Energy Potion"},{"floor":14.0,"key":"Weak Potion"},{"floor":18.0,"key":"Ancient Potion"},{"floor":30.0,"key":"Strength Potion"},{"floor":31.0,"key":"Weak Potion"},{"floor":33.0,"key":"Fire Potion"},{"floor":39.0,"key":"HeartOfIron"}],"is_trial":false,"path_per_floor":["M","M","$","M","$","E","M","R","T","R","E","R","$","E","R","B",null,"M","?","?","$","?","R","E","$","T","R","M","M","M","M","R","B",null,"M","?","$","M","M","R","?","R","T","E","$","?","M","E","R","B",null],"character_chosen":"IRONCLAD","items_purchased":["Weak Potion","SmokeBomb","Rage","LiquidMemories"],"campfire_rested":6,"item_purchase_floors":[5,21,45,45],"current_hp_per_floor":[72,71,71,72,72,56,55,55,55,55,33,33,33,28,64,23,60,47,19,19,19,19,55,32,32,32,68,68,49,42,47,72,20,59,49,49,49,48,28,28,28,63,63,18,18,18,24,28,63,30],"gold":146,"neow_bonus":"TRANSFORM_TWO_CARDS","is_daily":false,"chose_seed":false,"campfire_upgraded":4,"win_rate":0.0,"timestamp":1607795139,"path_taken":["M","M","$","M","?","E","?","R","T","R","E","R","$","E","R","BOSS","M","?","?","$","?","R","E","$","T","R","M","M","M","M","R","BOSS","M","?","$","M","M","R","?","R","T","E","$","?","M","E","R","BOSS"],"items_purchased_type":["Potion","Potion","Card","Potion"],"build_version":"2020-11-30","purchased_purges":5,"victory":true,"max_hp_per_floor":[72,72,72,72,72,72,72,72,72,72,72,72,72,72,72,72,72,72,72,72,72,72,72,72,72,72,72,72,72,72,72,72,72,72,72,68,68,68,68,68,68,68,68,68,68,68,68,68,68,68],"card_choices":[{"not_picked":["Entrench","Wild Strike"],"picked":"Flex","floor":1.0},{"not_picked":["Body Slam","Intimidate"],"picked":"Clash","floor":2.0},{"not_picked":["Blood for Blood","True Grit"],"picked":"Sword Boomerang","floor":4.0},{"not_picked":["Berserk","Anger"],"picked":"Clash","floor":6.0},{"not_picked":["Thunderclap","Whirlwind","Warcry"],"picked":"SKIP","floor":7.0},{"not_picked":["Anger","Inflame"],"picked":"True Grit","floor":11.0},{"not_picked":["Cleave","Dual Wield","Brutality"],"picked":"SKIP","floor":14.0},{"not_picked":["Impervious","Corruption"],"picked":"Limit Break","floor":16.0},{"not_picked":["Wild Strike","Clothesline"],"picked":"Pommel Strike","floor":18.0},{"not_picked":["Clothesline+1","Body Slam+1"],"picked":"Seeing Red","floor":19.0},{"not_picked":["Havoc+1","Rampage+1"],"picked":"Twin Strike+1","floor":24.0},{"not_picked":["Clothesline","Anger+1","Pommel Strike"],"picked":"SKIP","floor":28.0},{"not_picked":["Searing Blow+1","Combust","Havoc+1"],"picked":"SKIP","floor":29.0},{"not_picked":["Clothesline","Thunderclap"],"picked":"Metallicize","floor":30.0},{"not_picked":["Clothesline+1","Pommel Strike","Intimidate"],"picked":"SKIP","floor":31.0},{"not_picked":["Barricade","Feed"],"picked":"Limit Break","floor":33.0},{"not_picked":["Uppercut","Sword Boomerang","Metallicize+1"],"picked":"SKIP","floor":35.0},{"not_picked":["Armaments+1","Perfected Strike+1"],"picked":"Burning Pact+1","floor":38.0},{"not_picked":["Pommel Strike","Headbutt+1"],"picked":"Pummel","floor":39.0},{"not_picked":["Brutality","Clothesline"],"picked":"Battle Trance","floor":44.0},{"not_picked":["Second Wind","Armaments","Dropkick+1"],"picked":"SKIP","floor":48}],"player_experience":340644,"relics_obtained":[{"floor":6.0,"key":"Bird Faced Urn"},{"floor":11.0,"key":"Regal Pillow"},{"floor":14.0,"key":"Orichalcum"},{"floor":19.0,"key":"Red Mask"},{"floor":24.0,"key":"Lantern"},{"floor":26.0,"key":"Mummified Hand"},{"floor":34.0,"key":"Juzu Bracelet"},{"floor":34.0,"key":"InkBottle"},{"floor":34.0,"key":"Gambling Chip"},{"floor":43.0,"key":"Ice Cream"},{"floor":44.0,"key":"TungstenRod"},{"floor":48,"key":"Molten Egg 2"}],"event_choices":[{"damage_healed":0.0,"max_hp_gain":0.0,"max_hp_loss":0.0,"gold_gain":0.0,"event_name":"Masked Bandits","player_choice":"Fought Bandits","floor":19.0,"gold_loss":0.0,"damage_taken":0.0},{"damage_healed":0.0,"max_hp_gain":0.0,"max_hp_loss":0.0,"gold_gain":0.0,"event_name":"Ghosts","player_choice":"Ignored","floor":20.0,"gold_loss":0.0,"damage_taken":0.0},{"damage_healed":0.0,"max_hp_gain":0.0,"max_hp_loss":0.0,"gold_gain":0.0,"event_name":"Duplicator","player_choice":"Copied","floor":22.0,"gold_loss":0.0,"damage_taken":0.0,"cards_obtained":["Flex"]},{"damage_healed":0.0,"max_hp_gain":0.0,"max_hp_loss":4.0,"gold_gain":0.0,"event_name":"Winding Halls","player_choice":"Max HP","floor":36.0,"gold_loss":0.0,"damage_taken":0.0},{"damage_healed":0.0,"max_hp_gain":0.0,"max_hp_loss":0.0,"gold_gain":222.0,"event_name":"Tomb of Lord Red Mask","player_choice":"Wore Mask","floor":41.0,"gold_loss":0.0,"damage_taken":0.0},{"damage_healed":0.0,"max_hp_gain":0.0,"max_hp_loss":0.0,"gold_gain":0.0,"event_name":"Mysterious Sphere","player_choice":"Ignored","floor":46.0,"gold_loss":0.0,"damage_taken":0.0}],"is_beta":false,"boss_relics":[{"not_picked":["Astrolabe","Coffee Dripper"],"picked":"Runic Cube"},{"not_picked":["Black Blood","Mark of Pain"],"picked":"Calling Bell"}],"items_purged_floors":[3,13,21,37,45],"is_endless":false,"potions_floor_spawned":[11,14,18,30,31,33,39,47],"ascension_level":8}}