{"host":"ktoxvvst1mwxww91","time":1607787148,"event":{"mods":["BaseMod","Downfall","Hermit","Minty Spire (QoL Compilation)","StSLib","The Blackbeard","The Hierophant","The Mystic","The Necromancer"],"gold_per_floor":[10,10,185,203,27,27,40,65,112,112,130,30,43,60,60,164,164,164,164],"floor_reached":18,"playtime":443,"items_purged":["Doubt","Strike_B"],"score":259,"play_id":"e260b3ef-0320-4d8f-a951-617e7f082318","local_time":"20201212163228","is_ascension_mode":true,"campfire_choices":[{"data":"Dualcast","floor":6,"key":"SMITH"},{"floor":10,"key":"REST"},{"floor":15,"key":"REST"}],"circlet_count":0,"master_deck":["AscendersBane","Strike_B","Strike_B","Defend_B","Defend_B","Defend_B","Defend_B","Zap","Dualcast+1","Ball Lightning","Chill","Ball Lightning","Conserve Battery","Go for the Eyes","Static Discharge","Cold Snap","FTL","Creative AI","Creative AI"],"relics":["Cracked Core","Unceasing Top","Omamori","Dream Catcher","Runic Pyramid"],"acts_visited":["Exordium","TheCity"],"potions_floor_usage":[16,16],"damage_taken":[{"damage":1,"enemies":"2 Louse","floor":1,"turns":2},{"damage":9,"enemies":"Small Slimes","floor":4,"turns":4},{"damage":5,"enemies":"Jaw Worm","floor":7,"turns":3},{"damage":35,"enemies":"3 Sentries","floor":8,"turns":10},{"damage":9,"enemies":"Blue Slaver","floor":11,"turns":2},{"damage":2,"enemies":"3 Louse","floor":13,"turns":3},{"damage":9,"enemies":"Exordium Wildlife","floor":14,"turns":4},{"damage":24,"enemies":"Slime Boss","floor":16,"turns":6},{"damage":0,"enemies":"Spheric Guardian","floor":18,"turns":3}],"seed_played":"5558779773006160045","potions_obtained":[{"floor":13,"key":"Dexterity Potion"},{"floor":14,"key":"Block Potion"}],"is_trial":false,"path_per_floor":["M","?","?","M","$","R","M","E","T","R","M","$","M","M","R","B",null,"M"],"character_chosen":"DEFECT","items_purchased":["Ball Lightning","Conserve Battery"],"campfire_rested":2,"item_purchase_floors":[5,5],"current_hp_per_floor":[67,67,67,58,58,58,53,18,18,40,31,31,29,20,42,18,61,61,61],"gold":164,"neow_bonus":"ONE_RARE_RELIC","is_daily":false,"chose_seed":false,"campfire_upgraded":1,"win_rate":0.0,"timestamp":1607787148,"path_taken":["M","?","?","M","?","R","M","E","T","R","M","$","M","M","R","BOSS","M"],"items_purchased_type":["Card","Card"],"build_version":"2020-11-30","purchased_purges":2,"victory":false,"max_hp_per_floor":[75,75,75,75,75,75,75,75,75,75,75,75,75,75,75,75,75,75,75],"card_choices":[{"not_picked":["Self Repair","Go for the Eyes"],"picked":"Ball Lightning","floor":1},{"not_picked":["Compile Driver","Reprogram"],"picked":"Chill","floor":4},{"not_picked":["Stack","Genetic Algorithm"],"picked":"Go for the Eyes","floor":7},{"not_picked":["Rebound","Heatsinks","Sunder"],"picked":"SKIP","floor":8},{"not_picked":["Double Energy","Consume"],"picked":"Static Discharge","floor":10},{"not_picked":["Barrage","Redo"],"picked":"Cold Snap","floor":11},{"not_picked":["Steam Power","Go for the Eyes","Darkness"],"picked":"SKIP","floor":13},{"not_picked":["Go for the Eyes","Stack"],"picked":"FTL","floor":14},{"not_picked":["Steam Power","Chill"],"picked":"Creative AI","floor":15},{"not_picked":["Rainbow","Meteor Strike"],"picked":"Creative AI","floor":16}],"player_experience":1018937,"relics_obtained":[{"floor":8,"key":"Omamori"},{"floor":9,"key":"Dream Catcher"}],"event_choices":[{"cards_removed":["Strike_B"],"damage_healed":0,"gold_gain":0,"player_choice":"Forget","damage_taken":0,"max_hp_gain":0,"max_hp_loss":0,"event_name":"Living Wall","floor":2,"gold_loss":0},{"damage_healed":0,"gold_gain":175,"player_choice":"AGREE","damage_taken":0,"max_hp_gain":0,"max_hp_loss":0,"event_name":"Liars Game","floor":3,"gold_loss":0,"cards_obtained":["Doubt"]}],"is_beta":false,"boss_relics":[{"not_picked":["Cursed Key","FrozenCore"],"picked":"Runic Pyramid"}],"items_purged_floors":[5,12],"is_endless":false,"potions_floor_spawned":[13,14],"killed_by":"Spheric Guardian","ascension_level":12}}