{"host":"ea1gz0s8chhg5p89","time":1607802966,"event":{"mods":["Act Like it!","BaseMod","Decade(王小明)","Gensokyo","Marisa（F雨　魔理沙）","Minty Spire (QoL Compilation)","Pale of the Ancients","Remilia（蕾米莉亚）","Replay The Spire","StSLib","The Servant 0.9.4","WarShipGirlsR/战舰少女R mod","Youmu（魂魄妖梦）"],"gold_per_floor":[112,20,20,40,57,92,111,23,23,23,198,226,49,69,69,169,169,181,181,381,119,139,139,139,139],"floor_reached":24,"playtime":787,"items_purged":["Doubt","rmod:strick"],"score":227,"play_id":"160ef4d0-65f2-4c0f-820a-8edbb9200560","local_time":"20201213035606","is_ascension_mode":true,"campfire_choices":[{"data":"rmod:aviationdawn","floor":10,"key":"SMITH"},{"data":"rmod:fuelsupply","floor":15,"key":"SMITH"},{"data":"rmod:robin","floor":23,"key":"SMITH"}],"circlet_count":0,"master_deck":["rmod:strick","rmod:strick","rmod:defend","rmod:defend","rmod:defend","rmod:defend","rmod:basicallowance","rmod:maingunfire","rmod:wasp","rmod:wolves","rmod:overbreakdown","rmod:aviationdawn+1","rmod:wolves","rmod:circuitoustactics","rmod:fuelsupply+1","rmod:aviationdawn","rmod:wife","rmod:unsinkable+1","rmod:wasp","rmod:maintain","rmod:ridicule","rmod:firesupport","rmod:robin+1","rmod:acesubmarine+1","rmod:overbreakdown","rmod:supportescort"],"relics":["rmod:firstchargereward","Pocketwatch","InkBottle","Question Card","Oddly Smooth Stone","Runic Dome"],"acts_visited":["Exordium","TheCity"],"potions_floor_usage":[12,18,18,24],"damage_taken":[{"damage":0,"enemies":"2 Louse","floor":1,"turns":3},{"damage":0,"enemies":"Cultist","floor":4,"turns":3},{"damage":0,"enemies":"Small Slimes","floor":5,"turns":2},{"damage":9,"enemies":"Replay:BlueRogue","floor":6,"turns":4},{"damage":5,"enemies":"2 Fungi Beasts","floor":7,"turns":3},{"damage":17,"enemies":"Blue Slaver","floor":8,"turns":3},{"damage":6,"enemies":"Gremlin Nob","floor":12,"turns":3},{"damage":0,"enemies":"Exordium Thugs","floor":14,"turns":4},{"damage":30,"enemies":"Hexaghost","floor":16,"turns":8},{"damage":41,"enemies":"Shell Parasite","floor":18,"turns":4},{"damage":22,"enemies":"Spheric Guardian","floor":22,"turns":4},{"damage":13,"enemies":"Gremlin Leader","floor":24,"turns":1}],"seed_played":"-7620019232512589013","potions_obtained":[{"floor":5,"key":"AttackPotion"},{"floor":7,"key":"BlessingOfTheForge"},{"floor":8,"key":"ColorlessPotion"},{"floor":12,"key":"PowerPotion"},{"floor":22,"key":"Strength Potion"}],"is_trial":false,"path_per_floor":["M","$","?","M","M","E","M","M","T","R","?","E","$","M","R","B",null,"M","?","?","$","M","R","E"],"character_chosen":"PRAEFECT","items_purchased":["rmod:wolves","rmod:overbreakdown","rmod:unsinkable+1","rmod:wasp","rmod:acesubmarine+1","rmod:overbreakdown"],"campfire_rested":0,"item_purchase_floors":[2,2,13,13,21,21],"current_hp_per_floor":[75,75,75,75,75,66,61,44,44,44,44,38,38,38,38,8,75,34,34,34,34,12,12,0,0],"gold":139,"neow_bonus":"ONE_RARE_RELIC","is_daily":false,"chose_seed":false,"campfire_upgraded":3,"win_rate":0.0,"timestamp":1607802966,"path_taken":["M","$","?","?","M","E","M","M","T","R","?","E","$","M","R","BOSS","M","?","?","$","M","R","E"],"items_purchased_type":["Card","Card","Card","Card","Card","Card"],"build_version":"2020-11-30","purchased_purges":2,"victory":false,"max_hp_per_floor":[75,75,75,75,75,75,75,75,75,75,75,75,75,75,75,75,75,75,75,75,75,75,75,75,75],"card_choices":[{"not_picked":["rmod:ammunitionsupply","rmod:fletcherpendant"],"picked":"rmod:wasp","floor":1},{"not_picked":["rmod:goodsister","rmod:steelsupply"],"picked":"rmod:aviationdawn","floor":4},{"not_picked":["rmod:selfconfidence","rmod:chargemoney"],"picked":"rmod:wolves","floor":5},{"not_picked":["rmod:highspeedshooting","rmod:luckystar"],"picked":"rmod:circuitoustactics","floor":6},{"not_picked":["rmod:combined","rmod:overbreakdown"],"picked":"rmod:fuelsupply","floor":7},{"not_picked":["rmod:luckystar","rmod:firesupport"],"picked":"rmod:aviationdawn","floor":8},{"not_picked":["rmod:combined","rmod:slowdown","rmod:goodsister"],"picked":"rmod:wife","floor":12},{"not_picked":["rmod:wife","rmod:unsinkable","rmod:ammunitionsupply"],"picked":"rmod:maintain","floor":14},{"not_picked":["rmod:saltedfish","rmod:u235","rmod:acesubmarine"],"picked":"rmod:ridicule","floor":16},{"not_picked":["rmod:ring","rmod:fletcherpendant","rmod:circuitoustactics"],"picked":"rmod:firesupport","floor":18},{"not_picked":["rmod:launchingtorpedo+1","rmod:aviationdawn","rmod:openingtorpedo"],"picked":"rmod:supportescort","floor":22}],"player_experience":490063,"relics_obtained":[{"floor":6,"key":"InkBottle"},{"floor":9,"key":"Question Card"},{"floor":12,"key":"Oddly Smooth Stone"}],"event_choices":[{"cards_removed":["rmod:strick"],"damage_healed":0,"gold_gain":0,"player_choice":"Offered Basic","damage_taken":0,"max_hp_gain":0,"max_hp_loss":0,"event_name":"Bonfire Elementals","floor":3,"gold_loss":0},{"damage_healed":0,"gold_gain":175,"player_choice":"AGREE","damage_taken":0,"max_hp_gain":0,"max_hp_loss":0,"event_name":"Liars Game","floor":11,"gold_loss":0,"cards_obtained":["Doubt"]},{"damage_healed":0,"gold_gain":0,"player_choice":"Read","damage_taken":0,"max_hp_gain":0,"max_hp_loss":0,"event_name":"The Library","floor":19,"gold_loss":0,"cards_obtained":["rmod:robin"]},{"damage_healed":0,"gold_gain":250,"player_choice":"Bet on Owner","damage_taken":0,"max_hp_gain":0,"max_hp_loss":0,"event_name":"The Joust","floor":20,"gold_loss":50}],"is_beta":false,"boss_relics":[{"not_picked":["Fusion Hammer","Velvet Choker"],"picked":"Runic Dome"}],"items_purged_floors":[13,21],"is_endless":false,"potions_floor_spawned":[5,7,8,12,14,22],"killed_by":"Gremlin Leader","ascension_level":2}}