{"host":"7pe9xwx78c6nlay8","time":1607794573,"event":{"mods":["BaseMod","Minty Spire (QoL Compilation)"],"gold_per_floor":[118,193,193,208,173,208,222,252,252,278,339,110,110,110,110,210,210,228,241,253,264,274,189,215,215,215,235,235,235,235],"floor_reached":29,"playtime":1455,"items_purged":["Strike_P"],"score":508,"play_id":"21114ee9-f03d-4963-ac75-9a8633f0a8e1","local_time":"20201213013613","is_ascension_mode":true,"campfire_choices":[{"data":"Eruption","floor":13.0,"key":"SMITH"},{"data":"BattleHymn","floor":15.0,"key":"SMITH"},{"floor":25,"key":"REST"}],"circlet_count":0,"master_deck":["Strike_P","Strike_P","Strike_P","Defend_P+1","Defend_P","Defend_P","Defend_P","Eruption+1","Vigilance+1","Mayhem+1","Halt","BattleHymn+1","JustLucky","JustLucky","Pray","CutThroughFate","CutThroughFate","Brilliance","Weave","Consecrate","Wireheading"],"relics":["PureWater","StoneCalendar","Calipers","Lizard Tail","FossilizedHelix","Bronze Scales","Bag of Preparation","Runic Pyramid","Art of War","War Paint","Question Card"],"acts_visited":["Exordium","TheCity"],"potions_floor_usage":[20,22,24,27,29],"damage_taken":[{"damage":5.0,"enemies":"Small Slimes","floor":1.0,"turns":3.0},{"damage":0.0,"enemies":"Jaw Worm","floor":4.0,"turns":3.0},{"damage":0.0,"enemies":"Lagavulin","floor":6.0,"turns":4.0},{"damage":0.0,"enemies":"2 Louse","floor":7.0,"turns":2.0},{"damage":11.0,"enemies":"Gremlin Nob","floor":8.0,"turns":5.0},{"damage":0.0,"enemies":"Lagavulin","floor":10.0,"turns":4.0},{"damage":5.0,"enemies":"3 Sentries","floor":11.0,"turns":6.0},{"damage":0.0,"enemies":"Slime Boss","floor":16.0,"turns":5.0},{"damage":0,"enemies":"Chosen","floor":18,"turns":4},{"damage":4,"enemies":"Shell Parasite","floor":19,"turns":4},{"damage":0,"enemies":"Sentry and Sphere","floor":20,"turns":4},{"damage":9,"enemies":"Shelled Parasite and Fungi","floor":21,"turns":4},{"damage":0,"enemies":"Chosen and Byrds","floor":22,"turns":4},{"damage":20,"enemies":"Gremlin Leader","floor":24,"turns":5},{"damage":21,"enemies":"Snake Plant","floor":27,"turns":2},{"damage":82,"enemies":"Book of Stabbing","floor":29,"turns":4}],"seed_played":"-7885523124616088118","potions_obtained":[{"floor":1.0,"key":"Weak Potion"},{"floor":4.0,"key":"SkillPotion"},{"floor":8.0,"key":"FearPotion"},{"floor":16.0,"key":"ColorlessPotion"},{"floor":18,"key":"DistilledChaos"},{"floor":21,"key":"PowerPotion"},{"floor":22,"key":"SneckoOil"},{"floor":27,"key":"Swift Potion"}],"is_trial":false,"path_per_floor":["M","?","?","M","?","E","M","E","T","E","?","$","R","?","R","B",null,"M","M","M","M","M","?","E","R","T","M","?","E"],"character_chosen":"WATCHER","items_purchased":["Bag of Preparation"],"campfire_rested":1,"item_purchase_floors":[12],"current_hp_per_floor":[42,31,31,31,49,49,49,38,38,38,33,33,33,33,33,33,62,62,58,58,49,49,49,29,50,50,29,29,0,0],"gold":235,"neow_bonus":"RANDOM_COLORLESS_2","is_daily":false,"chose_seed":false,"campfire_upgraded":2,"win_rate":0.0,"timestamp":1607794573,"path_taken":["M","?","?","M","?","E","?","E","T","E","?","$","R","?","R","BOSS","M","M","?","M","M","?","E","R","T","M","?","E"],"items_purchased_type":["Relic"],"build_version":"2020-11-30","purchased_purges":1,"victory":false,"max_hp_per_floor":[72,72,72,72,72,72,72,72,72,72,72,72,72,72,72,72,72,72,72,72,72,72,72,72,72,72,72,72,72,72],"card_choices":[{"not_picked":["Transmutation","Secret Weapon"],"picked":"Mayhem","floor":0.0},{"not_picked":["Vengeance","Crescendo"],"picked":"Halt","floor":1.0},{"not_picked":["FollowUp","Halt"],"picked":"BattleHymn","floor":4.0},{"not_picked":["FlyingSleeves","Vengeance"],"picked":"JustLucky","floor":6.0},{"not_picked":["CrushJoints","EmptyMind"],"picked":"JustLucky","floor":7.0},{"not_picked":["Protect","Meditate"],"picked":"Pray","floor":8.0},{"not_picked":["TalkToTheHand","Consecrate"],"picked":"CutThroughFate","floor":10.0},{"not_picked":["ConjureBlade","SignatureMove"],"picked":"CutThroughFate","floor":11.0},{"not_picked":["Omniscience","Scrawl"],"picked":"Brilliance","floor":16.0},{"not_picked":["CrushJoints","Adaptation","Crescendo"],"picked":"SKIP","floor":18},{"not_picked":["SignatureMove","CrushJoints","Pray"],"picked":"SKIP","floor":19},{"not_picked":["FlyingSleeves","BattleHymn"],"picked":"Weave","floor":20},{"not_picked":["Tantrum","Prostrate"],"picked":"Consecrate","floor":21},{"not_picked":["Tantrum","Sanctity+1"],"picked":"Wireheading","floor":22},{"not_picked":["FlyingSleeves","Perseverance+1","Consecrate"],"picked":"SKIP","floor":24},{"not_picked":["CrushJoints","EmptyBody","CutThroughFate","Vault"],"picked":"SKIP","floor":27}],"player_experience":1505457,"relics_obtained":[{"floor":6.0,"key":"StoneCalendar"},{"floor":8.0,"key":"Calipers"},{"floor":9.0,"key":"Lizard Tail"},{"floor":10.0,"key":"FossilizedHelix"},{"floor":24,"key":"War Paint"},{"floor":26,"key":"Question Card"}],"event_choices":[{"damage_healed":0.0,"max_hp_gain":0.0,"max_hp_loss":0.0,"gold_gain":75.0,"event_name":"World of Goop","player_choice":"Gather Gold","floor":2.0,"gold_loss":0.0,"damage_taken":11.0},{"damage_healed":0.0,"max_hp_gain":0.0,"max_hp_loss":0.0,"gold_gain":0.0,"event_name":"Living Wall","player_choice":"Grow","floor":3.0,"gold_loss":0.0,"damage_taken":0.0,"cards_upgraded":["Mayhem"]},{"damage_healed":18.0,"max_hp_gain":0.0,"max_hp_loss":0.0,"gold_gain":0.0,"event_name":"The Cleric","player_choice":"Healed","floor":5.0,"gold_loss":35.0,"damage_taken":0.0},{"damage_healed":0.0,"max_hp_gain":0.0,"max_hp_loss":0.0,"gold_gain":30.0,"event_name":"Dead Adventurer","player_choice":"Searched \u00273\u0027 times","floor":11.0,"gold_loss":0.0,"damage_taken":0.0,"relics_obtained":["Bronze Scales"]},{"damage_healed":0.0,"max_hp_gain":0.0,"max_hp_loss":0.0,"gold_gain":0.0,"event_name":"Match and Keep!","player_choice":"0 cards matched","floor":14.0,"gold_loss":0.0,"damage_taken":0.0,"cards_obtained":[]},{"damage_healed":0,"gold_gain":0,"player_choice":"Obtained Relic","damage_taken":0,"relics_obtained":["Art of War"],"max_hp_gain":0,"max_hp_loss":0,"event_name":"Addict","floor":23,"gold_loss":85},{"damage_healed":0,"gold_gain":0,"player_choice":"Ignored","damage_taken":0,"max_hp_gain":0,"max_hp_loss":0,"event_name":"Vampires","floor":28,"gold_loss":0}],"is_beta":false,"boss_relics":[{"not_picked":["Tiny House","VioletLotus"],"picked":"Runic Pyramid"}],"items_purged_floors":[12],"is_endless":false,"potions_floor_spawned":[1,4,8,16,18,21,22,27],"killed_by":"Book of Stabbing","ascension_level":8}}