{"host":"swphzoo6hmc78epl","time":1607808382,"event":{"mods":["BaseMod","Highlight Path","Minty Spire (QoL Compilation)","Quick Restart"],"gold_per_floor":[114,114,128,143,162,162,178,253,253,253,263,188,207,107,107,207,207,222,27,58,58,58,58,58],"floor_reached":23,"playtime":825,"items_purged":["Regret","Strike_P"],"score":302,"play_id":"8cbc27f6-3cc0-4d2a-9d7c-522a3393b96c","local_time":"20201212162622","is_ascension_mode":true,"campfire_choices":[{"data":"WheelKick","floor":6,"key":"SMITH"},{"data":"ForeignInfluence","floor":10,"key":"SMITH"},{"data":"ForeignInfluence","floor":15,"key":"SMITH"}],"circlet_count":0,"master_deck":["Strike_P","Strike_P","Defend_P","Defend_P","Defend_P","Defend_P","Eruption","Vigilance","InnerPeace","CutThroughFate","WheelKick+1","LikeWater","ForeignInfluence+1","ForeignInfluence+1","Consecrate","MasterReality","CurseOfTheBell","TalkToTheHand+1","Mayhem","EmptyFist+1","Ghostly","Ghostly","Ghostly","Ghostly","Ghostly"],"relics":["Philosopher\u0027s Stone","Toy Ornithopter","Calling Bell","Strawberry","Shuriken","StoneCalendar","Red Mask"],"acts_visited":["Exordium","TheCity"],"potions_floor_usage":[5,11,18,18],"damage_taken":[{"damage":0,"enemies":"Small Slimes","floor":1,"turns":2},{"damage":2,"enemies":"Jaw Worm","floor":3,"turns":3},{"damage":0,"enemies":"2 Louse","floor":4,"turns":1},{"damage":2,"enemies":"Large Slime","floor":5,"turns":4},{"damage":17,"enemies":"Exordium Thugs","floor":7,"turns":4},{"damage":0,"enemies":"3 Louse","floor":11,"turns":2},{"damage":0,"enemies":"Looter","floor":13,"turns":2},{"damage":0,"enemies":"Slime Boss","floor":16,"turns":5},{"damage":5,"enemies":"3 Byrds","floor":18,"turns":3},{"damage":68,"enemies":"Masked Bandits","floor":20,"turns":5},{"damage":6,"enemies":"Gremlin Leader","floor":23,"turns":5}],"seed_played":"8654607103235745315","potions_obtained":[{"floor":3,"key":"SpeedPotion"},{"floor":4,"key":"FearPotion"},{"floor":11,"key":"PowerPotion"},{"floor":13,"key":"Block Potion"}],"is_trial":false,"path_per_floor":["M","?","M","M","M","R","M","?","T","R","M","$","M","$","R","B",null,"M","$","?","?","?","E"],"character_chosen":"WATCHER","items_purchased":["Mayhem"],"campfire_rested":0,"item_purchase_floors":[19],"current_hp_per_floor":[72,72,70,70,70,70,53,42,42,42,47,47,47,47,47,47,79,74,74,6,6,6,0,0],"gold":58,"neow_bonus":"BOSS_RELIC","is_daily":false,"chose_seed":false,"campfire_upgraded":3,"win_rate":0.0,"timestamp":1607808382,"path_taken":["M","?","M","M","M","R","M","?","T","R","M","$","M","$","R","BOSS","M","$","?","?","?","E"],"items_purchased_type":["Card"],"build_version":"2020-11-30","purchased_purges":2,"victory":false,"max_hp_per_floor":[72,72,72,72,72,72,72,72,72,72,72,72,72,72,72,72,79,79,79,79,39,39,39,39],"card_choices":[{"not_picked":["SashWhip","CrushJoints"],"picked":"InnerPeace","floor":1},{"not_picked":["EmptyBody","FollowUp"],"picked":"CutThroughFate","floor":3},{"not_picked":["Consecrate","Weave"],"picked":"WheelKick","floor":4},{"not_picked":["FlurryOfBlows","Sanctity"],"picked":"LikeWater","floor":5},{"not_picked":["Nirvana","Evaluate"],"picked":"ForeignInfluence","floor":7},{"not_picked":["WreathOfFlame","Pray"],"picked":"ForeignInfluence","floor":11},{"not_picked":["EmptyBody","Evaluate"],"picked":"Consecrate","floor":13},{"not_picked":["DevaForm","SpiritShield"],"picked":"MasterReality","floor":16},{"not_picked":["ThirdEye","EmptyFist"],"picked":"TalkToTheHand+1","floor":18},{"not_picked":["PathToVictory","EmptyMind"],"picked":"EmptyFist+1","floor":20}],"player_experience":726498,"relics_obtained":[{"floor":17,"key":"Strawberry"},{"floor":17,"key":"Shuriken"},{"floor":17,"key":"StoneCalendar"},{"floor":20,"key":"Red Mask"}],"event_choices":[{"damage_healed":0,"gold_gain":0,"player_choice":"Box","damage_taken":0,"relics_obtained":["Toy Ornithopter"],"max_hp_gain":0,"max_hp_loss":0,"event_name":"Big Fish","floor":2,"gold_loss":0,"cards_obtained":["Regret"]},{"damage_healed":0,"gold_gain":75,"player_choice":"Gather Gold","damage_taken":11,"max_hp_gain":0,"max_hp_loss":0,"event_name":"World of Goop","floor":8,"gold_loss":0},{"damage_healed":0,"gold_gain":0,"player_choice":"Fought Bandits","damage_taken":0,"max_hp_gain":0,"max_hp_loss":0,"event_name":"Masked Bandits","floor":20,"gold_loss":0},{"damage_healed":0,"gold_gain":0,"player_choice":"Became a Ghost","damage_taken":0,"max_hp_gain":0,"max_hp_loss":40,"event_name":"Ghosts","floor":21,"gold_loss":0,"cards_obtained":["Ghostly","Ghostly","Ghostly","Ghostly","Ghostly"]},{"cards_removed":["Strike_P"],"damage_healed":0,"gold_gain":0,"player_choice":"Elegance","damage_taken":0,"max_hp_gain":0,"max_hp_loss":0,"event_name":"Back to Basics","floor":22,"gold_loss":0}],"is_beta":false,"boss_relics":[{"not_picked":["Cursed Key","Fusion Hammer"],"picked":"Calling Bell"}],"items_purged_floors":[12,14],"is_endless":false,"potions_floor_spawned":[3,4,11,13],"killed_by":"Gremlin Leader","ascension_level":4}}