{"host":"bc298c4gavna5tx2","time":1607744346,"event":{"mods":["Act Like it!","Ascension Reborn","BaseMod","Challenge The Spire","Minty Spire (QoL Compilation)","MostiFishMod","Quick Restart","Spicy Shops","StSLib","TestMod","vexMod","【功能Mod】混沌之环修复补丁","【功能Mod】聪明的最终Boss","【遗物卡牌】REMEMod"],"gold_per_floor":[115,135,135,159,159,193,211,211,211,252,265,265,296,246,246,369,369,384,6,6,6,6,6,50,70,97,97,97,121,139,157,157,288,288,311,334,334,352,376,376,409,422,445,445,466,497,107,120,120,120,120,120,16,57,57],"floor_reached":56,"playtime":1815,"items_purged":["Defend_G","Bite"],"score":1815,"play_id":"8f5db614-f27e-49c8-a59b-77e31692d0aa","local_time":"20201212113906","is_ascension_mode":true,"campfire_choices":[{"data":"Riddle With Holes","floor":8.0,"key":"SMITH"},{"floor":12.0,"key":"REST"},{"data":"testmod-AutoReboundSystem","floor":15.0,"key":"SMITH"},{"data":"Limit Break","floor":23.0,"key":"SMITH"},{"floor":27.0,"key":"RECALL"},{"data":"MostiFishMod:DustFall","floor":32.0,"key":"SMITH"},{"data":"MostiFishMod:LethalBlade","floor":40.0,"key":"SMITH"},{"data":"MostiFishMod:UltimateDefense","floor":49,"key":"SMITH"},{"data":"MostiFishMod:UltimateDefense+1","floor":52,"key":"SMITH"}],"circlet_count":0,"master_deck":["Defend_G+1","Defend_G+1","Defend_G+1","Survivor","Neutralize+1","MostiFishMod:UltimateDefense+2","Riddle With Holes+1","Clash+1","BootSequence","testmod-AutoReboundSystem+1","Limit Break+1","Bite","Bite","Bite","MostiFishMod:DustFall+1","Secret Weapon","Clash","MostiFishMod:LethalBlade+1","Parasite"],"relics":["Ring of the Snake","DaveBox","testmod-TestBox","REME_ComplimentaryCards","HaiYi:Twilight","testmod-ThousandKnives","NeowsBlessing","Question Card","PrismaticShard","Golden Idol","testmod-OneHitWonder","Mummified Hand","vexMod:InvisibilityCloak","ImportantClient","OneHitWonderSystem","Ninja Scroll","vexMod:TimeEaterHat","HornCleat","Art of War","MutagenicStrength","TimeKeys","Du-Vu Doll","Whetstone","REME_PuzzleBoxRelic","Meat on the Bone","testmod-IndustrialRevolution","Gremlin Horn","SynthV:C4","Bronze Scales","Lantern"],"acts_visited":["Exordium","TheCity","TheBeyond","TheEnding"],"potions_floor_usage":[50],"damage_taken":[{"damage":0.0,"enemies":"Cultist","floor":1.0,"turns":1.0},{"damage":0.0,"enemies":"2 Louse","floor":2.0,"turns":1.0},{"damage":0.0,"enemies":"Small Slimes","floor":4.0,"turns":1.0},{"damage":38.0,"enemies":"Gremlin Nob","floor":6.0,"turns":6.0},{"damage":0.0,"enemies":"2 Fungi Beasts","floor":7.0,"turns":3.0},{"damage":0.0,"enemies":"3 Sentries","floor":10.0,"turns":4.0},{"damage":0.0,"enemies":"Large Slime","floor":11.0,"turns":4.0},{"damage":19.0,"enemies":"Gremlin Nob","floor":13.0,"turns":4.0},{"damage":1.0,"enemies":"The Guardian","floor":16.0,"turns":7.0},{"damage":0.0,"enemies":"3 Byrds","floor":18.0,"turns":3.0},{"damage":0.0,"enemies":"Book of Stabbing","floor":24.0,"turns":1.0},{"damage":0.0,"enemies":"Shell Parasite","floor":25.0,"turns":1.0},{"damage":0.0,"enemies":"3 Cultists","floor":29.0,"turns":1.0},{"damage":0.0,"enemies":"Snecko","floor":30.0,"turns":1.0},{"damage":0.0,"enemies":"Cultist and Chosen","floor":31.0,"turns":1.0},{"damage":0.0,"enemies":"Collector","floor":33.0,"turns":5.0},{"damage":0.0,"enemies":"Orb Walker","floor":35.0,"turns":1.0},{"damage":0.0,"enemies":"3 Darklings","floor":36.0,"turns":2.0},{"damage":0.0,"enemies":"Sphere and 2 Shapes","floor":38.0,"turns":1.0},{"damage":0.0,"enemies":"4 Shapes","floor":39.0,"turns":2.0},{"damage":0.0,"enemies":"Reptomancer","floor":41.0,"turns":1.0},{"damage":0.0,"enemies":"Jaw Worm Horde","floor":42.0,"turns":1.0},{"damage":0.0,"enemies":"Maw","floor":45.0,"turns":1.0},{"damage":0,"enemies":"Giant Head","floor":46,"turns":1},{"damage":0,"enemies":"4 Shapes","floor":48,"turns":1},{"damage":0,"enemies":"Donu and Deca","floor":50,"turns":9},{"damage":0,"enemies":"Shield and Spear","floor":54,"turns":2},{"damage":0,"enemies":"The Heart","floor":55,"turns":7}],"seed_played":"-2602422365341009622","potions_obtained":[{"floor":7.0,"key":"Explosive Potion"},{"floor":13.0,"key":"Ancient Potion"},{"floor":16.0,"key":"Dexterity Potion"},{"floor":18.0,"key":"Swift Potion"},{"floor":38.0,"key":"testmod-SpacePotion"},{"floor":54,"key":"ColorlessPotion"}],"is_trial":false,"path_per_floor":["M","M","?","M","?","E","M","R","T","E","M","R","E","?","R","B",null,"M","$","?","?","?","R","E","M","T","R","?","M","M","M","R","B",null,"M","M","?","M","M","R","E","M","T","?","M","E","$","M","R","B",null,"R","$","E","B",null],"character_chosen":"THE_SILENT","items_purchased":["Ninja Scroll","vexMod:TimeEaterHat","testmod-IndustrialRevolution","Gremlin Horn","SynthV:C4","Bronze Scales"],"campfire_rested":1,"item_purchase_floors":[19,19,47,47,53,53],"current_hp_per_floor":[70,70,53,53,46,8,8,8,8,8,8,29,10,10,10,9,1,1,1,1,1,1,1,1,1,1,1,1,1,1,1,1,1,1,1,1,1,1,1,1,1,1,1,1,1,1,1,1,1,1,1,1,1,1,3],"gold":57,"neow_bonus":"THREE_ENEMY_KILL","is_daily":false,"chose_seed":false,"campfire_upgraded":7,"win_rate":0.0,"timestamp":1607744346,"path_taken":["M","M","?","M","?","E","M","R","T","E","M","R","E","?","R","BOSS","M","$","?","?","?","R","E","M","T","R","?","M","?","M","R","BOSS","M","M","?","M","M","R","E","M","T","?","?","E","$","M","R","BOSS","R","$","E","BOSS"],"items_purchased_type":["Relic","Relic","Relic","Relic","Relic","Relic"],"build_version":"2020-11-30","purchased_purges":2,"victory":true,"max_hp_per_floor":[70,70,70,70,70,70,70,70,70,70,70,70,70,70,70,70,1,1,1,1,1,1,1,1,1,1,1,1,1,1,1,1,1,1,1,1,1,1,1,1,1,1,1,1,1,1,1,1,1,1,1,1,1,1,3],"card_choices":[{"not_picked":["Backflip","Slice"],"picked":"Riddle With Holes","floor":1.0},{"not_picked":["Chaos","REME_Scribble","Steam","Dagger Spray"],"picked":"SKIP","floor":2.0},{"not_picked":["CrushJoints","Infinite Blades","Dagger Spray","InnerPeace"],"picked":"SKIP","floor":4.0},{"not_picked":["Searing Blow","Headbutt","Turbo","Setup"],"picked":"SKIP","floor":6.0},{"not_picked":["Dodge and Roll","EmptyBody","Blind"],"picked":"Clash","floor":7.0},{"not_picked":["Conserve Battery","MostiFishMod:WingOfPhoenix","REME_Whirling","Dagger Spray"],"picked":"SKIP","floor":10.0},{"not_picked":["Leap","Aggregate","WheelKick"],"picked":"BootSequence","floor":11.0},{"not_picked":["Armaments","Steam","Masterful Stab"],"picked":"testmod-AutoReboundSystem","floor":13.0},{"not_picked":["Brilliance","testmod-Reproduce","Thinking Ahead"],"picked":"Limit Break","floor":16.0},{"not_picked":["Tactician","CrushJoints","Riddle With Holes","Whirlwind"],"picked":"SKIP","floor":18.0},{"not_picked":["Pummel","Outmaneuver","Rip and Tear+1"],"picked":"MostiFishMod:DustFall","floor":24.0},{"not_picked":["Twin Strike","Coolheaded","Outmaneuver+1","Prostrate"],"picked":"SKIP","floor":25.0},{"not_picked":["Die Die Die","EmptyBody+1","Coolheaded+1","Compile Driver"],"picked":"SKIP","floor":29.0},{"not_picked":["Wireheading","Beam Cell+1","Calculated Gamble","Acrobatics+1"],"picked":"SKIP","floor":30.0},{"not_picked":["Anger","Poisoned Stab","Heavy Blade","Outmaneuver"],"picked":"SKIP","floor":31.0},{"not_picked":["MostiFishMod:Mania","REME_GrazeFinale","MostiFishMod:Distribution"],"picked":"Secret Weapon","floor":33.0},{"not_picked":["PathToVictory+1","Prostrate+1","Trip+1","REME_TwoStrings+1"],"picked":"SKIP","floor":35.0},{"not_picked":["FollowUp","Heel Hook+1","testmod-HandmadeProducts"],"picked":"Clash","floor":36.0},{"not_picked":["REME_Compress","PathToVictory+1","FollowUp+1","Deflect"],"picked":"SKIP","floor":38.0},{"not_picked":["Coolheaded+1","FollowUp+1","Loop+1"],"picked":"MostiFishMod:LethalBlade","floor":39.0},{"not_picked":["Wireheading+1","HandOfGreed","Tempest+1","testmod-RabbitOfFibonacci+1"],"picked":"SKIP","floor":41.0},{"not_picked":["Quick Slash","Underhanded Strike","Headbutt+1","REME_SingleHolding"],"picked":"SKIP","floor":42.0},{"not_picked":["Barrage+1","Backflip+1","BattleHymn+1","Ball Lightning+1"],"picked":"SKIP","floor":45},{"not_picked":["BattleHymn","Immolate","MostiFishMod:PushDownKick","Leap"],"picked":"SKIP","floor":46},{"not_picked":["Reflex","Coolheaded+1","Chaos+1","Scrape"],"picked":"SKIP","floor":48},{"not_picked":["Vengeance","Worship","Flying Knee","REME_DataAnalysis+1"],"picked":"SKIP","floor":54}],"player_experience":61074,"relics_obtained":[{"floor":1.0,"key":"Question Card"},{"floor":1.0,"key":"PrismaticShard"},{"floor":6.0,"key":"testmod-OneHitWonder"},{"floor":10.0,"key":"Mummified Hand"},{"floor":13.0,"key":"vexMod:InvisibilityCloak"},{"floor":16.0,"key":"ImportantClient"},{"floor":24.0,"key":"HornCleat"},{"floor":26.0,"key":"Art of War"},{"floor":41.0,"key":"Du-Vu Doll"},{"floor":43.0,"key":"Whetstone"},{"floor":46,"key":"Meat on the Bone"},{"floor":54,"key":"Lantern"}],"event_choices":[{"damage_healed":0.0,"max_hp_gain":0.0,"max_hp_loss":0.0,"gold_gain":0.0,"event_name":"Golden Idol","player_choice":"Take Damage","floor":3.0,"gold_loss":0.0,"damage_taken":17.0,"relics_obtained":["Golden Idol"]},{"cards_removed":["Defend_G"],"damage_healed":0.0,"max_hp_gain":0.0,"max_hp_loss":0.0,"gold_gain":0.0,"event_name":"Golden Wing","player_choice":"Card Removal","floor":5.0,"gold_loss":0.0,"damage_taken":7.0},{"cards_removed":["Strike_G"],"damage_healed":0.0,"max_hp_gain":0.0,"max_hp_loss":0.0,"gold_gain":0.0,"event_name":"The Cleric","player_choice":"Card Removal","floor":14.0,"gold_loss":50.0,"damage_taken":0.0},{"damage_healed":0.0,"max_hp_gain":0.0,"max_hp_loss":0.0,"gold_gain":0.0,"event_name":"Vampires","player_choice":"Became a vampire","floor":20.0,"gold_loss":0.0,"damage_taken":0.0,"cards_obtained":["Bite","Bite","Bite","Bite","Bite"]},{"damage_healed":0.0,"max_hp_gain":0.0,"max_hp_loss":0.0,"gold_gain":0.0,"event_name":"Ghosts","player_choice":"Ignored","floor":21.0,"gold_loss":0.0,"damage_taken":0.0},{"damage_healed":0.0,"max_hp_gain":0.0,"max_hp_loss":0.0,"gold_gain":0.0,"event_name":"Back to Basics","player_choice":"Simplicity","floor":22.0,"gold_loss":0.0,"damage_taken":0.0,"cards_upgraded":["Defend_G","Defend_G","Defend_G"]},{"damage_healed":0.0,"max_hp_gain":0.0,"max_hp_loss":0.0,"gold_gain":0.0,"event_name":"Drug Dealer","player_choice":"Inject Mutagens","floor":28.0,"gold_loss":0.0,"damage_taken":0.0,"relics_obtained":["MutagenicStrength"]},{"damage_healed":0.0,"max_hp_gain":0.0,"max_hp_loss":0.0,"gold_gain":0.0,"event_name":"Tomb of Lord Red Mask","player_choice":"Ignored","floor":37.0,"gold_loss":0.0,"damage_taken":0.0},{"cards_removed":["Bite"],"damage_healed":0.0,"max_hp_gain":0.0,"max_hp_loss":0.0,"gold_gain":0.0,"event_name":"WeMeetAgain","player_choice":"Gave Card","floor":44.0,"gold_loss":0.0,"damage_taken":0.0,"relics_obtained":["REME_PuzzleBoxRelic"]}],"is_beta":false,"boss_relics":[{"not_picked":["RhineFirstAidKit","Velvet Choker"],"picked":"OneHitWonderSystem"},{"not_picked":["xbg","JellyFishMachine"],"picked":"TimeKeys"}],"items_purged_floors":[19,47],"is_endless":false,"potions_floor_spawned":[7,13,16,18,31,36,38,45,54],"ascension_level":3}}