{"host":"eav5i5w47nlnv2l1","time":1607813377,"event":{"mods":["BaseMod","Minty Spire (QoL Compilation)"],"gold_per_floor":[112,127,139,157,174,174,186,186,212,243,258,258,277,304,304,400,400,416,416,105,122,137,170,34,34,87,103,40,55,55,67,67,166,166,184,203,221,231,246,258,258,285,285,299,299,299,58,86,86,86],"floor_reached":51,"playtime":7248,"items_purged":["Strike_P","Strike_P","Strike_P"],"score":697,"play_id":"397cb65d-294a-4109-975f-baa8cc9c670d","local_time":"20201212174937","is_ascension_mode":false,"campfire_choices":[{"data":"SashWhip","floor":6.0,"key":"SMITH"},{"data":"Eruption","floor":8.0,"key":"SMITH"},{"data":"Sanctity","floor":12.0,"key":"SMITH"},{"data":"ConjureBlade","floor":15.0,"key":"SMITH"},{"floor":25.0,"key":"REST"},{"floor":30.0,"key":"REST"},{"data":"Apotheosis","floor":32.0,"key":"SMITH"},{"floor":41,"key":"REST"},{"data":"ConjureBlade","floor":45,"key":"SMITH"},{"data":"DevaForm","floor":49,"key":"SMITH"}],"circlet_count":0,"master_deck":["Defend_P","Defend_P","Eruption+1","Vigilance","SashWhip+1","FearNoEvil","Crescendo","Consecrate","Sanctity+1","Evaluate","Consecrate","ConjureBlade+1","DeusExMachina+1","ClearTheMind","ConjureBlade+1","Apotheosis+1","MentalFortress","Halt","Scrawl","Halt+1","ForeignInfluence+1","Conclude+1","Worship+1","Adaptation+1","LikeWater+1","DevaForm+1","Perseverance","Adaptation+1"],"relics":["HolyWater","Bag of Preparation","WingedGreaves","Dream Catcher","Membership Card","Bottled Flame","Potion Belt","Strawberry","Astrolabe","Ornamental Fan","Darkstone Periapt","Du-Vu Doll","Pantograph","Bird Faced Urn"],"acts_visited":["Exordium","TheCity","TheBeyond"],"potions_floor_usage":[39,42,50,50],"damage_taken":[{"damage":0.0,"enemies":"Cultist","floor":1.0,"turns":3.0},{"damage":0.0,"enemies":"Jaw Worm","floor":2.0,"turns":2.0},{"damage":0.0,"enemies":"Small Slimes","floor":3.0,"turns":4.0},{"damage":0.0,"enemies":"Looter","floor":4.0,"turns":3.0},{"damage":0.0,"enemies":"2 Fungi Beasts","floor":5.0,"turns":3.0},{"damage":2.0,"enemies":"Exordium Thugs","floor":7.0,"turns":4.0},{"damage":1.0,"enemies":"3 Sentries","floor":10.0,"turns":5.0},{"damage":0.0,"enemies":"Large Slime","floor":11.0,"turns":2.0},{"damage":0.0,"enemies":"3 Louse","floor":13.0,"turns":2.0},{"damage":9.0,"enemies":"Gremlin Nob","floor":14.0,"turns":3.0},{"damage":24.0,"enemies":"Slime Boss","floor":16.0,"turns":7.0},{"damage":9.0,"enemies":"3 Byrds","floor":18.0,"turns":5.0},{"damage":0.0,"enemies":"Chosen","floor":21.0,"turns":4.0},{"damage":21.0,"enemies":"3 Cultists","floor":22.0,"turns":5.0},{"damage":3.0,"enemies":"Slavers","floor":23.0,"turns":6.0},{"damage":10.0,"enemies":"Snecko","floor":27.0,"turns":5.0},{"damage":13.0,"enemies":"Snake Plant","floor":29.0,"turns":4.0},{"damage":23.0,"enemies":"Shelled Parasite and Fungi","floor":31.0,"turns":6.0},{"damage":11.0,"enemies":"Champ","floor":33.0,"turns":8.0},{"damage":0.0,"enemies":"3 Shapes","floor":35.0,"turns":5.0},{"damage":0.0,"enemies":"3 Darklings","floor":36.0,"turns":2.0},{"damage":3.0,"enemies":"Spire Growth","floor":37.0,"turns":4.0},{"damage":0.0,"enemies":"Jaw Worm Horde","floor":38.0,"turns":2.0},{"damage":32,"enemies":"Sphere and 2 Shapes","floor":39,"turns":5},{"damage":0,"enemies":"4 Shapes","floor":40,"turns":2},{"damage":1,"enemies":"Giant Head","floor":42,"turns":6},{"damage":0,"enemies":"Jaw Worm Horde","floor":44,"turns":3},{"damage":10,"enemies":"Nemesis","floor":48,"turns":7},{"damage":65,"enemies":"Donu and Deca","floor":50,"turns":8}],"seed_played":"-2427204052470073062","potions_obtained":[{"floor":1.0,"key":"SkillPotion"},{"floor":5.0,"key":"AttackPotion"},{"floor":10.0,"key":"SkillPotion"},{"floor":16.0,"key":"SteroidPotion"},{"floor":22.0,"key":"Dexterity Potion"},{"floor":27.0,"key":"SkillPotion"},{"floor":33.0,"key":"PowerPotion"},{"floor":37.0,"key":"Ancient Potion"},{"floor":38.0,"key":"Ancient Potion"},{"floor":48,"key":"Strength Potion"}],"is_trial":false,"path_per_floor":["M","M","M","M","M","R","M","R","T","E","M","R","M","E","R","B",null,"M","?","$","M","M","E","$","R","T","M","$","M","R","M","R","B",null,"M","M","M","M","M","M","R","E","T","M","R","T","$","E","R","B",null],"character_chosen":"WATCHER","items_purchased":["Membership Card","Bottled Flame","Apotheosis","DevaForm","Perseverance","Pantograph"],"campfire_rested":3,"item_purchase_floors":[20,20,24,47,47,47],"current_hp_per_floor":[72,72,72,72,72,72,70,70,70,69,69,69,69,60,60,36,72,63,63,63,63,42,39,39,60,67,57,57,44,67,44,44,33,79,79,79,76,76,44,44,67,66,66,66,66,66,66,56,56,20],"gold":86,"neow_bonus":"THREE_CARDS","is_daily":false,"chose_seed":false,"campfire_upgraded":7,"win_rate":0.0,"timestamp":1607813377,"path_taken":["M","M","M","M","M","R","M","R","T","E","M","R","?","E","R","BOSS","M","?","$","M","M","E","$","R","T","M","$","M","R","M","R","BOSS","M","M","M","M","M","M","R","E","T","M","R","?","$","E","R","BOSS"],"items_purchased_type":["Relic","Relic","Card","Card","Card","Relic"],"build_version":"2020-11-30","purchased_purges":3,"victory":true,"max_hp_per_floor":[72,72,72,72,72,72,72,72,72,72,72,72,72,72,72,72,72,72,72,72,72,72,72,72,72,79,79,79,79,79,79,79,79,79,79,79,79,79,79,79,79,79,79,79,79,79,79,79,79,79],"card_choices":[{"not_picked":["FlurryOfBlows","EmptyFist"],"picked":"SashWhip","floor":0.0},{"not_picked":["Pray","Protect"],"picked":"FearNoEvil","floor":1.0},{"not_picked":["SashWhip","Adaptation","SignatureMove"],"picked":"SKIP","floor":2.0},{"not_picked":["Wallop","Protect"],"picked":"Crescendo","floor":3.0},{"not_picked":["FollowUp","Collect"],"picked":"Consecrate","floor":4.0},{"not_picked":["ThirdEye","PathToVictory","EmptyMind"],"picked":"SKIP","floor":5.0},{"not_picked":["Wallop","SashWhip","FearNoEvil"],"picked":"SKIP","floor":7.0},{"not_picked":["Vengeance","MasterReality"],"picked":"Sanctity","floor":10.0},{"not_picked":["JustLucky","FlurryOfBlows"],"picked":"Evaluate","floor":11.0},{"not_picked":["Evaluate","Crescendo"],"picked":"Consecrate","floor":13.0},{"not_picked":["SashWhip","JustLucky"],"picked":"ConjureBlade","floor":14.0},{"not_picked":["Judgement","ConjureBlade"],"picked":"DeusExMachina","floor":16.0},{"not_picked":["EmptyFist","BowlingBash","JustLucky"],"picked":"SKIP","floor":18.0},{"not_picked":["Halt+1","Tantrum"],"picked":"ClearTheMind","floor":21.0},{"not_picked":["Consecrate","FollowUp","InnerPeace"],"picked":"SKIP","floor":22.0},{"not_picked":["Consecrate+1","Conclude"],"picked":"ConjureBlade","floor":23.0},{"not_picked":["Vengeance+1","FollowUp+1","ClearTheMind"],"picked":"SKIP","floor":27.0},{"not_picked":["Fasting2","Consecrate","Crescendo"],"picked":"SKIP","floor":29.0},{"not_picked":["PathToVictory","JustLucky"],"picked":"MentalFortress","floor":30.0},{"not_picked":["Conclude","Sanctity"],"picked":"Halt","floor":31.0},{"not_picked":["DeusExMachina","Omniscience"],"picked":"Scrawl","floor":33.0},{"not_picked":["Collect+1","JustLucky"],"picked":"Worship+1","floor":35.0},{"not_picked":["FlurryOfBlows","Prostrate"],"picked":"Adaptation+1","floor":36.0},{"not_picked":["Collect","ThirdEye","ForeignInfluence"],"picked":"SKIP","floor":37.0},{"not_picked":["Meditate","JustLucky+1","ClearTheMind+1"],"picked":"SKIP","floor":38.0},{"not_picked":["SashWhip","CrushJoints","EmptyMind"],"picked":"SKIP","floor":39},{"not_picked":["CutThroughFate","Halt+1"],"picked":"LikeWater+1","floor":40},{"not_picked":["Consecrate","FlurryOfBlows","SashWhip"],"picked":"SKIP","floor":42},{"not_picked":["FlurryOfBlows+1","Evaluate","Indignation+1"],"picked":"SKIP","floor":44},{"not_picked":["Scrawl","Indignation+1"],"picked":"Adaptation+1","floor":48}],"player_experience":1373469,"relics_obtained":[{"floor":9.0,"key":"Bag of Preparation"},{"floor":10.0,"key":"WingedGreaves"},{"floor":14.0,"key":"Dream Catcher"},{"floor":23.0,"key":"Potion Belt"},{"floor":26.0,"key":"Strawberry"},{"floor":42,"key":"Ornamental Fan"},{"floor":43,"key":"Darkstone Periapt"},{"floor":46,"key":"Du-Vu Doll"},{"floor":48,"key":"Bird Faced Urn"}],"event_choices":[{"damage_healed":0.0,"max_hp_gain":0.0,"max_hp_loss":0.0,"gold_gain":0.0,"event_name":"Upgrade Shrine","player_choice":"Upgraded","floor":19.0,"gold_loss":0.0,"damage_taken":0.0,"cards_upgraded":["DeusExMachina"]}],"is_beta":false,"boss_relics":[{"not_picked":["Snecko Eye","Calling Bell"],"picked":"HolyWater"},{"not_picked":["Empty Cage","Busted Crown"],"picked":"Astrolabe"}],"items_purged_floors":[20,24,28],"is_endless":false,"potions_floor_spawned":[1,5,10,11,16,22,27,33,37,38,48],"ascension_level":0}}