{"host":"fmtvje4mks8zli8e","time":1607737520,"event":{"mods":["AchievementEnabler","AlwaysNeverKeys","BaseMod","BetterRewards","Minty Spire (QoL Compilation)","READ ME - Guardian Mod","Remove Card Discount Mod","StSLib","The Cursed","The Druid","The Servant 0.9.4","The Wild Card"],"gold_per_floor":[20,20,20,20,35,35,64,139,139,164,164,174,185,198,198,297,297,317,317,328,328,31,56,73,103,103,119,119,145,145,170,170,268,268,286,286,301,312,239,267,279,311,337,351,381,381,17,81,81,81,81,81,23,58,58],"floor_reached":56,"playtime":3058,"items_purged":["Purity","Forethought","Acrobatics","Well Laid Plans+1"],"score":2225,"play_id":"47c81759-509a-456d-9244-bedbc487304c","local_time":"20201211194520","is_ascension_mode":true,"campfire_choices":[{"data":"Footwork","floor":6.0,"key":"SMITH"},{"data":"Caltrops","floor":15.0,"key":"SMITH"},{"data":"Infinite Blades","floor":28,"key":"SMITH"},{"data":"1","floor":32,"key":"LIFT"},{"data":"2","floor":46,"key":"LIFT"},{"data":"3","floor":49,"key":"LIFT"},{"data":"Footwork","floor":52,"key":"SMITH"}],"circlet_count":0,"master_deck":["Strike_G","Strike_G","Strike_G","Strike_G","Strike_G","Defend_G","Defend_G","Defend_G","Defend_G","Defend_G","Survivor","Neutralize","Caltrops+1","Infinite Blades+1","Footwork+1","Blur","Poisoned Stab","theWildCard:Arsene+1","Cloak And Dagger","Cloak And Dagger","Noxious Fumes","Glass Knife+1","Sucker Punch+1","Footwork+1","Tools of the Trade+1","After Image+1","Infinite Blades+1","Footwork+1","Accuracy+1","Noxious Fumes+1","Infinite Blades+1","Infinite Blades+1"],"relics":["Ring of the Snake","Bird Faced Urn","Paper Crane","Medical Kit","Bag of Marbles","Omamori","Pear","Oddly Smooth Stone","HoveringKite","Vajra","Bag of Preparation","Smiling Mask","FossilizedHelix","Nunchaku","Girya","MutagenicStrength","Frozen Egg 2","Cursed Key","Whetstone","Darkstone Periapt","Lantern","Blood Vial","Happy Flower","CeramicFish","Tough Bandages","Anchor"],"acts_visited":["Exordium","TheCity","TheBeyond","TheEnding"],"potions_floor_usage":[16,27,29,31,33,40,42,55,55],"damage_taken":[{"damage":0.0,"enemies":"2 Louse","floor":1.0,"turns":5.0},{"damage":1.0,"enemies":"Jaw Worm","floor":5.0,"turns":4.0},{"damage":0.0,"enemies":"Gremlin Nob","floor":7.0,"turns":5.0},{"damage":3.0,"enemies":"3 Sentries","floor":10.0,"turns":9.0},{"damage":0.0,"enemies":"Small Slimes","floor":12.0,"turns":4.0},{"damage":0.0,"enemies":"3 Louse","floor":13.0,"turns":4.0},{"damage":0.0,"enemies":"Blue Slaver","floor":14.0,"turns":4.0},{"damage":0,"enemies":"The Guardian","floor":16,"turns":9},{"damage":1,"enemies":"Spheric Guardian","floor":18,"turns":7},{"damage":18,"enemies":"Chosen","floor":20,"turns":5},{"damage":42,"enemies":"Slavers","floor":23,"turns":6},{"damage":0,"enemies":"3 Cultists","floor":24,"turns":6},{"damage":24,"enemies":"Book of Stabbing","floor":25,"turns":6},{"damage":2,"enemies":"Snake Plant","floor":27,"turns":4},{"damage":30,"enemies":"Gremlin Leader","floor":29,"turns":8},{"damage":0,"enemies":"Book of Stabbing","floor":31,"turns":6},{"damage":17,"enemies":"Champ","floor":33,"turns":14},{"damage":0,"enemies":"Orb Walker","floor":35,"turns":3},{"damage":0,"enemies":"3 Darklings","floor":37,"turns":7},{"damage":0,"enemies":"Spire Growth","floor":38,"turns":5},{"damage":0,"enemies":"Reptomancer","floor":40,"turns":8},{"damage":0,"enemies":"4 Shapes","floor":41,"turns":8},{"damage":0,"enemies":"Giant Head","floor":42,"turns":8},{"damage":0,"enemies":"Jaw Worm Horde","floor":44,"turns":4},{"damage":0,"enemies":"Nemesis","floor":45,"turns":7},{"damage":33,"enemies":"2 Orb Walkers","floor":48,"turns":4},{"damage":20,"enemies":"Donu and Deca","floor":50,"turns":9},{"damage":40,"enemies":"Shield and Spear","floor":54,"turns":5},{"damage":74,"enemies":"The Heart","floor":55,"turns":8}],"seed_played":"-7057695488651045260","potions_obtained":[{"floor":1.0,"key":"Regen Potion"},{"floor":5.0,"key":"FearPotion"},{"floor":7.0,"key":"SteroidPotion"},{"floor":18,"key":"PowerPotion"},{"floor":25,"key":"FairyPotion"},{"floor":29,"key":"Fruit Juice"},{"floor":31,"key":"DuplicationPotion"},{"floor":37,"key":"Block Potion"},{"floor":38,"key":"ColorlessPotion"},{"floor":40,"key":"SteroidPotion"},{"floor":44,"key":"Strength Potion"},{"floor":54,"key":"DistilledChaos"}],"is_trial":false,"path_per_floor":["M","?","?","?","M","R","E","?","T","E","?","M","M","M","R","B",null,"M","?","M","?","$","E","M","E","T","M","R","E","?","E","R","B",null,"M","?","M","M","$","E","M","E","T","M","E","R","$","?","R","B",null,"R","$","E","B",null],"character_chosen":"THE_SILENT","items_purchased":["Bird Faced Urn","Paper Crane","Medical Kit","Caltrops","Bag of Marbles","Omamori","Infinite Blades","Footwork","Blur","Vajra","Bag of Preparation","Footwork+1","Happy Flower","CeramicFish","Noxious Fumes+1","Infinite Blades+1"],"campfire_rested":0,"item_purchase_floors":[0,0,0,0,0,0,0,0,0,22,22,39,47,47,47,53],"current_hp_per_floor":[25,25,25,25,30,30,36,25,35,38,38,46,54,62,62,70,78,79,79,62,50,50,16,24,8,8,18,18,13,13,28,28,23,70,80,80,85,85,85,85,85,85,85,85,85,85,85,56,56,62,79,79,79,53,7],"gold":58,"neow_bonus":"","is_daily":false,"chose_seed":false,"campfire_upgraded":4,"win_rate":0.0,"timestamp":1607737520,"path_taken":["M","?","?","?","M","R","E","?","T","E","?","M","?","M","R","BOSS","M","?","M","?","$","E","M","E","T","?","R","E","?","E","R","BOSS","M","?","M","M","?","E","M","E","T","M","E","R","$","?","R","BOSS","R","$","E","BOSS"],"items_purchased_type":["Relic","Relic","Relic","Card","Relic","Relic","Card","Card","Card","Relic","Relic","Card","Relic","Relic","Card","Card"],"build_version":"2020-11-30","purchased_purges":4,"victory":true,"max_hp_per_floor":[70,70,70,70,70,70,70,70,80,80,80,80,80,80,80,80,80,80,80,80,80,80,80,80,80,80,80,80,80,80,85,85,85,85,85,85,85,85,85,85,85,85,85,85,85,85,85,85,85,85,85,85,85,85,85],"card_choices":[{"not_picked":["Backflip","Distraction"],"picked":"Poisoned Stab","floor":1.0},{"not_picked":["Footwork","Slice"],"picked":"Cloak And Dagger","floor":5.0},{"not_picked":["Sucker Punch","Dagger Spray"],"picked":"Cloak And Dagger","floor":7.0},{"not_picked":["Backstab","Leg Sweep"],"picked":"Noxious Fumes","floor":10.0},{"not_picked":["Deadly Poison","Dodge and Roll","Backflip"],"picked":"SKIP","floor":12.0},{"not_picked":["Expertise","Finisher","Backflip"],"picked":"SKIP","floor":13.0},{"not_picked":["Escape Plan","Dodge and Roll","Bane"],"picked":"SKIP","floor":14.0},{"not_picked":["Storm of Steel","Wraith Form v2"],"picked":"Glass Knife","floor":16},{"not_picked":["Predator+1","Calculated Gamble","Setup"],"picked":"SKIP","floor":18},{"not_picked":["Eviscerate","Backstab","Backflip"],"picked":"SKIP","floor":20},{"not_picked":["Finisher","Crippling Poison","Dodge and Roll+1"],"picked":"SKIP","floor":23},{"not_picked":["Backstab","Crippling Poison"],"picked":"Sucker Punch","floor":24},{"not_picked":["Cloak And Dagger","Dagger Throw"],"picked":"Footwork","floor":25},{"not_picked":["Reflex+1","Blade Dance","Underhanded Strike"],"picked":"SKIP","floor":27},{"not_picked":["Dagger Throw","Deadly Poison"],"picked":"Acrobatics","floor":29},{"not_picked":["Backstab","Sucker Punch"],"picked":"Tools of the Trade+1","floor":31},{"not_picked":["Phantasmal Killer","Wraith Form v2+1"],"picked":"After Image+1","floor":33},{"not_picked":["Poisoned Stab+1","Sucker Punch+1"],"picked":"Well Laid Plans+1","floor":35},{"not_picked":["Dodge and Roll","Acrobatics"],"picked":"Infinite Blades+1","floor":37},{"not_picked":["Setup+1","Bane","Underhanded Strike+1"],"picked":"SKIP","floor":38},{"not_picked":["Blur","Backstab","Eviscerate+1"],"picked":"SKIP","floor":40},{"not_picked":["Deflect","Blur+1"],"picked":"Accuracy+1","floor":41},{"not_picked":["Dagger Throw+1","Reflex","Flying Knee"],"picked":"SKIP","floor":42},{"not_picked":["Catalyst+1","PiercingWail+1","Heel Hook+1"],"picked":"SKIP","floor":44},{"not_picked":["Catalyst+1","Grand Finale","Masterful Stab"],"picked":"SKIP","floor":45},{"not_picked":["Blur","Acrobatics"],"picked":"Infinite Blades+1","floor":48},{"not_picked":["Quick Slash+1","Dagger Throw","Slice+1"],"picked":"SKIP","floor":54}],"player_experience":3002779,"relics_obtained":[{"floor":9.0,"key":"Pear"},{"floor":10.0,"key":"Oddly Smooth Stone"},{"floor":23,"key":"Smiling Mask"},{"floor":25,"key":"FossilizedHelix"},{"floor":26,"key":"Nunchaku"},{"floor":29,"key":"Girya"},{"floor":31,"key":"Frozen Egg 2"},{"floor":40,"key":"Whetstone"},{"floor":42,"key":"Darkstone Periapt"},{"floor":43,"key":"Lantern"},{"floor":45,"key":"Blood Vial"},{"floor":48,"key":"Tough Bandages"},{"floor":54,"key":"Anchor"}],"event_choices":[{"damage_healed":0.0,"max_hp_gain":0.0,"max_hp_loss":0.0,"gold_gain":0.0,"event_name":"Golden Wing","player_choice":"Ignored","floor":2.0,"gold_loss":0.0,"damage_taken":0.0},{"damage_healed":0.0,"max_hp_gain":0.0,"max_hp_loss":0.0,"gold_gain":0.0,"event_name":"Living Wall","player_choice":"Grow","floor":4.0,"gold_loss":0.0,"damage_taken":0.0,"cards_upgraded":["theWildCard:Arsene"]},{"damage_healed":0.0,"max_hp_gain":0.0,"max_hp_loss":0.0,"gold_gain":75.0,"event_name":"World of Goop","player_choice":"Gather Gold","floor":8.0,"gold_loss":0.0,"damage_taken":11.0},{"damage_healed":0.0,"max_hp_gain":0.0,"max_hp_loss":0.0,"gold_gain":0.0,"event_name":"The Cleric","player_choice":"Leave","floor":11.0,"gold_loss":0.0,"damage_taken":0.0},{"damage_healed":0,"gold_gain":0,"player_choice":"Ignored","damage_taken":0,"max_hp_gain":0,"max_hp_loss":0,"event_name":"Ghosts","floor":19,"gold_loss":0},{"damage_healed":0,"gold_gain":0,"player_choice":"CARD ","damage_taken":12,"max_hp_gain":0,"max_hp_loss":0,"event_name":"Knowing Skull","floor":21,"potions_obtained":[],"gold_loss":0,"cards_obtained":["Forethought"]},{"damage_healed":0,"gold_gain":0,"player_choice":"Inject Mutagens","damage_taken":0,"relics_obtained":["MutagenicStrength"],"max_hp_gain":0,"max_hp_loss":0,"event_name":"Drug Dealer","floor":30,"gold_loss":0},{"damage_healed":0,"gold_gain":0,"player_choice":"Ignored","damage_taken":0,"max_hp_gain":0,"max_hp_loss":0,"event_name":"SecretPortal","floor":36,"gold_loss":0},{"damage_healed":0,"gold_gain":0,"player_choice":"Fight","damage_taken":0,"max_hp_gain":0,"max_hp_loss":0,"event_name":"Mysterious Sphere","floor":48,"gold_loss":0}],"is_beta":false,"boss_relics":[{"not_picked":["Pandora\u0027s Box","Snecko Eye"],"picked":"HoveringKite"},{"not_picked":["Astrolabe","Ring of the Serpent"],"picked":"Cursed Key"}],"items_purged_floors":[0,22,39,39],"is_endless":false,"potions_floor_spawned":[1,5,7,13,18,25,29,31,37,38,40,44,54],"ascension_level":6}}