{"host":"tmiksjdllv4oe9un","time":1607813413,"event":{"mods":["Act Like it!","BaseMod","BetterRewards","Card Forge","Googly Eyes","Hallownest","Minty Spire (QoL Compilation)","Quick Restart","Replay The Spire","StSLib"],"gold_per_floor":[113,0,0,0,13,13,29,29,29,29,48,48,79,97,97,202,202,220,234,13,13,31,31,31,58,84,97,97,62,62,87,87,192,192,104,104,104],"floor_reached":36,"playtime":1497,"items_purged":["ReplayTheSpireMod:The Works"],"score":402,"play_id":"4382351a-6ae6-4565-bc67-92d4dcabd67e","local_time":"20201212175013","is_ascension_mode":false,"campfire_choices":[{"floor":6.0,"key":"DIG"},{"floor":12.0,"key":"REST"},{"floor":23.0,"key":"DIG"},{"floor":28.0,"key":"REST"},{"floor":30.0,"key":"DIG"},{"floor":32.0,"key":"REST"}],"circlet_count":0,"master_deck":["Strike_G","Strike_G","Strike_G","Strike_G","Strike_G","Defend_G","Defend_G","Defend_G","Defend_G","Survivor","Neutralize","Heel Hook+1","Poisoned Stab+1","A Thousand Cuts","ReplayTheSpireMod:Scrap Shanks","ReplayTheSpireMod:Tripwire","Slice+1","Infinite Blades","ReplayTheSpireMod:From All Sides+1","Injury","Doubt","Backstab+1"],"relics":["Ring of the Snake","Hammer of Thor","Seething Fire","Anvil of the Gods","Toy Ornithopter","Blood Vial","Replay:Multitool","Hallownest:BankAccountRelic","Hallownest:TeacherSealRelic","Centennial Puzzle","Byrd Skull","Hallownest:DreamNailRelic","Boot","Fusion Hammer","InkBottle","Regal Pillow","Lizard Tail","Anchor","Snake Skull","Molten Egg 2","Replay:Ancient Bell","Vajra","Shuriken","FossilizedHelix"],"acts_visited":["Hallownest:Greenpath","Hallownest:CityofTears","Hallownest:KingdomsEdge"],"potions_floor_usage":[35],"damage_taken":[{"damage":7.0,"enemies":"Hallownest:2_Baldur","floor":1.0,"turns":4.0},{"damage":0.0,"enemies":"2_ Uuma","floor":5.0,"turns":6.0},{"damage":2.0,"enemies":"Hallownest:2_Tiktiks_and_1_Crawlid","floor":7.0,"turns":6.0},{"damage":7.0,"enemies":"Hallownest:MossCreep_and_Mosskin","floor":11.0,"turns":6.0},{"damage":11.0,"enemies":"Hallownest:eliteVengeflyKing","floor":13.0,"turns":10.0},{"damage":0.0,"enemies":"Hallownest:monsterMossCharger","floor":14.0,"turns":3.0},{"damage":55.0,"enemies":"Hallownest:BossHornet","floor":16.0,"turns":12.0},{"damage":25.0,"enemies":"Hallownest:2_Mistakes","floor":18.0,"turns":11.0},{"damage":21.0,"enemies":"Hallownest:Guard_and_Sentry","floor":19.0,"turns":4.0},{"damage":17.0,"enemies":"Hallownest:monsterShrumalOgre","floor":22.0,"turns":5.0},{"damage":0.0,"enemies":"Hallownest:Warrior_and_Youth","floor":24.0,"turns":1.0},{"damage":5.0,"enemies":"Hallownest:Nosk","floor":25.0,"turns":8.0},{"damage":8.0,"enemies":"Hallownest:2_Husk_Sentries","floor":27.0,"turns":5.0},{"damage":38.0,"enemies":"Hallownest:eliteWatcherKnight","floor":31.0,"turns":12.0},{"damage":41.0,"enemies":"Hallownest:BossSoulMaster","floor":33.0,"turns":12.0},{"damage":69,"enemies":"Hallownest:3_Siblings","floor":35,"turns":9},{"damage":33,"enemies":"Hallownest:2_Littles","floor":36,"turns":4}],"seed_played":"4897395113830459067","potions_obtained":[{"floor":1.0,"key":"Weak Potion"},{"floor":14.0,"key":"ColorlessPotion"},{"floor":16.0,"key":"SmokeBomb"},{"floor":18.0,"key":"Weak Potion"},{"floor":25.0,"key":"BlessingOfTheForge"},{"floor":27.0,"key":"Fire Potion"},{"floor":35,"key":"GhostInAJar"}],"is_trial":false,"path_per_floor":["M","?","?","?","M","R","M","R","T","?","M","R","E","M","R","B",null,"M","M","$","?","M","R","M","E","T","M","R","$","R","E","R","B",null,"M","M"],"character_chosen":"THE_SILENT","items_purchased":["Toy Ornithopter","Blood Vial","InkBottle"],"campfire_rested":3,"item_purchase_floors":[0,0,20],"current_hp_per_floor":[44,44,44,4,6,6,6,24,24,24,19,37,28,30,48,5,63,38,19,19,19,4,4,11,8,8,2,35,35,35,4,37,3,63,31,0,0],"gold":104,"neow_bonus":"","is_daily":false,"chose_seed":false,"campfire_upgraded":0,"win_rate":0.0,"timestamp":1607813413,"path_taken":["M","?","?","?","M","R","?","R","T","?","M","R","E","?","R","BOSS","M","?","$","?","M","R","M","E","T","M","R","$","R","E","R","BOSS","M","M"],"items_purchased_type":["Relic","Relic","Relic"],"build_version":"2020-11-30","purchased_purges":1,"victory":false,"max_hp_per_floor":[70,70,70,63,63,63,63,63,63,63,63,63,63,63,63,63,63,63,63,63,63,63,63,63,63,63,63,63,63,63,63,63,63,63,63,63,63],"card_choices":[{"not_picked":["Riddle With Holes","PiercingWail","Backflip"],"picked":"SKIP","floor":1.0},{"not_picked":["Deflect","Finisher","PiercingWail"],"picked":"SKIP","floor":5.0},{"not_picked":["Slice","Predator"],"picked":"Heel Hook","floor":7.0},{"not_picked":["Poisoned Stab","Fluid Movement","Hidden Blade"],"picked":"SKIP","floor":11.0},{"not_picked":["Fluid Movement","Hidden Blade"],"picked":"Poisoned Stab","floor":11.0},{"not_picked":["Fluid Movement","Sucker Punch","Phantasmal Killer"],"picked":"SKIP","floor":13.0},{"not_picked":["Slice","PiercingWail"],"picked":"ReplayTheSpireMod:The Works","floor":14.0},{"not_picked":["Phantasmal Killer","ReplayTheSpireMod:From All Sides"],"picked":"A Thousand Cuts","floor":16.0},{"not_picked":["Dagger Throw","Cloak And Dagger","Hidden Blade"],"picked":"SKIP","floor":18.0},{"not_picked":["Slice","PiercingWail"],"picked":"ReplayTheSpireMod:Scrap Shanks","floor":19.0},{"not_picked":["Blur","Dagger Throw"],"picked":"ReplayTheSpireMod:Tripwire","floor":22.0},{"not_picked":["Prepared+1","Underhanded Strike+1"],"picked":"Slice+1","floor":25.0},{"not_picked":["Sneak Up","Flying Knee","PiercingWail"],"picked":"SKIP","floor":27.0},{"not_picked":["Bane+1","PiercingWail+1"],"picked":"Infinite Blades","floor":31.0},{"not_picked":["Malaise","Wraith Form v2"],"picked":"ReplayTheSpireMod:From All Sides+1","floor":33.0},{"not_picked":["Parasite","ReplayTheSpireMod:Faulty Equipment"],"picked":"Injury","floor":34.0},{"not_picked":["Sickly","Amnesia"],"picked":"ReplayTheSpireMod:IOU","floor":34.0},{"not_picked":["Normality","ReplayTheSpireMod:Splinters"],"picked":"Doubt","floor":34.0},{"not_picked":["Masterful Stab+1","Venomology"],"picked":"Backstab+1","floor":35}],"player_experience":9041,"relics_obtained":[{"floor":6.0,"key":"Centennial Puzzle"},{"floor":9.0,"key":"Byrd Skull"},{"floor":13.0,"key":"Boot"},{"floor":23.0,"key":"Regal Pillow"},{"floor":25.0,"key":"Lizard Tail"},{"floor":26.0,"key":"Anchor"},{"floor":30.0,"key":"Snake Skull"},{"floor":31.0,"key":"Molten Egg 2"}],"event_choices":[],"is_beta":false,"boss_relics":[{"not_picked":["Tiny House","Coffee Dripper"],"picked":"Fusion Hammer"},{"not_picked":["Busted Crown","Ring of Chaos"],"picked":"Replay:Ancient Bell"},{"not_picked":["MealTicket","Pen Nib"],"picked":"Vajra"},{"not_picked":["ReplayTheSpireMod:Shallot","Pantograph"],"picked":"Shuriken"},{"not_picked":["Unceasing Top","Thread and Needle"],"picked":"FossilizedHelix"}],"items_purged_floors":[29],"is_endless":false,"potions_floor_spawned":[1,14,16,18,25,27,35],"killed_by":"Hallownest:2_Littles","ascension_level":0}}