{"host":"6vv0uythevi5qk1w","time":1607772367,"event":{"mods":["Act Like it!","BaseMod","Gensokyo","Minty Spire (QoL Compilation)","Remilia£®¿Ÿ√◊¿Ú—«£©","Replay The Spire","StSLib"],"gold_per_floor":[112,62,137,2,15,48,48,48,48],"floor_reached":8,"playtime":279,"items_purged":["Strike_G"],"score":99,"play_id":"10a39476-253c-43ec-9a0d-4207428f0b9a","local_time":"20201212192607","is_ascension_mode":true,"campfire_choices":[],"circlet_count":0,"master_deck":["Strike_G","Strike_G","Strike_G","Strike_G","Defend_G","Defend_G","Defend_G","Defend_G","Survivor","Neutralize","Escape Plan","ReplayTheSpireMod:Speed Training+1","Blade Dance","Calculated Gamble"],"relics":["Ring of the Snake","NeowsBlessing","Darkstone Periapt"],"acts_visited":["Exordium"],"potions_floor_usage":[8],"damage_taken":[{"damage":0,"enemies":"Jaw Worm","floor":1,"turns":1},{"damage":0,"enemies":"Small Slimes","floor":5,"turns":1},{"damage":0,"enemies":"3 Sentries","floor":6,"turns":1},{"damage":41,"enemies":"Gremlin Nob","floor":8,"turns":5}],"seed_played":"-342089926272829807","potions_obtained":[{"floor":1,"key":"LiquidBronze"},{"floor":6,"key":"SpeedPotion"}],"is_trial":false,"path_per_floor":["M","?","?","$","M","E","$","E"],"character_chosen":"THE_SILENT","items_purchased":["ReplayTheSpireMod:Speed Training+1"],"campfire_rested":0,"item_purchase_floors":[4],"current_hp_per_floor":[70,70,59,59,59,59,59,18,18],"gold":48,"neow_bonus":"THREE_ENEMY_KILL","is_daily":false,"chose_seed":false,"campfire_upgraded":0,"win_rate":0.0,"timestamp":1607772367,"path_taken":["M","?","?","?","M","E","$","E"],"items_purchased_type":["Card"],"build_version":"2020-11-30","purchased_purges":1,"victory":false,"max_hp_per_floor":[70,70,70,70,70,70,70,70,70],"card_choices":[{"not_picked":["Blur","Deflect"],"picked":"Escape Plan","floor":1},{"not_picked":["Masterful Stab","Eviscerate"],"picked":"Blade Dance","floor":5},{"not_picked":["Unload","Acrobatics"],"picked":"Calculated Gamble","floor":6}],"player_experience":242925,"relics_obtained":[{"floor":6,"key":"Darkstone Periapt"}],"event_choices":[{"cards_removed":["Defend_G"],"damage_healed":0,"gold_gain":0,"player_choice":"Card Removal","damage_taken":0,"max_hp_gain":0,"max_hp_loss":0,"event_name":"The Cleric","floor":2,"gold_loss":50},{"damage_healed":0,"gold_gain":75,"player_choice":"Gather Gold","damage_taken":11,"max_hp_gain":0,"max_hp_loss":0,"event_name":"World of Goop","floor":3,"gold_loss":0}],"is_beta":false,"boss_relics":[],"items_purged_floors":[4],"is_endless":false,"potions_floor_spawned":[1,6],"killed_by":"Gremlin Nob","ascension_level":5}}