{"host":"t0dvtgwziqfh5pc4","time":1607776973,"event":{"mods":["BaseMod","Colored Powertips","Downfall","Googly Eyes","Hermit","Infinite Spire","Lobotomy","Minty Spire (QoL Compilation)","Quick Restart","Replay The Spire","SIMod","Shop Mod","StSLib","The Bug Knight","The Cursed","The Hierophant","The Jungle"],"gold_per_floor":[116,136,136,136,136,136,136,171,171,171,171,171,171],"floor_reached":12,"playtime":291,"items_purged":[],"score":148,"play_id":"4da1eff2-68ee-4f8e-8899-0d8075db8c9a","local_time":"20201212204253","daily_mods":["Heirloom","Flight"],"is_ascension_mode":true,"campfire_choices":[{"data":"Shrug It Off","floor":6,"key":"SMITH"}],"circlet_count":0,"master_deck":["AscendersBane","Strike_R+1","Strike_R","Strike_R","Strike_R","Strike_R","Defend_R","Defend_R","Defend_R","Defend_R+1","Bash","Shrug It Off+1","Burning Pact","Pommel Strike+1"],"relics":["Burning Blood","infinitespire:Golems Mask","Counterbalance","CogitoBucket","Iron Hammer","Replay:Ringing Soul"],"acts_visited":["Exordium"],"potions_floor_usage":[12],"damage_taken":[{"damage":7,"enemies":"Small Slimes","floor":1,"turns":3},{"damage":15,"enemies":"2 Louse","floor":2,"turns":2},{"damage":19,"enemies":"Replay:BlueRogue","floor":8,"turns":7},{"damage":27,"enemies":"HollowMod:MossKnight","floor":12,"turns":6}],"seed_played":"5396317911586519811","potions_obtained":[{"floor":1,"key":"ElixirPotion"},{"floor":8,"key":"GamblersBrew"}],"is_trial":true,"path_per_floor":["M","M","WH","WH","?","R","?","E","T","?","?","E"],"character_chosen":"IRONCLAD","items_purchased":[],"campfire_rested":0,"item_purchase_floors":[],"current_hp_per_floor":[67,58,40,40,40,40,40,27,27,4,26,0,0],"gold":171,"neow_bonus":"RANDOM_EVENT","is_daily":false,"chose_seed":false,"campfire_upgraded":1,"win_rate":0.0,"timestamp":1607776973,"path_taken":["M","M","WH","WH","?","R","?","E","T","?","?","E"],"items_purchased_type":[],"build_version":"2020-11-30","purchased_purges":0,"victory":false,"max_hp_per_floor":[75,75,75,75,75,75,75,75,75,75,75,75,75],"card_choices":[{"not_picked":["Heavy Blade","Flex"],"picked":"Shrug It Off","floor":1},{"not_picked":["Shrug It Off","Clothesline"],"picked":"Burning Pact","floor":2},{"not_picked":["Bludgeon","Clothesline"],"picked":"Pommel Strike","floor":8}],"player_experience":97607,"relics_obtained":[{"floor":8,"key":"Iron Hammer"},{"floor":9,"key":"Replay:Ringing Soul"}],"event_choices":[{"damage_healed":0,"gold_gain":0,"player_choice":"Success","damage_taken":18,"relics_obtained":["Counterbalance"],"max_hp_gain":0,"max_hp_loss":0,"event_name":"Scrap Ooze","floor":3,"gold_loss":0},{"damage_healed":0,"gold_gain":0,"player_choice":"Ignored","damage_taken":0,"max_hp_gain":0,"max_hp_loss":0,"event_name":"Liars Game","floor":5,"gold_loss":0},{"damage_healed":0,"gold_gain":0,"player_choice":"Entered Light","damage_taken":23,"max_hp_gain":0,"max_hp_loss":0,"event_name":"Shining Light","floor":10,"gold_loss":0,"cards_upgraded":["Pommel Strike","Strike_R"]}],"is_beta":false,"boss_relics":[],"items_purged_floors":[],"is_endless":false,"potions_floor_spawned":[1,8],"killed_by":"HollowMod:MossKnight","ascension_level":20}}