{"host":"csxyw8kq0by31otn","time":1607745842,"event":{"mods":["BaseMod","DeckTracker","Minty Spire (QoL Compilation)","Quick Restart","SuperFastMode","slay the spire mod where everything is the same but ironclad has a cowboy hat"],"gold_per_floor":[118,118,118,43,43,78,93,93,93,393,412,463,477,496,496,596,596,612,572,137,155,155,11,39,39,39,138,163,182,235,247,247,345,345,358,224,18,72,86,86,120,120,120,170,170,186,206,226,226,226],"floor_reached":51,"playtime":1854,"items_purged":["Regret","Wild Strike"],"score":828,"play_id":"b701398a-6ef3-4782-b444-858fe4dbad20","local_time":"20201212130402","is_ascension_mode":false,"campfire_choices":[{"data":"Berserk","floor":8.0,"key":"SMITH"},{"data":"Armaments","floor":15.0,"key":"SMITH"},{"floor":32.0,"key":"REST"},{"floor":40.0,"key":"REST"},{"data":"Armaments","floor":42.0,"key":"SMITH"},{"data":"Limit Break","floor":45.0,"key":"SMITH"},{"floor":49.0,"key":"REST"}],"circlet_count":0,"master_deck":["Strike_R","Strike_R+1","Strike_R+1","Defend_R","Defend_R+1","Defend_R","Defend_R+1","Bash","Sword Boomerang","Berserk+1","Armaments+1","Pommel Strike","Spot Weakness","Heavy Blade","Pommel Strike","Double Tap","Cleave","Shrug It Off","Battle Trance","Pummel","Pummel","Dual Wield","Inflame","Armaments+1","Limit Break+1","Inflame+1","Ghostly Armor+1","Twin Strike","Ghostly Armor","Blood for Blood+1"],"relics":["Black Blood","NeowsBlessing","Du-Vu Doll","Pear","Matryoshka","Centennial Puzzle","Old Coin","Art of War","Juzu Bracelet","Dream Catcher","Strange Spoon","WingedGreaves","Anchor","Red Skull","Bag of Preparation","Smiling Mask","SlaversCollar","Ornamental Fan","Lee\u0027s Waffle","Gambling Chip","Gremlin Horn","Calipers","Incense Burner"],"acts_visited":["Exordium","TheCity","TheBeyond"],"potions_floor_usage":[],"damage_taken":[{"damage":0.0,"enemies":"Small Slimes","floor":1.0,"turns":1.0},{"damage":0.0,"enemies":"Lagavulin","floor":6.0,"turns":1.0},{"damage":0.0,"enemies":"2 Louse","floor":7.0,"turns":1.0},{"damage":3.0,"enemies":"Jaw Worm","floor":11.0,"turns":4.0},{"damage":13.0,"enemies":"3 Sentries","floor":12.0,"turns":5.0},{"damage":2.0,"enemies":"Blue Slaver","floor":13.0,"turns":4.0},{"damage":10.0,"enemies":"Looter","floor":14.0,"turns":3.0},{"damage":22.0,"enemies":"Slime Boss","floor":16.0,"turns":6.0},{"damage":36.0,"enemies":"2 Thieves","floor":18.0,"turns":5.0},{"damage":5.0,"enemies":"Spheric Guardian","floor":21.0,"turns":3.0},{"damage":9.0,"enemies":"Gremlin Leader","floor":24.0,"turns":7.0},{"damage":15.0,"enemies":"Snecko","floor":29.0,"turns":3.0},{"damage":20.0,"enemies":"Centurion and Healer","floor":31.0,"turns":5.0},{"damage":77.0,"enemies":"Collector","floor":33.0,"turns":11.0},{"damage":63.0,"enemies":"3 Darklings","floor":35.0,"turns":5.0},{"damage":38.0,"enemies":"2 Orb Walkers","floor":38.0,"turns":4.0},{"damage":15.0,"enemies":"3 Shapes","floor":39.0,"turns":5.0},{"damage":36.0,"enemies":"Reptomancer","floor":41.0,"turns":5.0},{"damage":0.0,"enemies":"Mind Bloom Boss Battle","floor":44.0,"turns":3.0},{"damage":62.0,"enemies":"Transient","floor":46.0,"turns":5.0},{"damage":29.0,"enemies":"4 Shapes","floor":47.0,"turns":4.0},{"damage":2.0,"enemies":"Sphere and 2 Shapes","floor":48.0,"turns":4.0},{"damage":39,"enemies":"Awakened One","floor":50,"turns":8}],"seed_played":"-2732909599707589148","potions_obtained":[{"floor":1.0,"key":"LiquidMemories"},{"floor":7.0,"key":"ColorlessPotion"},{"floor":11.0,"key":"PowerPotion"},{"floor":13.0,"key":"LiquidBronze"},{"floor":24.0,"key":"Energy Potion"},{"floor":33.0,"key":"Ancient Potion"},{"floor":35.0,"key":"SteroidPotion"},{"floor":39.0,"key":"EssenceOfSteel"},{"floor":41.0,"key":"GamblersBrew"},{"floor":46.0,"key":"FairyPotion"}],"is_trial":false,"path_per_floor":["M","?","?","$","?","E","M","R","T","T","M","E","M","M","R","B",null,"M","?","$","M","?","$","E","?","T","?","T","M","T","M","R","B",null,"M","?","$","?","M","R","E","R","T","?","R","M","M","M","R","B",null],"character_chosen":"IRONCLAD","items_purchased":["Juzu Bracelet","Shrug It Off","Dream Catcher","Battle Trance","Strange Spoon","Lee\u0027s Waffle"],"campfire_rested":3,"item_purchase_floors":[20,20,20,20,23,37],"current_hp_per_floor":[80,80,64,64,64,80,86,86,86,86,89,82,86,82,82,66,90,66,66,66,73,73,73,76,76,76,76,76,73,73,65,90,25,90,39,39,97,71,68,97,73,73,73,85,85,35,18,28,57,30],"gold":226,"neow_bonus":"THREE_ENEMY_KILL","is_daily":false,"chose_seed":false,"campfire_upgraded":4,"win_rate":0.0,"timestamp":1607745842,"path_taken":["M","?","?","?","?","E","M","R","T","?","?","E","M","M","R","BOSS","M","?","$","M","?","$","E","?","T","?","?","M","?","M","R","BOSS","M","?","$","?","M","R","E","R","T","?","R","M","M","M","R","BOSS"],"items_purchased_type":["Relic","Card","Relic","Card","Relic","Relic"],"build_version":"2020-11-30","purchased_purges":2,"victory":true,"max_hp_per_floor":[80,80,80,80,80,90,90,90,90,90,90,90,90,90,90,90,90,90,90,90,90,90,90,90,90,90,90,90,90,90,90,90,90,90,90,90,97,97,97,97,97,97,97,97,97,97,97,97,97,97],"card_choices":[{"not_picked":["Combust","Iron Wave"],"picked":"Sword Boomerang","floor":1.0},{"not_picked":["Power Through","Pommel Strike"],"picked":"Armaments","floor":6.0},{"not_picked":["Clothesline","Body Slam"],"picked":"Pommel Strike","floor":7.0},{"not_picked":["Armaments","Thunderclap"],"picked":"Spot Weakness","floor":11.0},{"not_picked":["Impervious","Anger"],"picked":"Heavy Blade","floor":12.0},{"not_picked":["Feel No Pain","Dual Wield"],"picked":"Pommel Strike","floor":13.0},{"not_picked":["Perfected Strike","Pommel Strike"],"picked":"Wild Strike","floor":14.0},{"not_picked":["Feed","Brutality"],"picked":"Double Tap","floor":16.0},{"not_picked":["Blood for Blood","Sentinel"],"picked":"Cleave","floor":18.0},{"not_picked":["Clash","Armaments"],"picked":"Pummel","floor":21.0},{"not_picked":["Feel No Pain","Bludgeon"],"picked":"Pummel","floor":24.0},{"not_picked":["Sword Boomerang","Sever Soul"],"picked":"Dual Wield","floor":29.0},{"not_picked":["Hemokinesis","Warcry"],"picked":"Inflame","floor":31.0},{"not_picked":["Second Wind","Anger"],"picked":"Armaments","floor":32.0},{"not_picked":["Demon Form","Barricade"],"picked":"Limit Break","floor":33.0},{"not_picked":["True Grit","Iron Wave+1"],"picked":"Inflame+1","floor":35.0},{"not_picked":["Clothesline","Intimidate"],"picked":"Ghostly Armor+1","floor":38.0},{"not_picked":["Clothesline+1","Thunderclap+1","Wild Strike+1"],"picked":"SKIP","floor":39.0},{"not_picked":["Rampage","Armaments","Demon Form"],"picked":"SKIP","floor":41.0},{"not_picked":["Inflame","Havoc"],"picked":"Twin Strike","floor":46.0},{"not_picked":["Entrench+1","Clothesline"],"picked":"Ghostly Armor","floor":47.0},{"not_picked":["Body Slam","Clash"],"picked":"Blood for Blood+1","floor":48.0}],"player_experience":171931,"relics_obtained":[{"floor":6.0,"key":"Pear"},{"floor":9.0,"key":"Matryoshka"},{"floor":10.0,"key":"Centennial Puzzle"},{"floor":10.0,"key":"Old Coin"},{"floor":12.0,"key":"Art of War"},{"floor":24.0,"key":"WingedGreaves"},{"floor":26.0,"key":"Anchor"},{"floor":26.0,"key":"Red Skull"},{"floor":28.0,"key":"Bag of Preparation"},{"floor":30.0,"key":"Smiling Mask"},{"floor":38.0,"key":"Gambling Chip"},{"floor":41.0,"key":"Gremlin Horn"},{"floor":43.0,"key":"Calipers"},{"floor":44.0,"key":"Incense Burner"}],"event_choices":[{"damage_healed":0.0,"max_hp_gain":0.0,"max_hp_loss":0.0,"gold_gain":0.0,"event_name":"Big Fish","player_choice":"Box","floor":2.0,"gold_loss":0.0,"damage_taken":0.0,"relics_obtained":["Du-Vu Doll"],"cards_obtained":["Regret"]},{"damage_healed":0.0,"max_hp_gain":0.0,"max_hp_loss":0.0,"gold_gain":0.0,"event_name":"Shining Light","player_choice":"Entered Light","floor":3.0,"gold_loss":0.0,"damage_taken":16.0,"cards_upgraded":["Strike_R","Defend_R"]},{"damage_healed":0.0,"max_hp_gain":0.0,"max_hp_loss":0.0,"gold_gain":0.0,"cards_transformed":["Strike_R"],"event_name":"Living Wall","player_choice":"Change","floor":5.0,"gold_loss":0.0,"damage_taken":0.0,"cards_obtained":["Berserk"]},{"damage_healed":0.0,"max_hp_gain":0.0,"max_hp_loss":0.0,"gold_gain":0.0,"event_name":"Designer","player_choice":"Upgraded Two","floor":19.0,"gold_loss":40.0,"damage_taken":0.0,"cards_upgraded":["Defend_R","Strike_R"]},{"damage_healed":0.0,"max_hp_gain":0.0,"max_hp_loss":0.0,"gold_gain":0.0,"event_name":"Beggar","player_choice":"Ignored","floor":22.0,"gold_loss":0.0,"damage_taken":0.0},{"cards_removed":["Strike_R"],"damage_healed":0.0,"max_hp_gain":0.0,"max_hp_loss":0.0,"gold_gain":0.0,"event_name":"Purifier","player_choice":"Purged","floor":25.0,"gold_loss":0.0,"damage_taken":0.0},{"damage_healed":0.0,"max_hp_gain":0.0,"max_hp_loss":0.0,"gold_gain":99.0,"event_name":"Nest","player_choice":"Stole From Cult","floor":27.0,"gold_loss":0.0,"damage_taken":0.0},{"damage_healed":0.0,"max_hp_gain":0.0,"max_hp_loss":0.0,"gold_gain":0.0,"event_name":"WeMeetAgain","player_choice":"Paid Gold","floor":36.0,"gold_loss":134.0,"damage_taken":0.0,"relics_obtained":["Ornamental Fan"]},{"damage_healed":0.0,"max_hp_gain":0.0,"max_hp_loss":0.0,"gold_gain":0.0,"event_name":"Mysterious Sphere","player_choice":"Fight","floor":38.0,"gold_loss":0.0,"damage_taken":0.0},{"damage_healed":0.0,"max_hp_gain":0.0,"max_hp_loss":0.0,"gold_gain":0.0,"event_name":"MindBloom","player_choice":"Fight","floor":44.0,"gold_loss":0.0,"damage_taken":0.0}],"is_beta":false,"boss_relics":[{"not_picked":["SacredBark","Runic Dome"],"picked":"Black Blood"},{"not_picked":["Black Star","Sozu"],"picked":"SlaversCollar"}],"items_purged_floors":[4,37],"is_endless":false,"potions_floor_spawned":[1,7,11,13,24,33,35,39,41,46],"ascension_level":0}}