{"host":"3wijtn94dq1zoyhj","time":1607766435,"event":{"mods":["Act Like it!","Ascension Reborn","Aspiration","BaseMod","Gensokyo","GifTheSpireLib","Lobotomy","Marisa（F雨　魔理沙）","Minty Spire (QoL Compilation)","MostiFishMod","Quick Restart","Reimu（博丽灵梦）","Remilia（蕾米莉亚）","Replay The Spire","RumiaBox-露米娅的神秘盒子","Shop Mod","Spicy Shops","StSLib","The Construct","The Cursed","The Hierophant","The Servant 0.9.4","vexMod","【功能Mod】聪明的最终Boss","篝火指南"],"gold_per_floor":[118,133,133,133,133,133,133,133,157,157,188,211,35,35,19,139,139,158,176,195,241,260,298,37,37,86,86,45,63,338,374,35,165,165,179,208,208,208,236,278,295,313,337,337,364,387,412,430,27,27,27,27,27,65,65],"floor_reached":56,"playtime":3044,"items_purged":[],"score":1292,"play_id":"ed7958f3-91ee-48b5-bd34-56c8724ad785","local_time":"20201212174715","is_ascension_mode":true,"campfire_choices":[{"floor":6.0,"key":"RECALL"},{"data":"MostiFishMod:FrostNova","floor":10.0,"key":"SMITH"},{"floor":25,"key":"REST"},{"data":"MostiFishMod:WinterMarkForm","floor":27,"key":"SMITH"},{"data":"HellCatastrophe","floor":52,"key":"SMITH"}],"circlet_count":0,"master_deck":["Strike_S","Strike_S","Strike_S","Strike_S","Defend_S","Defend_S","Defend_S","Defend_S","KidneyShot","Exchange","MostiFishMod:FrostNova+1","MostiFishMod:WinterMarkForm+1","Unruled","TheCursedMod:WearCloak","SilverBlades","TheCursedMod:Torture+1","PendulumOfEternity","Crow Ritual","MostiFishMod:Tomorrow+1","Gash","VampireSweep","PowerUp+1","Desolation","HellCatastrophe+1","MostiFishMod:SparklingWater+1","Pot Of Greed+1","Pot Of Greed+1","Regret","Ricochet","FlawlessForm","Manipulate+1","MostiFishMod:Unraveling+1","hierophant:OrnateBuckler+1","Writhe","EarthLightRay+1","Collapse+1","TheCursedMod:CursedRelics","Pot Of Greed+1","Bandage Up+1","Starlight","TheCursedMod:FleshFromBone+1","Double Energy+1","Barrier+1","TheWorld+1","Flame Barrier+1"],"relics":["Uniform","DaveBox","FrostBlade","aspiration:Nostalgia","m_SnakeCloak","Question Card","PrismaticShard","Golden Idol","Toxic Egg 2","PaperSwan","WarpedTongs","ImportantClient","Empty Cage","Bronze Scales","MerchantsRug","Grinning Jar","vexMod:BarristanHead","aspiration:Lifesprig","construct:WeddingRing","Counterbalance","Broom","Replay:Accelerometer","Ying","Onion Ring"],"acts_visited":["Exordium","TheCity","TheBeyond","TheEnding"],"potions_floor_usage":[19,20,39,55,55,55],"damage_taken":[{"damage":0.0,"enemies":"Jaw Worm","floor":1.0,"turns":2.0},{"damage":0.0,"enemies":"Small Slimes","floor":2.0,"turns":1.0},{"damage":2.0,"enemies":"3 Sentries","floor":11.0,"turns":5.0},{"damage":0.0,"enemies":"2 Louse","floor":12.0,"turns":2.0},{"damage":6.0,"enemies":"Slime Boss","floor":16.0,"turns":5.0},{"damage":0,"enemies":"Chosen","floor":18,"turns":4},{"damage":0,"enemies":"Spheric Guardian","floor":19,"turns":2},{"damage":0,"enemies":"3 Cultists","floor":20,"turns":4},{"damage":7,"enemies":"Centurion and Healer","floor":22,"turns":4},{"damage":5,"enemies":"Gremlin Leader","floor":23,"turns":4},{"damage":0,"enemies":"Snecko","floor":29,"turns":3},{"damage":17,"enemies":"Replay:Snechameleon","floor":31,"turns":4},{"damage":21,"enemies":"Pondfish","floor":33,"turns":4},{"damage":0,"enemies":"Orb Walker","floor":35,"turns":2},{"damage":6,"enemies":"3 Shapes","floor":36,"turns":1},{"damage":12,"enemies":"Sphere and 2 Shapes","floor":39,"turns":4},{"damage":0,"enemies":"Nemesis","floor":40,"turns":3},{"damage":11,"enemies":"4 Shapes","floor":42,"turns":3},{"damage":0,"enemies":"3 Darklings","floor":45,"turns":2},{"damage":0,"enemies":"Maw","floor":46,"turns":6},{"damage":5,"enemies":"Spire Growth","floor":47,"turns":3},{"damage":0,"enemies":"Transient","floor":48,"turns":5},{"damage":19,"enemies":"Donu and Deca","floor":50,"turns":6},{"damage":5,"enemies":"Shield and Spear","floor":54,"turns":3},{"damage":14,"enemies":"The Heart","floor":55,"turns":6}],"seed_played":"2010980754099977484","potions_obtained":[{"floor":11.0,"key":"ColorlessPotion"},{"floor":16.0,"key":"Fire Potion"},{"floor":18,"key":"SteroidPotion"},{"floor":23,"key":"Doom Potion"},{"floor":36,"key":"Strength Potion"},{"floor":42,"key":"Ancient Potion"},{"floor":45,"key":"SteroidPotion"},{"floor":47,"key":"Adrenaline Potion"}],"is_trial":false,"path_per_floor":["M","M","?","?","?","R","?","R","T","R","E","M","$","?","R","B",null,"M","M","M","T","M","E","$","R","T","R","$","M","?","E","R","B",null,"M","M","?","?","M","E","$","M","T","?","M","M","M","M","R","B",null,"R","$","E","B",null],"character_chosen":"THE_SERVANT","items_purchased":["PendulumOfEternity","Crow Ritual","MerchantsRug","MostiFishMod:SparklingWater+1","Fire Potion","aspiration:Lifesprig","FlawlessForm","Manipulate+1","Replay:Accelerometer","TheWorld+1","Ying"],"campfire_rested":1,"item_purchase_floors":[13,15,24,24,28,32,32,32,49,49,49],"current_hp_per_floor":[65,65,65,58,65,65,65,65,65,65,63,63,63,63,63,57,65,65,65,65,65,58,53,53,65,65,65,65,65,65,48,48,27,65,65,59,59,65,53,59,59,54,54,54,60,65,60,65,65,52,65,65,65,60,57],"gold":65,"neow_bonus":"NOSTALGIA","is_daily":false,"chose_seed":false,"campfire_upgraded":3,"win_rate":0.0,"timestamp":1607766435,"path_taken":["M","M","?","?","?","R","?","R","T","R","E","?","$","?","R","BOSS","M","M","M","?","M","E","$","R","T","R","$","M","?","E","R","BOSS","M","?","?","?","M","E","$","M","T","?","M","?","?","M","R","BOSS","R","$","E","BOSS"],"items_purchased_type":["Card","Card","Relic","Card","Potion","Relic","Card","Card","Relic","Card","Relic"],"build_version":"2020-11-30","purchased_purges":0,"victory":true,"max_hp_per_floor":[65,65,65,65,65,65,65,65,65,65,65,65,65,65,65,65,65,65,65,65,65,65,65,65,65,65,65,65,65,65,65,65,65,65,65,65,65,65,65,65,65,65,65,65,65,65,65,65,65,65,65,65,65,65,65],"card_choices":[{"not_picked":["Alleviate","TimeWarp"],"picked":"Unruled","floor":1.0},{"not_picked":["hierophant:Rebuild","construct:FocusedBeam","construct:Analyze"],"picked":"TheCursedMod:WearCloak","floor":2.0},{"not_picked":["TheCursedMod:CursedArmor+1","FinalSpark","DeceiveReality+1"],"picked":"SilverBlades","floor":11.0},{"not_picked":["animator:Vesta+1","SporeBomb+1","BlazeAway+1"],"picked":"TheCursedMod:Torture+1","floor":12.0},{"not_picked":["MostiFishMod:LinkProtocol+1","CENSORED_ego+1","MostiFishMod:GrandStart"],"picked":"MostiFishMod:Tomorrow+1","floor":16.0},{"not_picked":["ReplayTheSpireMod:System Scan+1","StarChef","FollowUp"],"picked":"Gash","floor":18},{"not_picked":["Panacea+1","BasicCrystalCard+1","SafetyPray:ReiMu+1"],"picked":"VampireSweep","floor":19},{"not_picked":["hierophant:Dazzle+1","construct:Reinforce+1","ClearTheMind+1"],"picked":"PowerUp+1","floor":20},{"not_picked":["Deflect+1","TheCursedMod:CursedArmor+1","hierophant:HolyVerse+1"],"picked":"Desolation","floor":22},{"not_picked":["construct:Construct_Overclock","Abandon+1","SatelliteIllusion"],"picked":"HellCatastrophe","floor":23},{"not_picked":["Dagger Spray","LovePray:ReiMu+1","Run Through"],"picked":"Replay:BluntJabs","floor":29},{"not_picked":["AfternoonTea+1","ThirdEye+1","MostiFishMod:BrandingRite+1"],"picked":"Ricochet","floor":31},{"not_picked":["construct:ShieldBurst","MostiFishMod:PushDownKick","construct:HyperBeam"],"picked":"MostiFishMod:Unraveling+1","floor":33},{"not_picked":["Heel Hook","SashWhip+1","Vengeance+1"],"picked":"hierophant:OrnateBuckler+1","floor":35},{"not_picked":["TheCursedMod:WearCloak+1","Defragment","SpreadBorder2:ReiMu+1","TheCursedMod:BlessingInDisguise+1"],"picked":"SKIP","floor":36},{"not_picked":["TheCursedMod:Torture+1","construct:VentSteam+1","hierophant:DisplayOfPower"],"picked":"EarthLightRay+1","floor":39},{"not_picked":["hierophant:Doubloon+1","Noise+1","hierophant:Endure+1"],"picked":"Collapse+1","floor":40},{"not_picked":["RedEyes+1","Conclude","Run Through+1"],"picked":"TheCursedMod:CursedRelics","floor":42},{"not_picked":["hierophant:Sermon+1","hierophant:ThreeLashes+1","construct:Disrupt+1"],"picked":"Starlight","floor":45},{"not_picked":["Maim+1","Sucker Punch+1","TheCursedMod:CursedAmulet+1"],"picked":"TheCursedMod:FleshFromBone+1","floor":46},{"not_picked":["AlertArray:ReiMu+1","hierophant:OrnateBuckler+1","Noise+1"],"picked":"Double Energy+1","floor":47},{"not_picked":["Panic Button+1","SomewhereSpear+1","StarOfDavid"],"picked":"Barrier+1","floor":48},{"not_picked":["construct:Antimatter","Anger","MostiFishMod:UniBlue+1"],"picked":"Flame Barrier+1","floor":54}],"player_experience":46784,"relics_obtained":[{"floor":1.0,"key":"Question Card"},{"floor":1.0,"key":"PrismaticShard"},{"floor":11.0,"key":"PaperSwan"},{"floor":16.0,"key":"ImportantClient"},{"floor":21,"key":"Bronze Scales"},{"floor":26,"key":"Grinning Jar"},{"floor":31,"key":"vexMod:BarristanHead"},{"floor":40,"key":"Counterbalance"},{"floor":43,"key":"Broom"},{"floor":54,"key":"Onion Ring"}],"event_choices":[{"damage_healed":0.0,"max_hp_gain":0.0,"max_hp_loss":0.0,"gold_gain":0.0,"event_name":"Golden Idol","player_choice":"Take Wound","floor":3.0,"gold_loss":0.0,"damage_taken":0.0,"relics_obtained":["Golden Idol"],"cards_obtained":["Injury"]},{"cards_removed":["Injury"],"damage_healed":0.0,"max_hp_gain":0.0,"max_hp_loss":0.0,"gold_gain":0.0,"event_name":"Golden Wing","player_choice":"Card Removal","floor":4.0,"gold_loss":0.0,"damage_taken":7.0},{"damage_healed":0.0,"max_hp_gain":0.0,"max_hp_loss":0.0,"gold_gain":0.0,"event_name":"Accursed Blacksmith","player_choice":"Rummage","floor":14.0,"gold_loss":0.0,"damage_taken":0.0,"relics_obtained":["WarpedTongs"],"cards_obtained":["Pain"]},{"damage_healed":0,"gold_gain":275,"player_choice":"Desecrate","damage_taken":0,"max_hp_gain":0,"max_hp_loss":0,"event_name":"Golden Shrine","floor":30,"gold_loss":0,"cards_obtained":["Regret"]},{"cards_removed":["Replay:BluntJabs"],"damage_healed":0,"gold_gain":0,"player_choice":"Removed Attack","damage_taken":0,"max_hp_gain":0,"max_hp_loss":0,"event_name":"Falling","floor":37,"gold_loss":0},{"damage_healed":16,"gold_gain":0,"player_choice":"Writhe","damage_taken":0,"max_hp_gain":0,"max_hp_loss":0,"event_name":"Winding Halls","floor":38,"gold_loss":0,"cards_obtained":["Writhe"]},{"damage_healed":0,"gold_gain":0,"cards_transformed":["Pot Of Greed"],"player_choice":"Transformed","damage_taken":0,"max_hp_gain":0,"max_hp_loss":0,"event_name":"Transmorgrifier","floor":44,"gold_loss":0,"cards_obtained":["Bandage Up"]}],"is_beta":false,"boss_relics":[{"not_picked":["vexMod:MysteryBossChallenge","vexMod:CursedCompass"],"picked":"Empty Cage"},{"not_picked":["Ring of Chaos","Philosopher\u0027s Stone"],"picked":"construct:WeddingRing"}],"items_purged_floors":[],"is_endless":false,"potions_floor_spawned":[11,16,18,23,36,42,45,47,54],"ascension_level":0}}