{"host":"oeddu058k4r8wzo0","time":1607760608,"event":{"mods":["BaseMod","Better Third Choice","BetterRewards","Colored Map","Colored Powertips","Highlight Path","Infinite Spire","Marisa????????","Minty Spire (QoL Compilation)","Quick Restart","Replay The Spire","StSLib","Wandering Minibosses"],"gold_per_floor":[117,117,136,247,247,247,272,272,272,302,356,390,407,425,425,522,522,541,551,551,567,567,595,595,622,645,645,661,72,103,203,203,301,301,334,370,370,370,370],"floor_reached":38,"playtime":2466,"items_purged":[],"score":1170,"play_id":"cc16604d-c295-4b99-8e4d-2ec5ea783773","local_time":"20201212001008","is_ascension_mode":true,"campfire_choices":[{"floor":6.0,"key":"REST"},{"data":"infinitespire:Punishment","floor":8.0,"key":"SMITH"},{"data":"StarDustReverie","floor":15.0,"key":"SMITH"},{"data":"PropBag","floor":24,"key":"SMITH"},{"floor":27,"key":"REST"},{"data":"1","floor":32,"key":"LIFT"}],"circlet_count":0,"master_deck":["AscendersBane","Strike_MRS","Strike_MRS","Strike_MRS","Strike_MRS","Defend_MRS","Defend_MRS","Defend_MRS","Defend_MRS","MasterSpark","UpSweep","Bandage Up","Orbital","infinitespire:Punishment+1","IllusionStar","GalacticHalo","PropBag+1","Acceleration","MagicAbsorber","ShootingEcho","Pot Of Greed","Pot Of Greed","StarDustReverie+1","PulseMagic","MillisecondPulsars","PropBag+1","Pot Of Greed","UnstableBomb","Writhe","MysteriousBeam","EnergyRecoil","DragonMeteor","MaximisePower","Master of Strategy","CollectingQuirk","CollectingQuirk","OpenUniverse","DragonMeteor","BigCrunch","Pot Of Greed","Singularity+1","DarkSpark"],"relics":["MiniHakkero","Bronze Scales","PreservedInsect","Divine Protection","Grinning Jar","Sozu","infinitespire:CheckeredPen","Pet Ghost","Torii","Simple Rune","Lee\u0027s Waffle","Dream Catcher","Replay:Bottled Flurry","Girya","Gremlin Horn","Replay:Grab Bag","Philosopher\u0027s Stone","RampagingMagicTools","ExperimentalFamiliar","Black Star","infinitespire:EvilPickle","Ornamental Fan","AmplifyWand"],"acts_visited":["Exordium","TheCity","TheBeyond"],"potions_floor_usage":[33],"damage_taken":[{"damage":7.0,"enemies":"Jaw Worm","floor":1.0,"turns":3.0},{"damage":0.0,"enemies":"Small Slimes","floor":3.0,"turns":2.0},{"damage":15.0,"enemies":"3 Sentries","floor":7.0,"turns":5.0},{"damage":7.0,"enemies":"Gremlin Nob","floor":10.0,"turns":4.0},{"damage":9.0,"enemies":"3 Sentries","floor":12.0,"turns":5.0},{"damage":0.0,"enemies":"2 Louse","floor":13.0,"turns":2.0},{"damage":0.0,"enemies":"Looter","floor":14.0,"turns":1.0},{"damage":0.0,"enemies":"Slime Boss","floor":16.0,"turns":3.0},{"damage":0.0,"enemies":"Shell Parasite","floor":18.0,"turns":2.0},{"damage":25,"enemies":"Spheric Guardian","floor":19,"turns":6},{"damage":13,"enemies":"Shelled Parasite and Fungi","floor":21,"turns":3},{"damage":12,"enemies":"Slavers","floor":23,"turns":2},{"damage":4,"enemies":"Book of Stabbing","floor":25,"turns":3},{"damage":0,"enemies":"3 Cultists","floor":28,"turns":4},{"damage":0,"enemies":"Gremlin Leader","floor":30,"turns":2},{"damage":0,"enemies":"Colosseum Slavers","floor":31,"turns":1},{"damage":23,"enemies":"Colosseum Nobs","floor":31,"turns":3},{"damage":2,"enemies":"Pondfish","floor":33,"turns":5},{"damage":0,"enemies":"Orb Walker","floor":35,"turns":2},{"damage":1,"enemies":"3 Shapes","floor":36,"turns":2},{"damage":11,"enemies":"infinitespire:Three Voidlings","floor":38,"turns":2},{"damage":76,"enemies":"Nightmare_Alpha","floor":38,"turns":4}],"seed_played":"-6388804427626621943","potions_obtained":[{"floor":1.0,"key":"Milkshake"},{"floor":3.0,"key":"Venom Potion"},{"floor":16.0,"key":"BottledSpark"}],"is_trial":false,"path_per_floor":["M","?","M","?","?","R","E","R","T","E","T","E","M","M","R","B",null,"M","M","?","M","?","E","R","E","T","R","M","$","E","?","R","B",null,"M","M","?","?"],"character_chosen":"MARISA","items_purchased":["Lee\u0027s Waffle","Master of Strategy","CollectingQuirk","Dream Catcher"],"campfire_rested":2,"item_purchase_floors":[29,29,29,29],"current_hp_per_floor":[65,46,50,20,20,42,31,31,31,40,40,47,47,47,47,51,69,69,48,48,35,35,23,23,23,23,45,45,82,82,59,59,61,77,77,80,80,0,0],"gold":370,"neow_bonus":"RANDOM_COLORLESS","is_daily":false,"chose_seed":false,"campfire_upgraded":3,"win_rate":0.0,"timestamp":1607760608,"path_taken":["M","?","M","?","?","R","E","R","T","E","?","E","M","M","R","BOSS","M","M","?","M","?","E","R","E","T","R","M","$","E","?","R","BOSS","M","M","?","?"],"items_purchased_type":["Relic","Card","Card","Relic"],"build_version":"2020-11-30","purchased_purges":0,"victory":false,"max_hp_per_floor":[75,75,75,75,75,75,75,75,75,75,75,75,75,75,75,75,75,75,75,75,75,75,75,75,75,75,75,75,82,82,82,82,82,82,82,82,82,82,82],"card_choices":[{"not_picked":["Forethought","Replay:Bootleg Shield Generator"],"picked":"Bandage Up","floor":0.0},{"not_picked":["IllusionStar","ManaConvection"],"picked":"Orbital","floor":1.0},{"not_picked":["infinitespire:Fortify","infinitespire:DeathsTouch"],"picked":"infinitespire:Punishment","floor":2.0},{"not_picked":["AsteroidBelt","DoubleSpark"],"picked":"IllusionStar","floor":3.0},{"not_picked":["NonDirectionalLaser","Robbery"],"picked":"GalacticHalo","floor":4.0},{"not_picked":["Acceleration","GravityBeat"],"picked":"PropBag","floor":4.0},{"not_picked":["IllusionStar","Singularity"],"picked":"Acceleration","floor":4.0},{"not_picked":["AlicesGift","OpenUniverse"],"picked":"MagicAbsorber","floor":7.0},{"not_picked":["StarBarrage","DoubleSpark"],"picked":"ShootingEcho","floor":10.0},{"not_picked":["ShootingEcho","UnstableBomb","ShootTheMoon"],"picked":"SKIP","floor":12.0},{"not_picked":["AsteroidBelt","ShootingEcho"],"picked":"StarDustReverie","floor":13.0},{"not_picked":["MilkyWay","ShootingEcho"],"picked":"PulseMagic","floor":14.0},{"not_picked":["TreasureHunter","JA"],"picked":"MillisecondPulsars","floor":16.0},{"not_picked":["MysteriousBeam","ShootingEcho"],"picked":"PropBag","floor":18.0},{"not_picked":["PowerUp","6A"],"picked":"UnstableBomb","floor":19},{"not_picked":["GrandCross","ChargeUpSpray"],"picked":"MysteriousBeam","floor":21},{"not_picked":["MilkyWay","MachineGunSpark"],"picked":"EnergyRecoil","floor":23},{"not_picked":["RefractionSpark","WitchOfGreed"],"picked":"DragonMeteor","floor":25},{"not_picked":["GrandCross","AsteroidBelt"],"picked":"MaximisePower","floor":28},{"not_picked":["DC","MysteriousBeam+1","OpenUniverse"],"picked":"SKIP","floor":30},{"not_picked":["DC","MysteriousBeam+1"],"picked":"OpenUniverse","floor":30},{"not_picked":["UnstableBomb","ShootingEcho"],"picked":"DragonMeteor","floor":31},{"not_picked":["CollectingQuirk","FinalSpark"],"picked":"BigCrunch","floor":33},{"not_picked":["GalacticHalo","UnstableBomb"],"picked":"Singularity+1","floor":35},{"not_picked":["ChargeUpSpray","PowerUp"],"picked":"DarkSpark","floor":36}],"player_experience":1471029,"relics_obtained":[{"floor":7.0,"key":"Bronze Scales"},{"floor":9.0,"key":"PreservedInsect"},{"floor":10.0,"key":"Divine Protection"},{"floor":12.0,"key":"Grinning Jar"},{"floor":23,"key":"Pet Ghost"},{"floor":25,"key":"Torii"},{"floor":26,"key":"Simple Rune"},{"floor":30,"key":"Replay:Bottled Flurry"},{"floor":31,"key":"Girya"},{"floor":31,"key":"Gremlin Horn"}],"event_choices":[{"damage_healed":0.0,"max_hp_gain":0.0,"max_hp_loss":0.0,"gold_gain":0.0,"event_name":"Living Wall","player_choice":"Grow","floor":5.0,"gold_loss":0.0,"damage_taken":0.0,"cards_upgraded":["PropBag"]},{"damage_healed":0,"gold_gain":0,"player_choice":"Opened","damage_taken":0,"relics_obtained":["infinitespire:CheckeredPen"],"max_hp_gain":0,"max_hp_loss":0,"event_name":"The Mausoleum","floor":20,"gold_loss":0,"cards_obtained":["Writhe"]},{"damage_healed":0,"gold_gain":0,"player_choice":"Fight","damage_taken":0,"max_hp_gain":0,"max_hp_loss":0,"event_name":"Colosseum","floor":31,"gold_loss":0},{"damage_healed":0,"gold_gain":0,"player_choice":"Fought Nobs","damage_taken":0,"max_hp_gain":0,"max_hp_loss":0,"event_name":"Colosseum","floor":31,"gold_loss":0},{"damage_healed":0,"gold_gain":0,"player_choice":"Ignored","damage_taken":0,"max_hp_gain":0,"max_hp_loss":0,"event_name":"Tomb of Lord Red Mask","floor":37,"gold_loss":0}],"is_beta":false,"boss_relics":[{"not_picked":["Astrolabe","SlaversCollar"],"picked":"Sozu"},{"not_picked":["Fusion Hammer","Replay:Ancient Bell"],"picked":"Replay:Grab Bag"},{"not_picked":["infinitespire:Cupcake","Coffee Dripper"],"picked":"Philosopher\u0027s Stone"},{"not_picked":["ChewingGum","Cursed Key"],"picked":"RampagingMagicTools"},{"not_picked":["Pandora\u0027s Box","Snecko Eye"],"picked":"ExperimentalFamiliar"},{"not_picked":["Kintsugi","SacredBark"],"picked":"Black Star"}],"items_purged_floors":[],"is_endless":false,"potions_floor_spawned":[1,3,16,18,21,28,31,36,38],"killed_by":"Nightmare_Alpha","ascension_level":12}}