{"host":"6p0attdrtjqaih7v","time":1607734062,"event":{"mods":["2.2 Compatiblity","AchievementEnabler","Bard","BaseMod","Better Skull","Better Third Choice","Colored Powertips","Hermit","Highlight Path","Jorbs\u0027s Wanderer Trilogy","Key Reminder","Minty Spire (QoL Compilation)","Permanent Neow","Quick Restart","Random Character Button","Relic Stats","Replay The Spire","StSLib","The Construct"],"gold_per_floor":[117,66,141,10,20,20,48,48,74,94,114,129,129,149,149,149,149],"floor_reached":16,"playtime":733,"items_purged":["construct:Strike_Gold"],"score":189,"play_id":"ec35da45-025a-419c-a44b-164788ff5891","local_time":"20201211194742","is_ascension_mode":true,"campfire_choices":[{"data":"construct:PhosphorStorm","floor":6,"key":"SMITH"},{"data":"construct:Dampening","floor":8,"key":"SMITH"},{"floor":13,"key":"REST"},{"data":"construct:Forcefield+1","floor":15,"key":"SMITH"}],"circlet_count":0,"master_deck":["AscendersBane","construct:Strike_Gold","construct:Strike_Gold","construct:Strike_Gold","construct:Strike_Gold","construct:Defend_Gold","construct:Defend_Gold","construct:Defend_Gold","construct:Defend_Gold","construct:Defend_Gold","construct:AttackMode","construct:DefenseMode","construct:Dampening+1","construct:PhosphorStorm+1","construct:Reinforce","construct:Accumulate","construct:SuppressiveFire","construct:Forcefield+2"],"relics":["construct:ClockworkPhoenix","Toxic Egg 2","Replay:Wax Seal"],"acts_visited":["Exordium"],"potions_floor_usage":[7,7,16],"damage_taken":[{"damage":7,"enemies":"Cultist","floor":1,"turns":4},{"damage":3,"enemies":"Small Slimes","floor":5,"turns":4},{"damage":37,"enemies":"Lagavulin","floor":7,"turns":10},{"damage":0,"enemies":"2 Louse","floor":10,"turns":4},{"damage":7,"enemies":"Looter","floor":11,"turns":3},{"damage":11,"enemies":"2 Fungi Beasts","floor":12,"turns":4},{"damage":5,"enemies":"Lots of Slimes","floor":14,"turns":5},{"damage":28,"enemies":"Hexaghost","floor":16,"turns":16}],"seed_played":"-3716018699908973430","potions_obtained":[{"floor":1,"key":"SpeedPotion"},{"floor":7,"key":"BlessingOfTheForge"},{"floor":14,"key":"PowerPotion"}],"is_trial":false,"path_per_floor":["M","$","?","$","M","R","E","R","T","M","M","M","R","M","R","B"],"character_chosen":"THE_CONSTRUCT_MOD","items_purchased":["construct:PhosphorStorm","BlessingOfTheForge"],"campfire_rested":1,"item_purchase_floors":[2,4],"current_hp_per_floor":[73,73,62,62,59,59,22,22,22,22,15,4,30,25,25,0,0],"gold":149,"neow_bonus":"TEN_PERCENT_HP_BONUS","is_daily":false,"chose_seed":false,"campfire_upgraded":3,"win_rate":0.0,"timestamp":1607734062,"path_taken":["M","?","?","$","M","R","E","R","T","M","M","M","R","M","R","BOSS"],"items_purchased_type":["Card","Potion"],"build_version":"2020-11-30","purchased_purges":1,"victory":false,"max_hp_per_floor":[88,88,88,88,88,88,88,88,88,88,88,88,88,88,88,88,88],"relic_stats":{"counters":[8,50],"obtain_stats":[{"construct:ClockworkPhoenix":0,"Toxic Egg 2":7,"Replay:Wax Seal":9},{"construct:ClockworkPhoenix":0,"Toxic Egg 2":3,"Replay:Wax Seal":3},{"construct:ClockworkPhoenix":0,"Toxic Egg 2":18,"Replay:Wax Seal":18}]},"card_choices":[{"not_picked":["construct:FlakBarrage","construct:OilSpill"],"picked":"construct:Dampening","floor":1},{"not_picked":["construct:Anticipate","construct:Stasis"],"picked":"construct:Reinforce","floor":5},{"not_picked":["construct:UnbalancingBlast","construct:ClusterMines","construct:Implosion+1"],"picked":"SKIP","floor":7},{"not_picked":["construct:CreateCores+1","construct:Boost"],"picked":"construct:Accumulate","floor":10},{"not_picked":["construct:Boost","construct:Analyze+1","construct:Chainstrike"],"picked":"SKIP","floor":11},{"not_picked":["construct:CreateCores+1","construct:HardReboot+1"],"picked":"construct:SuppressiveFire","floor":12},{"not_picked":["construct:Stasis+1","construct:SaveState+1"],"picked":"construct:Forcefield+1","floor":14}],"player_experience":813554,"relics_obtained":[{"floor":7,"key":"Toxic Egg 2"},{"floor":9,"key":"Replay:Wax Seal"}],"event_choices":[{"damage_healed":0,"gold_gain":75,"player_choice":"Gather Gold","damage_taken":11,"max_hp_gain":0,"max_hp_loss":0,"event_name":"World of Goop","floor":3,"gold_loss":0}],"is_beta":false,"boss_relics":[],"items_purged_floors":[4],"is_endless":false,"potions_floor_spawned":[1,7,14],"killed_by":"Hexaghost","ascension_level":17}}