{"host":"6z6y4ky8uzsz1dpj","time":1607816078,"event":{"mods":["2.2 Compatiblity","BaseMod","BetterRewards","Challenge The Spire","Colored Map","Hubris","Minty Spire (QoL Compilation)","Quick Restart","Replay The Spire","StSLib","The Construct","The Cursed","The Hierophant","The Necromancer","The Poker Player","The Servant 0.9.4"],"gold_per_floor":[123,73,89,116,197,228,107,151,151,151,51,51,88,66,66,168,168,156,181,189,189],"floor_reached":20,"playtime":649,"items_purged":["Strike_G","Strike_G"],"score":238,"play_id":"dc29c84e-0a86-4a4e-8f76-3719222c456e","local_time":"20201212183438","is_ascension_mode":true,"campfire_choices":[{"floor":12,"key":"REST"},{"data":"Specialist","floor":15,"key":"SMITH"}],"circlet_count":0,"master_deck":["Strike_G","Strike_G","Defend_G","Defend_G","Defend_G","Defend_G","Defend_G","Survivor","Neutralize","Specialist+1","Noxious Fumes","Bouncing Flask","Dodge and Roll","Noxious Fumes+1","hubris:SlightOfHand","Poisoned Stab","Escape Plan","Adrenaline"],"relics":["Ring of the Snake","Peace Pipe","Replay:Bandana","Replay:Wax Seal","Replay:Bottled Steam","PreservedInsect","construct:WeddingRing"],"acts_visited":["Exordium","TheCity"],"potions_floor_usage":[6,8,8],"damage_taken":[{"damage":10,"enemies":"Cultist","floor":1,"turns":4},{"damage":0,"enemies":"2 Louse","floor":3,"turns":4},{"damage":3,"enemies":"Jaw Worm","floor":4,"turns":3},{"damage":10,"enemies":"Lagavulin","floor":6,"turns":5},{"damage":12,"enemies":"Gremlin Nob","floor":8,"turns":4},{"damage":13,"enemies":"Lagavulin","floor":13,"turns":5},{"damage":0,"enemies":"Looter","floor":14,"turns":4},{"damage":5,"enemies":"Hexaghost","floor":16,"turns":8},{"damage":14,"enemies":"2 Thieves","floor":18,"turns":4},{"damage":2,"enemies":"Shell Parasite","floor":19,"turns":6},{"damage":40,"enemies":"Cultist and Chosen","floor":20,"turns":4}],"seed_played":"-4333461644733178976","potions_obtained":[{"floor":1,"key":"DistilledChaos"},{"floor":4,"key":"EssenceOfSteel"},{"floor":6,"key":"Explosive Potion"},{"floor":19,"key":"Energy Potion"}],"is_trial":false,"path_per_floor":["M","?","M","M","?","E","$","E","T","?","$","R","E","M","R","B",null,"M","M","M"],"character_chosen":"THE_SILENT","items_purchased":["Specialist","Replay:Bandana","Poisoned Stab"],"campfire_rested":1,"item_purchase_floors":[0,0,7],"current_hp_per_floor":[60,60,60,57,29,19,19,7,7,7,7,28,15,15,15,10,55,41,39,0,0],"gold":189,"neow_bonus":"","is_daily":false,"chose_seed":false,"campfire_upgraded":1,"win_rate":0.0,"timestamp":1607816078,"path_taken":["M","?","M","M","?","E","$","E","T","?","$","R","E","M","R","BOSS","M","M","M"],"items_purchased_type":["Card","Relic","Card"],"build_version":"2020-11-30","purchased_purges":2,"victory":false,"max_hp_per_floor":[70,70,70,70,70,70,70,70,70,70,70,70,70,70,70,70,70,70,70,70,70],"card_choices":[{"not_picked":["Riddle With Holes","Bane"],"picked":"Noxious Fumes","floor":1},{"not_picked":["Eviscerate","Dagger Spray"],"picked":"Bouncing Flask","floor":3},{"not_picked":["Underhanded Strike","Reflex"],"picked":"Dodge and Roll","floor":4},{"not_picked":["Well Laid Plans","Hidden Blade"],"picked":"Noxious Fumes","floor":5},{"not_picked":["Underhanded Strike","Expertise"],"picked":"hubris:SlightOfHand","floor":6},{"not_picked":["hubris:SlightOfHand","All Out Attack","ReplayTheSpireMod:From All Sides"],"picked":"SKIP","floor":8},{"not_picked":["Dagger Spray","Acrobatics"],"picked":"Escape Plan","floor":13},{"not_picked":["Finisher","Endless Agony","Dagger Spray"],"picked":"SKIP","floor":14},{"not_picked":["Storm of Steel","Die Die Die"],"picked":"Adrenaline","floor":16},{"not_picked":["Heel Hook","PiercingWail","Bane"],"picked":"SKIP","floor":18},{"not_picked":["Sucker Punch","PiercingWail","Acrobatics+1"],"picked":"SKIP","floor":19}],"player_experience":178774,"relics_obtained":[{"floor":6,"key":"Replay:Wax Seal"},{"floor":8,"key":"Replay:Bottled Steam"},{"floor":13,"key":"PreservedInsect"}],"event_choices":[{"cards_removed":["Strike_G"],"damage_healed":0,"gold_gain":0,"player_choice":"Card Removal","damage_taken":0,"max_hp_gain":0,"max_hp_loss":0,"event_name":"The Cleric","floor":2,"gold_loss":50}],"is_beta":false,"boss_relics":[{"not_picked":["Ectoplasm","hubris:Stopwatch"],"picked":"construct:WeddingRing"}],"items_purged_floors":[7,11],"is_endless":false,"potions_floor_spawned":[1,4,6,19],"killed_by":"Cultist and Chosen","ascension_level":5}}