{"host":"aeidq2c3auzxo1yh","time":1607744839,"event":{"mods":["AchievementEnabler","BaseMod","Colored Map","Colored Powertips","Minty Spire (QoL Compilation)","Relic Stats","StSLib"],"gold_per_floor":[111,122,138,138,138,172,172,242,242,277,277,288,307,357,357,357,357],"floor_reached":16,"playtime":727,"items_purged":[],"score":224,"play_id":"0db1a549-e4e1-4800-86c7-557df14118e1","local_time":"20201212084718","is_ascension_mode":true,"campfire_choices":[{"data":"Bash","floor":7,"key":"SMITH"},{"floor":11,"key":"REST"},{"data":"Clothesline","floor":15,"key":"SMITH"}],"circlet_count":0,"master_deck":["AscendersBane","Strike_R","Strike_R","Strike_R","Strike_R","Defend_R","Defend_R+1","Defend_R","Defend_R","Bash+1","Clothesline+1","Combust","Flex+1","Whirlwind","True Grit","Wild Strike","Reaper","Rage"],"relics":["Burning Blood","SsserpentHead","War Paint","Orichalcum","Kunai","Golden Idol"],"acts_visited":["Exordium"],"potions_floor_usage":[6,6,10],"damage_taken":[{"damage":14,"enemies":"Jaw Worm","floor":1,"turns":4},{"damage":3,"enemies":"Cultist","floor":2,"turns":4},{"damage":4,"enemies":"Small Slimes","floor":3,"turns":4},{"damage":27,"enemies":"3 Sentries","floor":6,"turns":7},{"damage":28,"enemies":"Exordium Wildlife","floor":8,"turns":4},{"damage":13,"enemies":"Lagavulin","floor":10,"turns":6},{"damage":11,"enemies":"Looter","floor":12,"turns":3},{"damage":21,"enemies":"Exordium Thugs","floor":13,"turns":4},{"damage":41,"enemies":"The Guardian","floor":16,"turns":10}],"seed_played":"-6108189002083769625","potions_obtained":[{"floor":1,"key":"Explosive Potion"},{"floor":2,"key":"LiquidMemories"},{"floor":6,"key":"EssenceOfSteel"}],"is_trial":false,"path_per_floor":["M","M","M","?","?","E","R","M","T","E","R","M","M","?","R","B"],"character_chosen":"IRONCLAD","items_purchased":[],"campfire_rested":1,"item_purchase_floors":[],"current_hp_per_floor":[67,70,72,65,65,44,44,22,22,15,39,34,35,35,35,0,0],"gold":357,"neow_bonus":"TEN_PERCENT_HP_BONUS","is_daily":false,"chose_seed":false,"campfire_upgraded":2,"win_rate":0.0,"timestamp":1607744838,"path_taken":["M","M","M","?","?","E","R","?","T","E","R","M","M","?","R","BOSS"],"items_purchased_type":[],"build_version":"2020-11-30","purchased_purges":0,"victory":false,"max_hp_per_floor":[82,82,82,82,82,82,82,82,82,82,82,82,82,74,74,74,74],"relic_stats":{"SsserpentHead":100,"counters":[9,46],"Golden Idol":0,"Kunai":[2],"War Paint":["Flex","Defend_R"],"Orichalcum":[60],"obtain_stats":[{"SsserpentHead":5,"Golden Idol":14,"Kunai":10,"War Paint":6,"Orichalcum":9,"Burning Blood":0},{"SsserpentHead":3,"Golden Idol":8,"Kunai":6,"War Paint":4,"Orichalcum":5,"Burning Blood":0},{"SsserpentHead":12,"Golden Idol":36,"Kunai":29,"War Paint":19,"Orichalcum":23,"Burning Blood":0}],"Burning Blood":48},"card_choices":[{"not_picked":["Searing Blow","Flex"],"picked":"Clothesline","floor":1},{"not_picked":["Havoc","Pommel Strike"],"picked":"Combust","floor":2},{"not_picked":["Headbutt","Clothesline"],"picked":"Flex","floor":3},{"not_picked":["Havoc","Flex"],"picked":"Whirlwind","floor":6},{"not_picked":["Pommel Strike","Clothesline"],"picked":"True Grit","floor":8},{"not_picked":["Warcry","Sentinel"],"picked":"Wild Strike","floor":10},{"not_picked":["Flex","Body Slam"],"picked":"Reaper","floor":12},{"not_picked":["Cleave","Warcry"],"picked":"Rage","floor":13}],"player_experience":845384,"relics_obtained":[{"floor":6,"key":"War Paint"},{"floor":9,"key":"Orichalcum"},{"floor":10,"key":"Kunai"}],"event_choices":[{"cards_removed":["Strike_R"],"damage_healed":0,"gold_gain":0,"player_choice":"Card Removal","damage_taken":7,"max_hp_gain":0,"max_hp_loss":0,"event_name":"Golden Wing","floor":4,"gold_loss":0},{"damage_healed":0,"gold_gain":0,"player_choice":"Trade","damage_taken":0,"relics_obtained":["SsserpentHead"],"max_hp_gain":0,"max_hp_loss":0,"event_name":"FaceTrader","floor":5,"gold_loss":0},{"damage_healed":0,"gold_gain":0,"player_choice":"Lose Max HP","damage_taken":0,"relics_obtained":["Golden Idol"],"max_hp_gain":0,"max_hp_loss":8,"event_name":"Golden Idol","floor":14,"gold_loss":0}],"is_beta":false,"boss_relics":[],"items_purged_floors":[],"is_endless":false,"potions_floor_spawned":[1,2,3,6],"killed_by":"The Guardian","ascension_level":20}}