{"host":"kw4o7b3ro2ktmmbe","time":1607751124,"event":{"mods":["BaseMod","Minty Spire (QoL Compilation)","StSLib","The Death Knight","Treasure Hunter"],"gold_per_floor":[129,129,129,229,246,246,263,275,275,275,290,305,318,4,4,100,100,114,124,124,124,124],"floor_reached":21,"playtime":7864,"items_purged":[],"score":173,"play_id":"d1734863-9718-4049-9d70-729bbd6ab80c","local_time":"20201212183204","is_ascension_mode":false,"campfire_choices":[{"data":"DeathKnight:RuneStrike","floor":6,"key":"SMITH"},{"data":"DeathKnight:DancingRuneblade","floor":10,"key":"SMITH"},{"data":"TH:Mimic","floor":15,"key":"SMITH"}],"circlet_count":0,"master_deck":["DeathKnight:Strike_DeathKnight","DeathKnight:Strike_DeathKnight","DeathKnight:Strike_DeathKnight","DeathKnight:Strike_DeathKnight","DeathKnight:Strike_DeathKnight","DeathKnight:Defend_DeathKnight","DeathKnight:Defend_DeathKnight","DeathKnight:Defend_DeathKnight","DeathKnight:Defend_DeathKnight","DeathKnight:Defend_DeathKnight","DeathKnight:RuneTap","DeathKnight:RuneStrike+1","DeathKnight:IcyTouch","DeathKnight:FesteringStrike","DeathKnight:DancingRuneblade+1","DeathKnight:Marrowrend","TH:Mimic+1","DeathKnight:Defile","DeathKnight:UnholyPresence","TH:BikiniMail","DeathKnight:UnholyExperiment","DeathKnight:BloodBoil+1","DeathKnight:ShatteringStrikes"],"relics":["Snecko Eye","Letter Opener","DeathKnight:PutricidesVial","DeathKnight:AbominationHead","Philosopher\u0027s Stone"],"acts_visited":["Exordium","TheCity"],"potions_floor_usage":[16,16,16,21,21],"damage_taken":[{"damage":6,"enemies":"Jaw Worm","floor":1,"turns":4},{"damage":3,"enemies":"Small Slimes","floor":5,"turns":5},{"damage":1,"enemies":"Cultist","floor":7,"turns":3},{"damage":11,"enemies":"3 Louse","floor":8,"turns":3},{"damage":6,"enemies":"Looter","floor":11,"turns":3},{"damage":0,"enemies":"Blue Slaver","floor":12,"turns":2},{"damage":0,"enemies":"2 Fungi Beasts","floor":13,"turns":2},{"damage":14,"enemies":"The Guardian","floor":16,"turns":6},{"damage":3,"enemies":"Chosen","floor":18,"turns":4},{"damage":55,"enemies":"3 Byrds","floor":19,"turns":4},{"damage":27,"enemies":"3 Cultists","floor":21,"turns":3}],"seed_played":"-2577395782558412996","potions_obtained":[{"floor":5,"key":"Weak Potion"},{"floor":8,"key":"SneckoOil"},{"floor":12,"key":"SpeedPotion"},{"floor":13,"key":"DeathKnight:RunicPotion"},{"floor":16,"key":"Ancient Potion"}],"is_trial":false,"path_per_floor":["M","?","?","?","M","R","M","M","T","R","M","M","M","$","R","B",null,"M","M","?","M"],"character_chosen":"DEATH_KNIGHT","items_purchased":["DeathKnight:AbominationHead"],"campfire_rested":0,"item_purchase_floors":[14],"current_hp_per_floor":[69,66,71,71,68,68,67,56,56,56,50,50,50,50,50,36,80,77,22,22,0,0],"gold":124,"neow_bonus":"BOSS_RELIC","is_daily":false,"chose_seed":false,"campfire_upgraded":3,"win_rate":0.0,"timestamp":1607751124,"path_taken":["M","?","?","?","M","R","M","M","T","R","M","M","M","$","R","BOSS","M","?","?","M"],"items_purchased_type":["Relic"],"build_version":"2020-11-30","purchased_purges":0,"victory":false,"max_hp_per_floor":[75,75,80,80,80,80,80,80,80,80,80,80,80,80,80,80,80,80,80,80,80,80],"card_choices":[{"not_picked":["DeathKnight:DreadStrike","DeathKnight:RunicCorruption"],"picked":"DeathKnight:IcyTouch","floor":1},{"not_picked":["DeathKnight:DeathRune","DeathKnight:PathOfFrost"],"picked":"DeathKnight:FesteringStrike","floor":5},{"not_picked":["DeathKnight:BloodPact","DeathKnight:Contagion"],"picked":"DeathKnight:DancingRuneblade","floor":7},{"not_picked":["DeathKnight:BloodBoil","DeathKnight:FrosPresence"],"picked":"DeathKnight:Marrowrend","floor":8},{"not_picked":["TH:CopperCoins"],"picked":"TH:Mimic","floor":9},{"not_picked":["DeathKnight:MindFreeze","DeathKnight:Parry"],"picked":"DeathKnight:Defile","floor":11},{"not_picked":["DeathKnight:DeathGrip","DeathKnight:RuneShock","DeathKnight:Ossuary"],"picked":"SKIP","floor":12},{"not_picked":["DeathKnight:ChainsOfIce","DeathKnight:DeathRune"],"picked":"DeathKnight:UnholyPresence","floor":13},{"not_picked":["TH:EnergyPotion"],"picked":"TH:BikiniMail","floor":16},{"not_picked":["DeathKnight:SindragosasBreath","DeathKnight:BoneStorm"],"picked":"DeathKnight:UnholyExperiment","floor":16},{"not_picked":["DeathKnight:HartStrike","DeathKnight:BoneSpear+1"],"picked":"DeathKnight:BloodBoil+1","floor":18},{"not_picked":["DeathKnight:IcyTouch","DeathKnight:DeathAndDecay"],"picked":"DeathKnight:ShatteringStrikes","floor":19}],"player_experience":1726552,"relics_obtained":[{"floor":9,"key":"DeathKnight:PutricidesVial"}],"event_choices":[{"damage_healed":0,"gold_gain":0,"player_choice":"Success","damage_taken":3,"relics_obtained":["Letter Opener"],"max_hp_gain":0,"max_hp_loss":0,"event_name":"Scrap Ooze","floor":2,"gold_loss":0},{"damage_healed":0,"gold_gain":0,"player_choice":"Donut","damage_taken":0,"max_hp_gain":5,"max_hp_loss":0,"event_name":"Big Fish","floor":3,"gold_loss":0},{"damage_healed":0,"gold_gain":100,"player_choice":"Pray","damage_taken":0,"max_hp_gain":0,"max_hp_loss":0,"event_name":"Golden Shrine","floor":4,"gold_loss":0}],"is_beta":false,"boss_relics":[{"not_picked":["Velvet Choker","Pandora\u0027s Box"],"picked":"Philosopher\u0027s Stone"}],"items_purged_floors":[],"is_endless":false,"potions_floor_spawned":[5,8,12,13,16],"killed_by":"3 Cultists","ascension_level":0}}