{"host":"grblgsn3zizbz04e","time":1607800477,"event":{"mods":["BaseMod","BetterRewards","Colored Map","Colored Powertips","Googly Eyes","Minty Spire (QoL Compilation)","Rare Cards Sparkle","Relic Stats","Shop Mod","StSLib"],"gold_per_floor":[113,188,148,158,83,110,128,128,204,204,217,228,4,24,24,123,123,134,34,34,31,42,42,42,42,65,65,85,85,97,97,97],"floor_reached":31,"playtime":880,"items_purged":["Strike_G","Strike_G"],"score":312,"play_id":"2b38fd30-7ee3-424f-aca4-8adfff760022","local_time":"20201212191437","is_ascension_mode":false,"campfire_choices":[{"data":"Footwork","floor":8.0,"key":"SMITH"},{"data":"All Out Attack","floor":10.0,"key":"SMITH"},{"data":"Noxious Fumes","floor":15.0,"key":"SMITH"},{"data":"Envenom","floor":23.0,"key":"SMITH"},{"data":"Night Terror","floor":25.0,"key":"SMITH"},{"data":"Footwork","floor":29.0,"key":"SMITH"}],"circlet_count":0,"master_deck":["Strike_G","Defend_G","Defend_G","Defend_G","Defend_G","Defend_G","Survivor","Neutralize","Dash","All Out Attack+1","Footwork+1","Noxious Fumes+1","Leg Sweep","Envenom+1","Deadly Poison+1","Night Terror+1","Footwork+1","Bandage Up","Dodge and Roll+1"],"relics":["Ring of the Snake","WingedGreaves","NeowsBlessing","Ancient Tea Set","Paper Crane","Lee\u0027s Waffle","Runic Pyramid","Tiny Chest"],"acts_visited":["Exordium","TheCity"],"potions_floor_usage":[],"damage_taken":[{"damage":0.0,"enemies":"Cultist","floor":1.0,"turns":1.0},{"damage":0.0,"enemies":"Small Slimes","floor":4.0,"turns":1.0},{"damage":0.0,"enemies":"3 Sentries","floor":6.0,"turns":1.0},{"damage":0.0,"enemies":"Jaw Worm","floor":7.0,"turns":1.0},{"damage":0.0,"enemies":"Looter","floor":11.0,"turns":1.0},{"damage":0.0,"enemies":"Large Slime","floor":12.0,"turns":7.0},{"damage":0.0,"enemies":"Red Slaver","floor":14.0,"turns":3.0},{"damage":0.0,"enemies":"The Guardian","floor":16.0,"turns":12.0},{"damage":6.0,"enemies":"Spheric Guardian","floor":18.0,"turns":8.0},{"damage":3.0,"enemies":"2 Thieves","floor":21.0,"turns":4.0},{"damage":33.0,"enemies":"3 Cultists","floor":22.0,"turns":6.0},{"damage":5.0,"enemies":"Snecko","floor":28.0,"turns":5.0},{"damage":0.0,"enemies":"Chosen and Byrds","floor":30.0,"turns":6.0},{"damage":0,"enemies":"Slavers","floor":31,"turns":1}],"seed_played":"610139447433008915","potions_obtained":[{"floor":1.0,"key":"EntropicBrew"},{"floor":3.0,"key":"AttackPotion"},{"floor":3.0,"key":"SpeedPotion"},{"floor":21.0,"key":"Regen Potion"},{"floor":22.0,"key":"SteroidPotion"},{"floor":28.0,"key":"BlessingOfTheForge"}],"is_trial":false,"path_per_floor":["M","?","?","M","$","E","M","R","T","R","M","M","$","M","R","B",null,"M","$","?","M","M","R","?","R","T","?","M","R","M","E"],"character_chosen":"THE_SILENT","items_purchased":["Lee\u0027s Waffle","Noxious Fumes"],"campfire_rested":0,"item_purchase_floors":[13,13],"current_hp_per_floor":[70,59,59,59,59,59,59,59,59,59,59,59,77,77,77,77,77,71,71,71,68,35,35,35,35,35,35,48,48,52,52,52],"gold":97,"neow_bonus":"RANDOM_COMMON_RELIC","is_daily":false,"chose_seed":false,"campfire_upgraded":6,"win_rate":0.0,"timestamp":1607800477,"path_taken":["M","?","?","?","?","E","?","R","T","R","M","M","$","M","R","BOSS","M","$","?","M","M","R","?","R","T","?","M","R","?","E"],"items_purchased_type":["Relic","Card"],"build_version":"2020-11-30","purchased_purges":2,"victory":false,"max_hp_per_floor":[70,70,70,70,70,70,70,70,70,70,70,70,77,77,77,77,77,77,77,77,77,77,77,77,77,77,77,77,77,77,77,77],"relic_stats":{"Lee\u0027s Waffle":18,"counters":[14,57],"Tiny Chest":0,"obtain_stats":[{"Centennial Puzzle":0,"Lee\u0027s Waffle":13,"NeowsBlessing":0,"Tiny Chest":26,"WingedGreaves":2,"Paper Crane":9,"Ancient Tea Set":6,"Ring of the Snake":0,"Runic Pyramid":17},{"Centennial Puzzle":0,"Lee\u0027s Waffle":6,"NeowsBlessing":0,"Tiny Chest":11,"WingedGreaves":1,"Paper Crane":4,"Ancient Tea Set":3,"Ring of the Snake":0,"Runic Pyramid":8},{"Centennial Puzzle":0,"Lee\u0027s Waffle":12,"NeowsBlessing":0,"Tiny Chest":45,"WingedGreaves":1,"Paper Crane":4,"Ancient Tea Set":3,"Ring of the Snake":0,"Runic Pyramid":27}],"Ring of the Snake":[28]},"card_choices":[{"not_picked":["Infinite Blades","Cloak And Dagger"],"picked":"Dash","floor":1.0},{"not_picked":["Calculated Gamble","Bane","Choke"],"picked":"SKIP","floor":4.0},{"not_picked":["Envenom","Cloak And Dagger"],"picked":"All Out Attack","floor":6.0},{"not_picked":["Dagger Throw","Flying Knee"],"picked":"Footwork","floor":7.0},{"not_picked":["Endless Agony","Bane","PiercingWail"],"picked":"SKIP","floor":11.0},{"not_picked":["Endless Agony","Backflip","Terror"],"picked":"SKIP","floor":12.0},{"not_picked":["Flying Knee","Eviscerate"],"picked":"Leg Sweep","floor":14.0},{"not_picked":["Adrenaline","Glass Knife"],"picked":"Envenom","floor":16.0},{"not_picked":["Outmaneuver+1","Skewer+1"],"picked":"Deadly Poison+1","floor":18.0},{"not_picked":["Flying Knee","Well Laid Plans","Flechettes"],"picked":"SKIP","floor":21.0},{"not_picked":["Dagger Throw","Endless Agony","Blade Dance"],"picked":"SKIP","floor":22.0},{"not_picked":["Quick Slash+1","Deflect","Reflex"],"picked":"SKIP","floor":28.0},{"not_picked":["Reflex+1","Underhanded Strike+1"],"picked":"Dodge and Roll+1","floor":30.0}],"player_experience":717146,"relics_obtained":[{"floor":6.0,"key":"Ancient Tea Set"},{"floor":9.0,"key":"Paper Crane"},{"floor":26.0,"key":"Tiny Chest"}],"event_choices":[{"damage_healed":0.0,"max_hp_gain":0.0,"max_hp_loss":0.0,"gold_gain":75.0,"event_name":"World of Goop","player_choice":"Gather Gold","floor":2.0,"gold_loss":0.0,"damage_taken":11.0},{"damage_healed":0.0,"max_hp_gain":0.0,"max_hp_loss":0.0,"gold_gain":0.0,"event_name":"The Woman in Blue","player_choice":"Bought 3 Potions","floor":3.0,"gold_loss":0.0,"damage_taken":0.0},{"damage_healed":0.0,"max_hp_gain":0.0,"max_hp_loss":0.0,"gold_gain":0.0,"cards_transformed":["Strike_G","Strike_G"],"event_name":"Drug Dealer","player_choice":"Became Test Subject","floor":20.0,"gold_loss":0.0,"damage_taken":0.0,"cards_obtained":["Night Terror","Footwork"]},{"damage_healed":0.0,"max_hp_gain":0.0,"max_hp_loss":0.0,"gold_gain":0.0,"event_name":"Ghosts","player_choice":"Ignored","floor":24.0,"gold_loss":0.0,"damage_taken":0.0},{"damage_healed":0.0,"max_hp_gain":0.0,"max_hp_loss":0.0,"gold_gain":0.0,"event_name":"Match and Keep!","player_choice":"1 cards matched","floor":27.0,"gold_loss":0.0,"damage_taken":0.0,"cards_obtained":["Bandage Up"]}],"is_beta":false,"boss_relics":[{"not_picked":["Tiny House","Runic Dome"],"picked":"Runic Pyramid"}],"items_purged_floors":[5,19],"is_endless":false,"potions_floor_spawned":[1,4,7,16,21,22,28,30],"killed_by":"Slavers","ascension_level":0}}