{"host":"diimjn7l8zzl9nqr","time":1607738560,"event":{"mods":["BaseMod","DeckTracker","Keyboard Shortcuts","Minty Spire (QoL Compilation)","Permanent Neow","Quick Restart","StSLib","SuperFastMode"],"gold_per_floor":[117,117,127,144,158,158,176,211,211,233,247,197,215,143,143,244,244,256,256,267,267,280,280,280,280,280,240,165,165,165],"floor_reached":29,"playtime":983,"items_purged":[],"score":236,"play_id":"c62f6a30-d66b-4019-aa81-8aa8f9cbc097","local_time":"20201212110240","is_ascension_mode":true,"campfire_choices":[{"data":"Barricade","floor":6,"key":"SMITH"},{"floor":15,"key":"REST"},{"data":"Immolate","floor":23,"key":"SMITH"},{"data":"Flame Barrier","floor":25,"key":"SMITH"}],"circlet_count":0,"master_deck":["Strike_R","Strike_R","Strike_R","Defend_R","Defend_R","Defend_R","Defend_R","Bash","Barricade+1","Spot Weakness","Flame Barrier+1","Twin Strike","Pommel Strike","Shrug It Off","Fire Breathing","Cleave","Immolate+1","CurseOfTheBell","Impervious","Entrench"],"relics":["Burning Blood","Regal Pillow","Paper Frog","Odd Mushroom","Calling Bell","Lantern","Blue Candle","FossilizedHelix"],"acts_visited":["Exordium","TheCity"],"potions_floor_usage":[8,10,16,20],"damage_taken":[{"damage":3,"enemies":"Jaw Worm","floor":1,"turns":5},{"damage":0,"enemies":"Cultist","floor":3,"turns":5},{"damage":5,"enemies":"Small Slimes","floor":4,"turns":3},{"damage":3,"enemies":"Exordium Wildlife","floor":5,"turns":4},{"damage":14,"enemies":"2 Fungi Beasts","floor":7,"turns":4},{"damage":9,"enemies":"3 Sentries","floor":8,"turns":6},{"damage":30,"enemies":"The Mushroom Lair","floor":10,"turns":5},{"damage":19,"enemies":"Exordium Thugs","floor":11,"turns":3},{"damage":2,"enemies":"3 Louse","floor":13,"turns":5},{"damage":34,"enemies":"The Guardian","floor":16,"turns":16},{"damage":21,"enemies":"Chosen","floor":18,"turns":8},{"damage":18,"enemies":"3 Byrds","floor":20,"turns":4},{"damage":15,"enemies":"3 Cultists","floor":22,"turns":5},{"damage":71,"enemies":"Gremlin Leader","floor":29,"turns":8}],"seed_played":"3641900787297886979","potions_obtained":[{"floor":4,"key":"Weak Potion"},{"floor":5,"key":"LiquidMemories"},{"floor":8,"key":"Block Potion"},{"floor":16,"key":"PowerPotion"},{"floor":18,"key":"Swift Potion"}],"is_trial":false,"path_per_floor":["M","?","M","M","M","R","M","E","T","?","M","?","M","$","R","B",null,"M","?","M","?","M","R","?","R","T","$","?","E"],"character_chosen":"IRONCLAD","items_purchased":["Immolate","Entrench"],"campfire_rested":1,"item_purchase_floors":[14,27],"current_hp_per_floor":[80,80,80,80,80,80,72,69,69,45,32,32,36,36,75,47,80,65,50,38,38,29,29,57,57,57,57,57,0,0],"gold":165,"neow_bonus":"ONE_RANDOM_RARE_CARD","is_daily":false,"chose_seed":false,"campfire_upgraded":3,"win_rate":0.0,"timestamp":1607738560,"path_taken":["M","?","M","M","M","R","?","E","T","?","M","?","M","$","R","BOSS","M","?","M","?","?","R","?","R","T","$","?","E"],"items_purchased_type":["Card","Card"],"build_version":"2020-11-30","purchased_purges":0,"victory":false,"max_hp_per_floor":[80,80,80,80,80,80,80,80,80,80,80,80,80,80,80,80,80,80,85,85,85,85,85,85,85,85,85,85,85,85],"card_choices":[{"not_picked":["Heavy Blade","Cleave"],"picked":"Spot Weakness","floor":1},{"not_picked":["Iron Wave","Hemokinesis"],"picked":"Twin Strike","floor":3},{"not_picked":["Sword Boomerang","Sever Soul","Perfected Strike"],"picked":"SKIP","floor":4},{"not_picked":["Rupture","Infernal Blade"],"picked":"Pommel Strike","floor":5},{"not_picked":["Anger","Iron Wave"],"picked":"Shrug It Off","floor":7},{"not_picked":["Combust","Uppercut"],"picked":"Fire Breathing","floor":8},{"not_picked":["Second Wind","Sentinel"],"picked":"Cleave","floor":10},{"not_picked":["Headbutt","Hemokinesis","Sever Soul"],"picked":"SKIP","floor":11},{"not_picked":["Entrench","Reaper","Perfected Strike"],"picked":"SKIP","floor":13},{"not_picked":["Thunderclap","Headbutt+1","Infernal Blade"],"picked":"SKIP","floor":18},{"not_picked":["Carnage","Anger+1"],"picked":"Impervious","floor":20},{"not_picked":["Clash","Pummel+1","Sword Boomerang"],"picked":"SKIP","floor":22}],"player_experience":80563,"relics_obtained":[{"floor":8,"key":"Regal Pillow"},{"floor":9,"key":"Paper Frog"},{"floor":10,"key":"Odd Mushroom"},{"floor":17,"key":"Lantern"},{"floor":17,"key":"Blue Candle"},{"floor":17,"key":"FossilizedHelix"}],"event_choices":[{"damage_healed":0,"gold_gain":0,"cards_transformed":["Strike_R"],"player_choice":"Transformed","damage_taken":0,"max_hp_gain":0,"max_hp_loss":0,"event_name":"Transmorgrifier","floor":2,"gold_loss":0,"cards_obtained":["Flame Barrier"]},{"damage_healed":0,"gold_gain":0,"player_choice":"Fought Mushrooms","damage_taken":0,"max_hp_gain":0,"max_hp_loss":0,"event_name":"Mushrooms","floor":10,"gold_loss":0},{"cards_removed":["Strike_R"],"damage_healed":0,"gold_gain":0,"player_choice":"Card Removal","damage_taken":0,"max_hp_gain":0,"max_hp_loss":0,"event_name":"The Cleric","floor":12,"gold_loss":50},{"damage_healed":0,"gold_gain":0,"player_choice":"Shed Blood","damage_taken":20,"max_hp_gain":5,"max_hp_loss":0,"event_name":"Forgotten Altar","floor":19,"gold_loss":0},{"damage_healed":0,"gold_gain":0,"player_choice":"1 cards matched","damage_taken":0,"max_hp_gain":0,"max_hp_loss":0,"event_name":"Match and Keep!","floor":21,"gold_loss":0,"cards_obtained":["Corruption"]},{"damage_healed":28,"gold_gain":0,"player_choice":"Heal","damage_taken":0,"max_hp_gain":0,"max_hp_loss":0,"event_name":"The Library","floor":24,"gold_loss":0},{"cards_removed":["Corruption"],"damage_healed":0,"gold_gain":0,"player_choice":"Gave Gold","damage_taken":0,"max_hp_gain":0,"max_hp_loss":0,"event_name":"Beggar","floor":28,"gold_loss":75}],"is_beta":false,"boss_relics":[{"not_picked":["Snecko Eye","Velvet Choker"],"picked":"Calling Bell"}],"items_purged_floors":[],"is_endless":false,"potions_floor_spawned":[4,5,8,16,18],"killed_by":"Gremlin Leader","ascension_level":1}}