{"host":"jm9833yuloeli2yd","time":1607813428,"event":{"mods":["AchievementEnabler","BaseMod","Better Altar","Better Match","Better Note","Better Sensory Stone","Better Skull","Better Vampires","Colored Map","Colored Powertips","DeckTracker","Minty Spire (QoL Compilation)","Permanent Neow","Quick Restart","Replay The Spire","StSLib","SuperFastMode"],"gold_per_floor":[109,128,143,156,166,166,192,203,251,279,279,221,246,260,260,332,332,342,342,257,46,46,46,79,79,103,123,142,67,67,67,67,67],"floor_reached":32,"playtime":759,"items_purged":[],"score":490,"play_id":"f8ca162f-a318-45a8-897d-f47e0164932c","local_time":"20201212175028","is_ascension_mode":true,"campfire_choices":[{"data":"Skewer","floor":6.0,"key":"SMITH"},{"floor":11,"key":"REST"},{"data":"Envenom","floor":23,"key":"SMITH"},{"floor":25,"key":"REST"}],"circlet_count":0,"master_deck":["AscendersBane","Strike_G","Strike_G","Strike_G","Strike_G","Defend_G","Defend_G","Defend_G","Defend_G","Defend_G","Survivor","Neutralize+1","Sucker Punch","Blade Dance","Poisoned Stab","Skewer+1","Heel Hook","Dodge and Roll","Envenom+1","Escape Plan+1","ReplayTheSpireMod:Scrap Shanks","ReplayTheSpireMod:Scrap Shanks","Tools of the Trade","Backstab","Footwork","Heel Hook","Quick Slash","Bullet Time"],"relics":["Ring of the Snake","Akabeko","MealTicket","Quantum Egg","Pear","Ring of Chaos","Enchiridion","Replay:Rubber Ducky","Pen Nib","ReplayTheSpireMod:Lightbulb","Vajra"],"acts_visited":["Exordium","TheCity"],"potions_floor_usage":[10,13,16,18,24,28],"damage_taken":[{"damage":5.0,"enemies":"Cultist","floor":1.0,"turns":4.0},{"damage":2.0,"enemies":"Small Slimes","floor":2.0,"turns":4.0},{"damage":1.0,"enemies":"2 Louse","floor":3.0,"turns":3.0},{"damage":3.0,"enemies":"2 Fungi Beasts","floor":4.0,"turns":4.0},{"damage":12.0,"enemies":"Lots of Slimes","floor":5.0,"turns":4.0},{"damage":20.0,"enemies":"Gremlin Nob","floor":7.0,"turns":4.0},{"damage":0.0,"enemies":"Exordium Wildlife","floor":8.0,"turns":2.0},{"damage":12,"enemies":"3 Sentries","floor":10,"turns":10},{"damage":10,"enemies":"Gremlin Nob","floor":13,"turns":3},{"damage":0,"enemies":"Large Slime","floor":14,"turns":5},{"damage":4,"enemies":"Slime Boss","floor":16,"turns":8},{"damage":15,"enemies":"Spheric Guardian","floor":18,"turns":4},{"damage":41,"enemies":"Gremlin Leader","floor":24,"turns":6},{"damage":0,"enemies":"Shell Parasite","floor":27,"turns":6},{"damage":12,"enemies":"Snake Plant","floor":28,"turns":3},{"damage":15,"enemies":"Shelled Parasite and Fungi","floor":32,"turns":2}],"seed_played":"4647736305885542124","potions_obtained":[{"floor":1.0,"key":"SpeedPotion"},{"floor":2.0,"key":"LiquidMemories"},{"floor":10,"key":"BlessingOfTheForge"},{"floor":13,"key":"SneckoOil"},{"floor":16,"key":"BlessingOfTheForge"},{"floor":18,"key":"Energy Potion"},{"floor":27,"key":"Flashbang"}],"is_trial":false,"path_per_floor":["M","M","M","M","M","R","E","M","T","E","R","?","E","M","R_BF","B",null,"M","?","?","$","?","R","E","R","T","M","M","?","PTL","PTL","M"],"character_chosen":"THE_SILENT","items_purchased":["Footwork","Pen Nib"],"campfire_rested":2,"item_purchase_floors":[21,21],"current_hp_per_floor":[54,52,51,48,36,36,16,16,16,4,23,23,23,23,45,41,67,52,31,31,46,46,46,5,27,27,27,15,15,15,15,0,0],"gold":67,"neow_bonus":"UPGRADE_CARD","is_daily":false,"chose_seed":false,"campfire_upgraded":2,"win_rate":0.0,"timestamp":1607813428,"path_taken":["M","M","M","M","M","R","E","M","T","E","R","?","E","M","R_BF","BOSS","M","?","?","$","?","R","E","R","T","?","M","?","PTL","PTL","M"],"items_purchased_type":["Card","Relic"],"build_version":"2020-11-30","purchased_purges":0,"victory":false,"max_hp_per_floor":[66,66,66,66,66,66,66,66,66,66,66,66,76,76,76,76,76,76,76,76,76,76,76,76,76,76,76,76,76,76,76,76,76],"card_choices":[{"not_picked":["Toxin Wave","PiercingWail"],"picked":"Sucker Punch","floor":1.0},{"not_picked":["Blur","Quick Slash"],"picked":"Blade Dance","floor":2.0},{"not_picked":["Escape Plan","Acrobatics"],"picked":"Poisoned Stab","floor":3.0},{"not_picked":["Calculated Gamble","Fluid Movement"],"picked":"Skewer","floor":4.0},{"not_picked":["Prepared","Finisher"],"picked":"Heel Hook","floor":5.0},{"not_picked":["ReplayTheSpireMod:Scrap Shanks","Flying Knee"],"picked":"Dodge and Roll","floor":7.0},{"not_picked":["Outmaneuver","Acrobatics"],"picked":"Envenom","floor":8.0},{"not_picked":["Underhanded Strike","PiercingWail"],"picked":"Escape Plan","floor":10},{"not_picked":["Acrobatics","PiercingWail"],"picked":"ReplayTheSpireMod:Scrap Shanks","floor":13},{"not_picked":["Sneak Up","Flying Knee"],"picked":"ReplayTheSpireMod:Scrap Shanks","floor":14},{"not_picked":["Unload","Die Die Die"],"picked":"Tools of the Trade","floor":16},{"not_picked":["Deadly Poison+1","Blade Dance"],"picked":"Backstab","floor":18},{"not_picked":["PiercingWail","Dodge and Roll+1"],"picked":"Heel Hook","floor":24},{"not_picked":["Deadly Poison","Backflip"],"picked":"Quick Slash","floor":27},{"not_picked":["Dagger Throw","Toxin Wave"],"picked":"Bullet Time","floor":28}],"player_experience":1040849,"relics_obtained":[{"floor":7.0,"key":"Akabeko"},{"floor":9.0,"key":"MealTicket"},{"floor":10,"key":"Quantum Egg"},{"floor":13,"key":"Pear"},{"floor":19,"key":"Enchiridion"},{"floor":24,"key":"ReplayTheSpireMod:Lightbulb"},{"floor":26,"key":"Vajra"}],"event_choices":[{"damage_healed":0,"gold_gain":0,"player_choice":"Left Gold","damage_taken":0,"max_hp_gain":0,"max_hp_loss":0,"event_name":"World of Goop","floor":12,"gold_loss":58},{"damage_healed":0,"gold_gain":0,"player_choice":"Obtained Book","damage_taken":21,"max_hp_gain":0,"max_hp_loss":0,"event_name":"Cursed Tome","floor":19,"gold_loss":0},{"damage_healed":0,"gold_gain":0,"player_choice":"Obtained Relic","damage_taken":0,"relics_obtained":["Replay:Rubber Ducky"],"max_hp_gain":0,"max_hp_loss":0,"event_name":"Addict","floor":20,"gold_loss":85},{"damage_healed":0,"gold_gain":0,"player_choice":"Ignored","damage_taken":0,"max_hp_gain":0,"max_hp_loss":0,"event_name":"N\u0027loth","floor":22,"gold_loss":0},{"cards_removed":["Strike_G"],"damage_healed":0,"gold_gain":0,"player_choice":"Gave Gold","damage_taken":0,"max_hp_gain":0,"max_hp_loss":0,"event_name":"Beggar","floor":29,"gold_loss":75}],"is_beta":false,"boss_relics":[{"not_picked":["Snecko Eye","Replay:Drink Me"],"picked":"Ring of Chaos"}],"items_purged_floors":[],"is_endless":false,"potions_floor_spawned":[1,2,10,13,16,18,27],"killed_by":"Shelled Parasite and Fungi","ascension_level":15}}