{"host":"zksvs3x2ysy9npnz","time":1607783944,"event":{"mods":["Aspiration","BaseMod","Beaked The Cultist","BetterRewards","Colored Map","Conspire","Duelist Mod","Halation","Highlight Path","Hubris","Infinite Spire","Jedi Mod","Minty Spire (QoL Compilation)","Permanent Neow","Quick Restart","Relic Stats","Replay The Spire","Retaliation","Shop Mod","StSLib"],"gold_per_floor":[138,152,77,57,73,103,103,132,157,157,157,157,157],"floor_reached":12,"playtime":410,"items_purged":["theDuelist:Sparks"],"score":168,"play_id":"41af7ca4-30f4-42b6-95e5-844ff77d4c43","local_time":"20201212153904","is_ascension_mode":true,"campfire_choices":[{"floor":7,"key":"REST"},{"floor":10,"key":"REST"}],"circlet_count":0,"master_deck":["theDuelist:AngelTrumpeter","theDuelist:CactusBouncer","theDuelist:CastleWalls","theDuelist:CastleWalls","theDuelist:DarkworldThorns","AscendersBane","theDuelist:Inmato","theDuelist:JerryBeansMan","theDuelist:JerryBeansMan","theDuelist:Sparks","theDuelist:RoseWitch","theDuelist:WhiteRoseDragon","theDuelist:DarkworldThorns","theDuelist:Kuribohrn"],"relics":["theDuelist:MillenniumPuzzle","theDuelist:CardPoolRelic","theDuelist:CardPoolBasicRelic","theDuelist:BoosterPackPoolRelic","theDuelist:CardPoolAddRelic","theDuelist:CardPoolMinusRelic","theDuelist:CardPoolSaveRelic","theDuelist:CardPoolOptionsRelic","hubris:BallOfYels","Unceasing Top"],"acts_visited":["Exordium"],"potions_floor_usage":[6,6,8],"damage_taken":[{"damage":1,"enemies":"Cultist","floor":1,"turns":3},{"damage":10,"enemies":"Small Slimes","floor":2,"turns":3},{"damage":0,"enemies":"Jaw Worm","floor":5,"turns":4},{"damage":32,"enemies":"Gremlin Nob","floor":6,"turns":4},{"damage":6,"enemies":"3 Sentries","floor":8,"turns":7},{"damage":60,"enemies":"Gremlin Nob","floor":12,"turns":5}],"seed_played":"-4740470531625004934","potions_obtained":[{"floor":2,"key":"theDuelist:WaterBottle"},{"floor":4,"key":"ColorlessPotion"},{"floor":6,"key":"theDuelist:FlamingBottle"}],"is_trial":false,"path_per_floor":["M","M","$","?","M","E","R","E","T","R","?","E"],"character_chosen":"THE_DUELIST","items_purchased":[],"campfire_rested":2,"item_purchase_floors":[],"current_hp_per_floor":[62,52,52,52,52,20,41,35,35,56,56,0,0],"gold":157,"neow_bonus":"RANDOM_EVENT","is_daily":false,"chose_seed":false,"campfire_upgraded":0,"win_rate":0.0,"timestamp":1607783944,"path_taken":["M","M","?","?","?","E","R","E","T","R","?","E"],"items_purchased_type":[],"build_version":"2020-11-30","purchased_purges":1,"victory":false,"max_hp_per_floor":[70,70,70,70,70,70,70,70,70,70,70,70,70],"relic_stats":{"counters":[6,24],"obtain_stats":[{"hubris:BallOfYels":6,"theDuelist:BoosterPackPoolRelic":0,"theDuelist:CardPoolMinusRelic":0,"theDuelist:CardPoolBasicRelic":0,"theDuelist:CardPoolAddRelic":0,"theDuelist:CardPoolOptionsRelic":0,"theDuelist:MillenniumPuzzle":0,"theDuelist:CardPoolSaveRelic":0,"Unceasing Top":8,"theDuelist:CardPoolRelic":0},{"hubris:BallOfYels":4,"theDuelist:BoosterPackPoolRelic":0,"theDuelist:CardPoolMinusRelic":0,"theDuelist:CardPoolBasicRelic":0,"theDuelist:CardPoolAddRelic":0,"theDuelist:CardPoolOptionsRelic":0,"theDuelist:MillenniumPuzzle":0,"theDuelist:CardPoolSaveRelic":0,"Unceasing Top":5,"theDuelist:CardPoolRelic":0},{"hubris:BallOfYels":13,"theDuelist:BoosterPackPoolRelic":0,"theDuelist:CardPoolMinusRelic":0,"theDuelist:CardPoolBasicRelic":0,"theDuelist:CardPoolAddRelic":0,"theDuelist:CardPoolOptionsRelic":0,"theDuelist:MillenniumPuzzle":0,"theDuelist:CardPoolSaveRelic":0,"Unceasing Top":19,"theDuelist:CardPoolRelic":0}],"Unceasing Top":[0]},"card_choices":[{"not_picked":["theDuelist:BotanicalLion","theDuelist:JerryBeansMan","theDuelist:CheerfulCoffin","theDuelist:TwilightRoseKnight"],"picked":"theDuelist:WhiteRoseDragon","floor":1},{"not_picked":["theDuelist:Fissure","theDuelist:GaiaMidNightSun","theDuelist:HammerShot","theDuelist:MudragonSwamp","theDuelist:WormWarlord"],"picked":"SKIP","floor":2},{"not_picked":["theDuelist:CactusBouncer","theDuelist:JerryBeansMan","theDuelist:Spore","theDuelist:WhiteRoseDragon"],"picked":"theDuelist:DarkworldThorns","floor":5},{"not_picked":["theDuelist:BattleguardKing","theDuelist:Hinotama","theDuelist:PotGreed","theDuelist:FutureFusion"],"picked":"theDuelist:Kuribohrn","floor":6},{"not_picked":["theDuelist:GilfordLegend","theDuelist:EarthGiant","theDuelist:BattleOx","theDuelist:MagicalStone","theDuelist:StrayLambs"],"picked":"SKIP","floor":8}],"player_experience":1187969,"relics_obtained":[{"floor":6,"key":"hubris:BallOfYels"},{"floor":8,"key":"Unceasing Top"}],"event_choices":[{"damage_healed":0,"gold_gain":0,"player_choice":"Bought 1 Potion","damage_taken":0,"max_hp_gain":0,"max_hp_loss":0,"event_name":"The Woman in Blue","floor":4,"gold_loss":0},{"damage_healed":0,"gold_gain":0,"player_choice":"Leave","duelist":true,"damage_taken":0,"max_hp_gain":0,"max_hp_loss":0,"event_name":"Tomb of the Nameless","floor":11,"gold_loss":0}],"is_beta":false,"boss_relics":[],"items_purged_floors":[3],"is_endless":false,"potions_floor_spawned":[2,5,6],"killed_by":"Gremlin Nob","ascension_level":19}}