{"host":"xodzlm10r37577ou","time":1607752999,"event":{"mods":["Act Like it!","BaseMod","Marisa£®ÏF”Í°°ƒß¿Ì…≥£©","Minty Spire (QoL Compilation)","Remilia£®¿Ÿ√◊¿Ú—«£©","Replay The Spire","StSLib","The Servant 0.9.4","Youmu£®ªÍ∆«—˝√Œ£©"],"gold_per_floor":[114,114,128,128,147,147,147,72,144,220,220,220,239,268,268,342,342,357,227,227,239,255,255,265,292,292,324,338,213,230,248,248,327,327,346,346,359,410,410,410,440,457,457,457,457,471,471,484,484,484,484],"floor_reached":52,"playtime":2395,"items_purged":["Strike_MRS","Looming Evil","ReplayTheSpireMod:Restless Dread"],"score":1629,"play_id":"78e7da7b-ba94-49cb-9594-eca453bc9de4","local_time":"20201212140319","is_ascension_mode":true,"campfire_choices":[{"data":"MysteriousBeam","floor":6,"key":"SMITH"},{"data":"EarthLightRay","floor":12,"key":"SMITH"},{"data":"FairyDestructionRay","floor":15,"key":"SMITH"},{"data":"IllusionStar","floor":23,"key":"SMITH"},{"data":"EventHorizon","floor":32,"key":"SMITH"},{"data":"PulseMagic","floor":40,"key":"SMITH"},{"data":"SuperNova","floor":44,"key":"SMITH"},{"data":"ManaConvection","floor":47,"key":"SMITH"}],"circlet_count":0,"master_deck":["AscendersBane","Strike_MRS","Strike_MRS","Defend_MRS","Defend_MRS","Defend_MRS","MasterSpark","UpSweep+1","FairyDestructionRay+1","GasGiant","MysteriousBeam+1","BlazeAway+1","Pot Of Greed","Pot Of Greed","EarthLightRay+1","ManaConvection+1","MilkyWay","CasketOfStar","EarthLightRay","IllusionStar+1","DarkMatter","Acceleration","Pot Of Greed","ShootingEcho+1","PulseMagic+1","DoubleSpark","BinaryStars","EventHorizon+1","SuperNova+1","IllusionStar+1","IllusionStar+1","Amnesia","MysteriousBeam+1","Flash of Steel","Parasite","Pot Of Greed","GasGiant"],"relics":["BewitchedHakkero","Coffee Dripper","Honey Jar","AmplifyWand","Grinning Jar","ReplayTheSpireMod:TigerMarble","Replay:Ancient Bell","Anchor","Quantum Egg","Lizard Tail","Nilry\u0027s Codex","Happy Flower","ReplayTheSpireMod:Ninjato","Simple Rune","Mango","ReplayTheSpireMod:Ring of Addiction","Potion Belt","White Beast Statue","ReplayTheSpireMod:Ring of Challenge","Replay:Mystery Machine","Divine Protection"],"acts_visited":["Exordium","TheCity","TheBeyond"],"potions_floor_usage":[24,50,51,51,51,51,51,51,51,51],"damage_taken":[{"damage":2,"enemies":"2 Louse","floor":1,"turns":2},{"damage":1,"enemies":"Cultist","floor":3,"turns":3},{"damage":0,"enemies":"Small Slimes","floor":5,"turns":2},{"damage":3,"enemies":"Exordium Wildlife","floor":13,"turns":2},{"damage":0,"enemies":"Lagavulin","floor":14,"turns":3},{"damage":2,"enemies":"The Guardian","floor":16,"turns":5},{"damage":0,"enemies":"Spheric Guardian","floor":18,"turns":1},{"damage":7,"enemies":"3 Byrds","floor":21,"turns":3},{"damage":0,"enemies":"Snake Plant","floor":22,"turns":2},{"damage":0,"enemies":"Snecko","floor":24,"turns":2},{"damage":0,"enemies":"Replay:Snechameleon","floor":27,"turns":3},{"damage":7,"enemies":"Centurion and Healer","floor":28,"turns":3},{"damage":0,"enemies":"Sentry and Sphere","floor":30,"turns":1},{"damage":13,"enemies":"Snecko","floor":31,"turns":4},{"damage":13,"enemies":"Champ","floor":33,"turns":4},{"damage":0,"enemies":"Orb Walker","floor":35,"turns":2},{"damage":0,"enemies":"3 Darklings","floor":37,"turns":2},{"damage":4,"enemies":"2 Orb Walkers","floor":38,"turns":2},{"damage":3,"enemies":"Nemesis","floor":41,"turns":3},{"damage":10,"enemies":"Spire Growth","floor":42,"turns":3},{"damage":25,"enemies":"Sphere and 2 Shapes","floor":46,"turns":2},{"damage":0,"enemies":"Writhing Mass","floor":48,"turns":2},{"damage":17,"enemies":"Time Eater","floor":50,"turns":5},{"damage":14,"enemies":"Replay:Hell Engine","floor":51,"turns":4}],"seed_played":"3883253149840349537","potions_obtained":[{"floor":3,"key":"PowerPotion"},{"floor":4,"key":"Explosive Potion"},{"floor":4,"key":"Flashbang"},{"floor":5,"key":"Flashbang"},{"floor":10,"key":"Death Potion"},{"floor":10,"key":"Death Potion"},{"floor":18,"key":"BottledSpark"},{"floor":24,"key":"SpeedPotion"},{"floor":28,"key":"SpeedPotion"},{"floor":37,"key":"Weak Potion"},{"floor":38,"key":"AttackPotion"},{"floor":39,"key":"BottledSpark"},{"floor":39,"key":"EntropicBrew"}],"is_trial":false,"path_per_floor":["M","?","M","?","M","R","?","$","T","?","?","R","M","E","R","B",null,"M","$","?","M","M","R","M","T","T","E","M","$","M","M","R","B",null,"M","?","M","?","?","R","E","M","T","R","?","M","R","M","R","B","B",null],"character_chosen":"MARISA","items_purchased":["IllusionStar"],"campfire_rested":0,"item_purchase_floors":[19],"current_hp_per_floor":[61,61,60,60,60,60,60,60,60,37,37,37,40,40,40,44,64,64,64,43,52,52,52,52,52,52,62,63,63,63,54,54,51,65,70,70,70,84,84,84,84,74,74,74,74,59,59,63,63,50,46],"gold":484,"neow_bonus":"DOUBLE_BOSS_RELIC","is_daily":false,"chose_seed":false,"campfire_upgraded":8,"win_rate":0.0,"timestamp":1607752999,"path_taken":["M","?","?","?","?","R","?","?","T","?","?","R","M","E","R","BOSS","M","$","?","M","M","R","M","?","T","E","M","$","M","?","R","BOSS","M","?","?","?","?","R","E","M","T","R","?","M","R","M","R","BOSS","BOSS"],"items_purchased_type":["Card"],"build_version":"2020-11-30","purchased_purges":3,"victory":true,"max_hp_per_floor":[70,70,70,70,70,70,70,70,70,70,70,70,70,70,70,70,70,70,70,70,70,70,70,70,70,70,70,70,70,70,70,70,70,70,70,70,70,84,84,84,84,84,82,82,82,80,80,80,78,78,78],"card_choices":[{"not_picked":["GalacticHalo","DarkMatter","UnstableBomb"],"picked":"FairyDestructionRay","floor":1},{"not_picked":["OneTimeOff","WitchOfGreed","NonDirectionalLaser"],"picked":"GasGiant","floor":3},{"not_picked":["OortCloud","MilkyWay","ShootingEcho"],"picked":"MysteriousBeam","floor":5},{"not_picked":["Orbital","EnergyFlow","GalacticHalo"],"picked":"EarthLightRay","floor":10},{"not_picked":["SporeBomb","6A","BlazeAway"],"picked":"ManaConvection","floor":13},{"not_picked":["SatelliteIllusion","WitchOfGreed","DC"],"picked":"MilkyWay","floor":14},{"not_picked":["StarDustReverie","CollectingQuirk","FinalSpark"],"picked":"CasketOfStar","floor":16},{"not_picked":["Lust_TH","Wrath_TH","Wraith"],"picked":"ReplayTheSpireMod:Restless Dread","floor":17},{"not_picked":["Regret","Greed_TH","Overencumbered"],"picked":"Decay","floor":17},{"not_picked":["ReplayTheSpireMod:Restless Dread","Sloth_TH","CurseOfTheBell"],"picked":"Looming Evil","floor":17},{"not_picked":["MysteriousBeam","UnstableBomb","LuminesStrike"],"picked":"EarthLightRay","floor":18},{"not_picked":["ChargeUpSpray","Orbital","OortCloud"],"picked":"DarkMatter","floor":21},{"not_picked":["StarBarrage","WitchOfGreed","Orbital"],"picked":"Acceleration","floor":22},{"not_picked":["WitchOfGreed+1","MilkyWay+1","GrandCross"],"picked":"ShootingEcho+1","floor":24},{"not_picked":["AsteroidBelt","UnstableBomb","MysteriousBeam"],"picked":"PulseMagic","floor":27},{"not_picked":["UnstableBomb","WitchLeyline","BlazeAway"],"picked":"DoubleSpark","floor":28},{"not_picked":["GrandCross","AlicesGift","DoubleSpark"],"picked":"BinaryStars","floor":30},{"not_picked":["DoubleSpark","DarkSpark","DC+1"],"picked":"EventHorizon","floor":31},{"not_picked":["BinaryStars","CasketOfStar","CollectingQuirk"],"picked":"SuperNova","floor":33},{"not_picked":["Orbital","6A","Acceleration"],"picked":"IllusionStar+1","floor":35},{"not_picked":["ShootingEcho","UnstableBomb+1","SporeBomb+1"],"picked":"IllusionStar+1","floor":37},{"not_picked":["AbsoluteMagnitude","Orbital","Occultation","OortCloud"],"picked":"SKIP","floor":41},{"not_picked":["DoubleSpark","AsteroidBelt+1","ManaConvection+1"],"picked":"MysteriousBeam+1","floor":42},{"not_picked":["ReplayUltimateDefense","Replay:Sssssssssstrike","Good Instincts"],"picked":"Flash of Steel","floor":45},{"not_picked":["DragonMeteor","WitchOfGreed+1","ChargingUp","LuminesStrike"],"picked":"SKIP","floor":46},{"not_picked":["DoubleSpark+1","LuminesStrike","GalacticHalo","Acceleration"],"picked":"SKIP","floor":48}],"player_experience":779444,"relics_obtained":[{"floor":9,"key":"AmplifyWand"},{"floor":10,"key":"Grinning Jar"},{"floor":14,"key":"ReplayTheSpireMod:TigerMarble"},{"floor":20,"key":"Nilry\u0027s Codex"},{"floor":25,"key":"Happy Flower"},{"floor":26,"key":"ReplayTheSpireMod:Ninjato"},{"floor":27,"key":"Simple Rune"},{"floor":38,"key":"Mango"},{"floor":39,"key":"ReplayTheSpireMod:Ring of Addiction"},{"floor":39,"key":"Potion Belt"},{"floor":39,"key":"White Beast Statue"},{"floor":39,"key":"ReplayTheSpireMod:Ring of Challenge"},{"floor":41,"key":"Replay:Mystery Machine"},{"floor":43,"key":"Divine Protection"}],"event_choices":[{"damage_healed":0,"gold_gain":0,"player_choice":"Upgraded","damage_taken":0,"max_hp_gain":0,"max_hp_loss":0,"event_name":"Upgrade Shrine","floor":2,"gold_loss":0,"cards_upgraded":["UpSweep"]},{"damage_healed":0,"gold_gain":0,"player_choice":"Got Potions","damage_taken":0,"max_hp_gain":0,"max_hp_loss":0,"event_name":"Lab","floor":4,"gold_loss":0},{"damage_healed":0,"gold_gain":0,"player_choice":"Ignored","damage_taken":0,"max_hp_gain":0,"max_hp_loss":0,"event_name":"Liars Game","floor":11,"gold_loss":0},{"damage_healed":0,"gold_gain":0,"player_choice":"Obtained Book","damage_taken":21,"max_hp_gain":0,"max_hp_loss":0,"event_name":"Cursed Tome","floor":20,"gold_loss":0},{"cards_removed":["Decay"],"damage_healed":0,"gold_gain":0,"player_choice":"Purged","damage_taken":0,"max_hp_gain":0,"max_hp_loss":0,"event_name":"Purifier","floor":36,"gold_loss":0},{"damage_healed":0,"gold_gain":0,"player_choice":"Fight","damage_taken":0,"max_hp_gain":0,"max_hp_loss":0,"event_name":"Mysterious Sphere","floor":38,"gold_loss":0},{"damage_healed":0,"gold_gain":0,"player_choice":"Memory 1","damage_taken":0,"max_hp_gain":0,"max_hp_loss":0,"event_name":"SensoryStone","floor":45,"gold_loss":0}],"is_beta":false,"boss_relics":[{"not_picked":["Snecko Eye","Runic Dome"],"picked":"Replay:Ancient Bell"},{"not_picked":["Juzu Bracelet","Centennial Puzzle"],"picked":"Anchor"},{"not_picked":["Mirror","Question Card"],"picked":"Quantum Egg"},{"not_picked":["Counterbalance","Incense Burner"],"picked":"Lizard Tail"},{"not_picked":["Kintsugi","Philosopher\u0027s Stone"],"picked":"BewitchedHakkero"}],"items_purged_floors":[8,19,29],"is_endless":false,"potions_floor_spawned":[3,5,18,22,24,28,37,38,41,42,46,48],"ascension_level":20}}