{"host":"p7j7o00jacnw7qzt","time":1607744922,"event":{"mods":["BaseMod","Colored Map","Colored Powertips","DeckTracker","Highlight Path","Minty Spire (QoL Compilation)","Relic Stats"],"gold_per_floor":[115,132,132,148,175,204,204,219,219,219,219,8,37,112,112,189,189,200,212,212,222,232,232],"floor_reached":22,"playtime":8837,"items_purged":[],"score":392,"play_id":"2111992c-8218-4d40-bd54-05c54e7c60b9","local_time":"20201211224842","is_ascension_mode":true,"campfire_choices":[{"data":"Armaments","floor":7.0,"key":"SMITH"},{"data":"Pommel Strike","floor":11.0,"key":"SMITH"},{"data":"Rupture","floor":15.0,"key":"SMITH"}],"circlet_count":0,"master_deck":["AscendersBane","Bash","Armaments+1","Pain","Dark Embrace","Sword Boomerang","Pommel Strike+1","Rupture+1","Reaper","Fiend Fire","Immolate","Second Wind","Reaper","Cleave","Pummel","Flame Barrier","True Grit","Sever Soul","Feed+1","Reaper","Warcry"],"relics":["Burning Blood","NeowsBlessing","WarpedTongs","Art of War","Red Skull","Gremlin Horn","Orichalcum","Pandora\u0027s Box"],"acts_visited":["Exordium","TheCity"],"potions_floor_usage":[],"damage_taken":[{"damage":0.0,"enemies":"Cultist","floor":1.0,"turns":1.0},{"damage":0.0,"enemies":"2 Louse","floor":2.0,"turns":1.0},{"damage":0.0,"enemies":"Jaw Worm","floor":4.0,"turns":1.0},{"damage":25.0,"enemies":"3 Sentries","floor":6.0,"turns":10.0},{"damage":4.0,"enemies":"3 Louse","floor":8.0,"turns":5.0},{"damage":20.0,"enemies":"Lagavulin","floor":13.0,"turns":7.0},{"damage":29.0,"enemies":"The Guardian","floor":16.0,"turns":13.0},{"damage":23.0,"enemies":"Spheric Guardian","floor":18.0,"turns":4.0},{"damage":18,"enemies":"3 Byrds","floor":19,"turns":4},{"damage":16,"enemies":"Snecko","floor":21,"turns":5},{"damage":33,"enemies":"Centurion and Healer","floor":22,"turns":6}],"seed_played":"-7977521295186562536","potions_obtained":[{"floor":1.0,"key":"Explosive Potion"},{"floor":2.0,"key":"Swift Potion"},{"floor":13.0,"key":"BlessingOfTheForge"},{"floor":16.0,"key":"Block Potion"},{"floor":22,"key":"SkillPotion"}],"is_trial":false,"path_per_floor":["M","M","?","M","T","E","R","M","T","?","R","$","E","?","R","B",null,"M","M","?","M","M"],"character_chosen":"IRONCLAD","items_purchased":["Rupture","Reaper"],"campfire_rested":0,"item_purchase_floors":[12,12],"current_hp_per_floor":[74,75,75,75,75,56,56,58,58,51,51,51,37,26,26,11,59,42,36,36,49,50,50],"gold":232,"neow_bonus":"THREE_ENEMY_KILL","is_daily":false,"chose_seed":false,"campfire_upgraded":3,"win_rate":0.0,"timestamp":1607744922,"path_taken":["M","?","?","?","?","E","R","M","T","?","R","$","E","?","R","BOSS","M","M","?","M","?"],"items_purchased_type":["Card","Card"],"build_version":"2020-11-30","purchased_purges":0,"victory":false,"max_hp_per_floor":[75,75,75,75,75,75,75,75,75,75,75,75,75,75,75,75,75,75,75,75,79,83,83],"relic_stats":{"Gremlin Horn":[3,3],"counters":[11,57],"Pandora\u0027s Box":["Second Wind","Reaper","Cleave","Pummel","Flame Barrier","True Grit","Sever Soul","Feed"],"Art of War":[10],"Orichalcum":[90],"obtain_stats":[{"NeowsBlessing":0,"Gremlin Horn":9,"Pandora\u0027s Box":17,"Art of War":5,"Orichalcum":13,"Burning Blood":0,"Red Skull":6,"WarpedTongs":3},{"NeowsBlessing":0,"Gremlin Horn":5,"Pandora\u0027s Box":7,"Art of War":3,"Orichalcum":6,"Burning Blood":0,"Red Skull":4,"WarpedTongs":2},{"NeowsBlessing":0,"Gremlin Horn":18,"Pandora\u0027s Box":38,"Art of War":3,"Orichalcum":25,"Burning Blood":0,"Red Skull":13,"WarpedTongs":2}],"Burning Blood":55,"WarpedTongs":[46]},"card_choices":[{"not_picked":["Metallicize","Warcry","Wild Strike"],"picked":"SKIP","floor":1.0},{"not_picked":["Carnage","Clothesline"],"picked":"Armaments","floor":2.0},{"not_picked":["Perfected Strike","Seeing Red"],"picked":"Dark Embrace","floor":4.0},{"not_picked":["Thunderclap","Intimidate"],"picked":"Sword Boomerang","floor":6.0},{"not_picked":["Rage","Sword Boomerang"],"picked":"Pommel Strike","floor":8.0},{"not_picked":["Feel No Pain","Pommel Strike"],"picked":"Fiend Fire","floor":13.0},{"not_picked":["Double Tap","Demon Form"],"picked":"Immolate","floor":16.0},{"not_picked":["Dropkick","Havoc","Armaments"],"picked":"SKIP","floor":18.0},{"not_picked":["Wild Strike","Seeing Red","Iron Wave"],"picked":"SKIP","floor":19},{"not_picked":["Pommel Strike","Sword Boomerang"],"picked":"Reaper","floor":21},{"not_picked":["Pommel Strike","Clothesline"],"picked":"Warcry","floor":22}],"player_experience":787911,"relics_obtained":[{"floor":5.0,"key":"Art of War"},{"floor":6.0,"key":"Red Skull"},{"floor":9.0,"key":"Gremlin Horn"},{"floor":13.0,"key":"Orichalcum"}],"event_choices":[{"damage_healed":0.0,"max_hp_gain":0.0,"max_hp_loss":0.0,"gold_gain":0.0,"event_name":"Accursed Blacksmith","player_choice":"Rummage","floor":3.0,"gold_loss":0.0,"damage_taken":0.0,"relics_obtained":["WarpedTongs"],"cards_obtained":["Pain"]},{"cards_removed":["Strike_R"],"damage_healed":0.0,"max_hp_gain":0.0,"max_hp_loss":0.0,"gold_gain":0.0,"event_name":"Golden Wing","player_choice":"Card Removal","floor":10.0,"gold_loss":0.0,"damage_taken":7.0},{"damage_healed":0.0,"max_hp_gain":0.0,"max_hp_loss":0.0,"gold_gain":75.0,"event_name":"World of Goop","player_choice":"Gather Gold","floor":14.0,"gold_loss":0.0,"damage_taken":11.0},{"damage_healed":0,"gold_gain":0,"player_choice":"Upgraded","damage_taken":0,"max_hp_gain":0,"max_hp_loss":0,"event_name":"Upgrade Shrine","floor":20,"gold_loss":0,"cards_upgraded":["Feed"]}],"is_beta":false,"boss_relics":[{"not_picked":["Cursed Key","SacredBark"],"picked":"Pandora\u0027s Box"}],"items_purged_floors":[],"is_endless":false,"potions_floor_spawned":[1,2,13,16,22],"killed_by":"Centurion and Healer","ascension_level":20}}