{"host":"3a1ypf1irl30q4k8","time":1607788319,"event":{"mods":["AchievementEnabler","BaseMod","Bestiary","Colored Map","Minty Spire (QoL Compilation)","Relic Stats"],"gold_per_floor":[110,110,129,143,153,186,43,43,123,123,123,156,174,199,199,301,301,319,319,319,336,336,362,362,378,405,421,117,117,17,50,50,50,50],"floor_reached":33,"playtime":2268,"items_purged":["Strike_P","Strike_P"],"score":377,"play_id":"3f4cfc70-72cd-44f1-9c9c-44deb8e527fe","local_time":"20201212155159","is_ascension_mode":true,"campfire_choices":[{"data":"TalkToTheHand","floor":8,"key":"SMITH"},{"data":"Halt","floor":10,"key":"SMITH"},{"floor":15,"key":"REST"},{"floor":24,"key":"REST"},{"floor":29,"key":"REST"},{"data":"TalkToTheHand","floor":32,"key":"SMITH"}],"circlet_count":0,"master_deck":["Defend_P","Defend_P","Defend_P","Defend_P","Eruption","Vigilance","BowlingBash","Tantrum","CutThroughFate","Sanctity","TalkToTheHand+1","Adaptation","Halt+1","FollowUp","MentalFortress","Wallop","ClearTheMind","Wireheading","Blasphemy","FlurryOfBlows","TalkToTheHand+1","ReachHeaven","MentalFortress+1","SandsOfTime","FearNoEvil","Evaluate","LikeWater","WaveOfTheHand+1","FearNoEvil+1"],"relics":["PureWater","Potion Belt","Unceasing Top","Orrery","Blue Candle","Dream Catcher","Tiny Chest","Black Star","Incense Burner","Lantern","Vajra","Smiling Mask","Sundial"],"acts_visited":["Exordium","TheCity"],"potions_floor_usage":[14,23,31,31,31,33],"damage_taken":[{"damage":0,"enemies":"Small Slimes","floor":1,"turns":3},{"damage":0,"enemies":"Jaw Worm","floor":3,"turns":2},{"damage":0,"enemies":"2 Louse","floor":4,"turns":1},{"damage":4,"enemies":"Looter","floor":5,"turns":3},{"damage":22,"enemies":"3 Sentries","floor":6,"turns":6},{"damage":16,"enemies":"Gremlin Nob","floor":12,"turns":3},{"damage":0,"enemies":"3 Louse","floor":13,"turns":2},{"damage":0,"enemies":"Lagavulin","floor":14,"turns":3},{"damage":23,"enemies":"The Guardian","floor":16,"turns":11},{"damage":14,"enemies":"Shell Parasite","floor":18,"turns":7},{"damage":19,"enemies":"Spheric Guardian","floor":21,"turns":3},{"damage":100035,"enemies":"Book of Stabbing","floor":23,"turns":6},{"damage":5,"enemies":"3 Cultists","floor":25,"turns":5},{"damage":1,"enemies":"Cultist and Chosen","floor":27,"turns":5},{"damage":5,"enemies":"Gremlin Leader","floor":31,"turns":4},{"damage":60,"enemies":"Automaton","floor":33,"turns":6}],"seed_played":"2580829235088810024","potions_obtained":[{"floor":5,"key":"DistilledChaos"},{"floor":6,"key":"FairyPotion"},{"floor":12,"key":"Ancient Potion"},{"floor":21,"key":"GamblersBrew"},{"floor":23,"key":"Weak Potion"},{"floor":25,"key":"CultistPotion"}],"is_trial":false,"path_per_floor":["M","?","M","M","M","E","$","R","T","R","?","E","M","E","R","B",null,"M","?","?","M","?","E","R","M","T","M","$","R","$","E","R","B"],"character_chosen":"WATCHER","items_purchased":["Orrery","Evaluate","LikeWater","Energy Potion","Fire Potion"],"campfire_rested":3,"item_purchase_floors":[7,28,28,28,28],"current_hp_per_floor":[72,72,72,72,68,46,46,46,46,46,51,35,35,35,58,35,77,63,63,63,44,44,23,46,41,41,40,40,63,63,58,58,0,0],"gold":50,"neow_bonus":"RANDOM_COMMON_RELIC","is_daily":false,"chose_seed":false,"campfire_upgraded":3,"win_rate":0.0,"timestamp":1607788319,"path_taken":["M","?","M","M","M","E","$","R","T","R","?","E","M","E","R","BOSS","M","?","?","M","?","E","R","M","T","M","$","R","$","E","R","BOSS"],"items_purchased_type":["Relic","Card","Card","Potion","Potion"],"build_version":"2020-11-30","purchased_purges":2,"victory":false,"max_hp_per_floor":[72,72,72,72,72,72,72,72,72,72,77,77,77,77,77,77,77,77,77,77,77,77,77,77,77,77,77,77,77,77,77,77,77,77],"relic_stats":{"Dream Catcher":3,"counters":[16,70],"Sundial":[0],"Blue Candle":[0],"Tiny Chest":0,"Black Star":2,"Smiling Mask":0,"obtain_stats":[{"Potion Belt":0,"Lantern":23,"Blue Candle":9,"Vajra":26,"Incense Burner":23,"Smiling Mask":31,"Dream Catcher":12,"Sundial":31,"Orrery":7,"Tiny Chest":14,"Black Star":17,"PureWater":0,"Unceasing Top":6},{"Potion Belt":0,"Lantern":12,"Blue Candle":5,"Vajra":13,"Incense Burner":12,"Smiling Mask":15,"Dream Catcher":6,"Sundial":15,"Orrery":5,"Tiny Chest":8,"Black Star":9,"PureWater":0,"Unceasing Top":5},{"Potion Belt":0,"Lantern":50,"Blue Candle":15,"Vajra":55,"Incense Burner":50,"Smiling Mask":64,"Dream Catcher":18,"Sundial":64,"Orrery":15,"Tiny Chest":23,"Black Star":34,"PureWater":0,"Unceasing Top":15}],"Unceasing Top":[2]},"card_choices":[{"not_picked":["Protect","SashWhip"],"picked":"BowlingBash","floor":1},{"not_picked":["CutThroughFate","Vengeance"],"picked":"Tantrum","floor":3},{"not_picked":["MentalFortress","FlyingSleeves"],"picked":"CutThroughFate","floor":4},{"not_picked":["BowlingBash","Crescendo","JustLucky"],"picked":"SKIP","floor":5},{"not_picked":["Vengeance","Study"],"picked":"Sanctity","floor":6},{"not_picked":["Adaptation","FearNoEvil"],"picked":"TalkToTheHand","floor":7},{"not_picked":["FollowUp","ForeignInfluence"],"picked":"Adaptation","floor":7},{"not_picked":["Consecrate","Evaluate"],"picked":"Halt","floor":7},{"not_picked":["SashWhip","Consecrate"],"picked":"FollowUp","floor":7},{"not_picked":["JustLucky","CutThroughFate"],"picked":"MentalFortress","floor":12},{"not_picked":["PathToVictory","Indignation"],"picked":"Wallop","floor":13},{"not_picked":["SandsOfTime","FollowUp"],"picked":"ClearTheMind","floor":14},{"not_picked":["FlyingSleeves","PathToVictory"],"picked":"Wireheading","floor":15},{"not_picked":["Establishment","Alpha"],"picked":"Blasphemy","floor":16},{"not_picked":["Sanctity+1","Protect+1"],"picked":"FlurryOfBlows","floor":18},{"not_picked":["DeceiveReality","Vengeance+1"],"picked":"MentalFortress+1","floor":21},{"not_picked":["BowlingBash","Brilliance","JustLucky+1"],"picked":"SKIP","floor":23},{"not_picked":["Sanctity+1","Perseverance"],"picked":"SandsOfTime","floor":25},{"not_picked":["PathToVictory","Devotion"],"picked":"FearNoEvil","floor":27},{"not_picked":["SashWhip+1","EmptyFist"],"picked":"WaveOfTheHand+1","floor":29},{"not_picked":["WindmillStrike+1","Crescendo"],"picked":"FearNoEvil+1","floor":31}],"player_experience":817367,"relics_obtained":[{"floor":6,"key":"Unceasing Top"},{"floor":9,"key":"Blue Candle"},{"floor":12,"key":"Dream Catcher"},{"floor":14,"key":"Tiny Chest"},{"floor":23,"key":"Incense Burner"},{"floor":23,"key":"Lantern"},{"floor":26,"key":"Vajra"},{"floor":31,"key":"Smiling Mask"},{"floor":31,"key":"Sundial"}],"event_choices":[{"damage_healed":0,"gold_gain":0,"player_choice":"Ignored","damage_taken":0,"max_hp_gain":0,"max_hp_loss":0,"event_name":"Shining Light","floor":2,"gold_loss":0},{"damage_healed":0,"gold_gain":0,"player_choice":"Donut","damage_taken":0,"max_hp_gain":5,"max_hp_loss":0,"event_name":"Big Fish","floor":11,"gold_loss":0},{"damage_healed":0,"gold_gain":0,"player_choice":"Read","damage_taken":0,"max_hp_gain":0,"max_hp_loss":0,"event_name":"The Library","floor":19,"gold_loss":0,"cards_obtained":["TalkToTheHand"]},{"damage_healed":0,"gold_gain":0,"cards_transformed":["Strike_P","Strike_P"],"player_choice":"Became Test Subject","damage_taken":0,"max_hp_gain":0,"max_hp_loss":0,"event_name":"Drug Dealer","floor":20,"gold_loss":0,"cards_obtained":["ReachHeaven","Crescendo"]},{"cards_removed":["Crescendo"],"damage_healed":0,"gold_gain":0,"player_choice":"Elegance","damage_taken":0,"max_hp_gain":0,"max_hp_loss":0,"event_name":"Back to Basics","floor":22,"gold_loss":0}],"is_beta":false,"boss_relics":[{"not_picked":["Cursed Key","Calling Bell"],"picked":"Black Star"}],"items_purged_floors":[28,30],"is_endless":false,"potions_floor_spawned":[5,6,12,21,23,25],"killed_by":"Automaton","ascension_level":3}}