{"host":"d1za9dvx43o9v494","time":1607782416,"event":{"mods":["2.2 Compatiblity","BaseMod","Better-Laid Plans","Colored Map","Downfall","Emptier Cage","Minty Spire (QoL Compilation)","Permanent Neow","StSLib"],"gold_per_floor":[99,131,131,131,165,179,226,76,76,76,76,76,176,195,207,310,310,310,320,320,77,77,77,103,131,56,87,87,302,402,456,473,572,572,572,572,585,460,476,509,509,535,535,570,570,616,632,644,659,659,659,692,8,8,8],"floor_reached":56,"playtime":5092,"items_purged":["champ:Strike","champ:Strike","champ:Strike","champ:Execute"],"score":1794,"play_id":"09dc1635-8b3b-4995-b70c-f9b0d5a2f85b","local_time":"20201212171336","is_ascension_mode":true,"campfire_choices":[{"floor":1,"key":"RECALL"},{"data":"champ:AdrenalArmor","floor":8,"key":"SMITH"},{"floor":10,"key":"REST"},{"data":"champ:Encircle","floor":18,"key":"SMITH"},{"data":"champ:FocusedBerserking","floor":23,"key":"SMITH"},{"data":"champ:MurderStrike","floor":26,"key":"SMITH"},{"data":"champ:CalledShot","floor":35,"key":"SMITH"},{"data":"champ:RageSigil","floor":43,"key":"SMITH"},{"data":"champ:CrookedStrike","floor":54,"key":"SMITH"}],"circlet_count":0,"master_deck":["champ:Defend","champ:Defend","champ:Defend","champ:Defend","Flash of Steel","champ:BerserkersShout","champ:AdrenalArmor+1","champ:FocusedBerserking+1","champ:Encircle+1","champ:MurderStrike+1","champ:RisingSlash+1","champ:StanceDance+1","champ:IgnorePain","champ:RageSigil+1","champ:Encircle+1","champ:RageSigil+1","champ:CalledShot+1","RitualDagger+1","champ:AdrenalArmor+1","expansioncontent:Chronoboost","Mayhem","champ:CrookedStrike+1"],"relics":["champ:ChampionCrown","Ancient Tea Set","downfall:ShatteredFragment","TungstenRod","downfall:HeartBlessingRed","downfall:HeartBlessingBlue","Turnip","downfall:GremlinWheel","Runic Pyramid","champ:BerserkersGuideToSlaughter","Vajra","Sundial","downfall:HeartBlessingGreen","Art of War","champ:BlackKnightHelmet","Letter Opener","Anchor","expansioncontent:StudyCardRelic","Blood Vial","Thread and Needle","Smiling Mask","Eternal Feather","champ:FightingForDummies","Strange Spoon","Blue Candle","champ:SpectersHand","Oddly Smooth Stone"],"acts_visited":["Exordium","TheCity","TheBeyond","TheEnding"],"potions_floor_usage":[5,5,29,55,55],"damage_taken":[{"damage":44,"enemies":"3 Sentries","floor":2,"turns":10},{"damage":0,"enemies":"Cultist","floor":4,"turns":1},{"damage":66,"enemies":"Lagavulin","floor":5,"turns":7},{"damage":16,"enemies":"Small Slimes","floor":6,"turns":3},{"damage":23,"enemies":"Small Slimes","floor":13,"turns":3},{"damage":8,"enemies":"2 Louse","floor":14,"turns":5},{"damage":19,"enemies":"2 Fungi Beasts","floor":15,"turns":4},{"damage":48,"enemies":"downfall:Silent","floor":16,"turns":6},{"damage":22,"enemies":"3 Byrds","floor":19,"turns":4},{"damage":31,"enemies":"downfall:FleeingMerchant","floor":21,"turns":4},{"damage":0,"enemies":"Chosen","floor":22,"turns":1},{"damage":34,"enemies":"Book of Stabbing","floor":25,"turns":4},{"damage":53,"enemies":"Slavers","floor":27,"turns":5},{"damage":36,"enemies":"downfall:FleeingMerchant","floor":29,"turns":4},{"damage":58,"enemies":"downfall:FleeingMerchant","floor":30,"turns":5},{"damage":24,"enemies":"Centurion and Healer","floor":32,"turns":2},{"damage":36,"enemies":"downfall:Ironclad","floor":33,"turns":4},{"damage":5,"enemies":"Orb Walker","floor":37,"turns":3},{"damage":16,"enemies":"3 Shapes","floor":39,"turns":3},{"damage":32,"enemies":"Giant Head","floor":40,"turns":3},{"damage":25,"enemies":"Nemesis","floor":42,"turns":3},{"damage":34,"enemies":"Reptomancer","floor":44,"turns":3},{"damage":54,"enemies":"Jaw Worm Horde","floor":47,"turns":5},{"damage":38,"enemies":"Writhing Mass","floor":48,"turns":3},{"damage":20,"enemies":"4 Shapes","floor":49,"turns":3},{"damage":46,"enemies":"downfall:Watcher","floor":50,"turns":4},{"damage":81,"enemies":"downfall:CharBossMerchant","floor":52,"turns":5},{"damage":101,"enemies":"downfall:NeowBoss","floor":55,"turns":10}],"seed_played":"4537355839154862507","potions_obtained":[{"floor":2,"key":"champ:TechniquePotion"},{"floor":5,"key":"SpeedPotion"},{"floor":6,"key":"champ:CounterPotion"},{"floor":15,"key":"SkillPotion"},{"floor":25,"key":"CultistPotion"},{"floor":30,"key":"DuplicationPotion"},{"floor":32,"key":"FearPotion"},{"floor":36,"key":"CultistPotion"}],"is_trial":false,"path_per_floor":["R","E","?","M","E","M","T","R","?","R","?","?","?","M","M","B",null,"R","M","?","$","M","R","T","E","R","E","?","$","?","T","M","B",null,"R","?","M","$","M","E","T","E","R","E","?","?","M","M","M","B",null,"E","$","R","B",null],"character_chosen":"THE_CHAMP","items_purchased":["champ:BerserkersGuideToSlaughter","Mayhem","champ:SpectersHand","Oddly Smooth Stone","champ:CrookedStrike"],"campfire_rested":1,"item_purchase_floors":[21,53,53,53,53],"current_hp_per_floor":[90,61,34,34,18,18,18,28,14,44,44,44,45,50,66,54,100,100,100,81,97,97,97,97,101,101,105,105,105,105,105,105,105,105,105,105,105,105,110,110,110,110,110,110,101,101,110,110,110,110,110,110,110,110,110],"gold":8,"neow_bonus":"RANDOM_COLORLESS","is_daily":false,"chose_seed":false,"campfire_upgraded":7,"win_rate":0.0,"timestamp":1607782416,"path_taken":["R","E","?","M","E","M","T","R","?","R","?","?","?","M","M","BOSS","R","M","?","$","M","R","T","E","R","E","?","$","?","?","M","BOSS","R","?","M","$","M","E","T","E","R","E","?","?","M","M","M","BOSS","E","$","R","BOSS"],"items_purchased_type":["Relic","Card","Relic","Relic","Card"],"build_version":"2020-11-30","purchased_purges":4,"victory":true,"max_hp_per_floor":[90,90,90,90,90,90,90,100,100,100,100,100,100,100,100,100,100,100,100,105,105,105,105,105,105,105,105,105,105,105,105,105,105,105,105,105,105,105,110,110,110,110,110,110,110,110,110,110,110,110,110,110,110,110,110],"card_choices":[{"not_picked":["expansioncontent:Hexaburn","expansioncontent:CaCaw"],"picked":"Flash of Steel","floor":0},{"not_picked":["champ:EndlessRage","champ:FlashCut"],"picked":"champ:BerserkersShout","floor":2},{"not_picked":["champ:FocusedGladiator","champ:SkillfulDodge"],"picked":"champ:AdrenalArmor","floor":4},{"not_picked":["champ:DefensiveShout","champ:FaceSlap","champ:Lariat"],"picked":"SKIP","floor":5},{"not_picked":["champ:DefensiveShout","champ:Lariat"],"picked":"champ:FaceSlap","floor":5},{"not_picked":["champ:SwordSigil","champ:ViciousMockery","champ:IronFortress"],"picked":"SKIP","floor":6},{"not_picked":["champ:RapidStrikes","champ:Lariat"],"picked":"champ:FocusedBerserking","floor":14},{"not_picked":["champ:Riposte","champ:SwordSigil"],"picked":"champ:Encircle","floor":15},{"not_picked":["champ:CheapShot","champ:HeavySlash"],"picked":"champ:MurderStrike","floor":16},{"not_picked":["champ:AdrenalArmor","champ:StanceDance"],"picked":"champ:RisingSlash+1","floor":19},{"not_picked":["champ:FanOfKnives","champ:HeavySlash"],"picked":"champ:StanceDance+1","floor":21},{"not_picked":["champ:ShieldSigil","champ:PerfectedStrike","champ:BringItOn"],"picked":"SKIP","floor":22},{"not_picked":["champ:IronFortress","champ:DeathBlow"],"picked":"champ:IgnorePain","floor":25},{"not_picked":["champ:FocusedGladiator","champ:Lariat+1"],"picked":"champ:RageSigil+1","floor":27},{"not_picked":["champ:BladeFlurry","champ:Balance"],"picked":"champ:Encircle+1","floor":29},{"not_picked":["champ:GladiatorStyle","champ:FanOfKnives+1"],"picked":"champ:RageSigil","floor":30},{"not_picked":["champ:DefensiveShout","champ:Backstep"],"picked":"champ:CalledShot","floor":32},{"not_picked":["champ:FalseCounter+1","champ:BerserkersShout+1"],"picked":"champ:FightOn","floor":37},{"not_picked":["champ:PerfectedStrike+1","champ:ShieldSigil","champ:FaceSlap+1"],"picked":"SKIP","floor":39},{"not_picked":["champ:SkillfulDodge","champ:ShieldSigil+1","champ:Aggression+1"],"picked":"SKIP","floor":40},{"not_picked":["champ:CrookedStrike","champ:PreciseThrust+1","champ:FocusedDefense"],"picked":"SKIP","floor":42},{"not_picked":["champ:EnGarde","champ:EnragedBash+1"],"picked":"champ:AdrenalArmor+1","floor":44},{"not_picked":["expansioncontent:Chronoboost","expansioncontent:DarkVoid"],"picked":"expansioncontent:LastStand","floor":45},{"not_picked":["expansioncontent:ChargeUp","expansioncontent:HyperBeam"],"picked":"expansioncontent:Chronoboost","floor":45},{"not_picked":["champ:DefensiveShout","champ:StanceDance","champ:CrookedStrike"],"picked":"SKIP","floor":47},{"not_picked":["champ:ShieldSigil+1","champ:PerfectedStrike","champ:TornadoPunch"],"picked":"SKIP","floor":48},{"not_picked":["champ:Circumvent","champ:Aggression","champ:PreciseThrust"],"picked":"SKIP","floor":49},{"not_picked":["champ:PreciseThrust+1","champ:TornadoPunch","champ:DefensiveShout+1"],"picked":"SKIP","floor":52}],"player_experience":583337,"relics_obtained":[{"floor":2,"key":"Ancient Tea Set"},{"floor":5,"key":"TungstenRod"},{"floor":13,"key":"downfall:GremlinWheel"},{"floor":24,"key":"Vajra"},{"floor":25,"key":"Sundial"},{"floor":27,"key":"Art of War"},{"floor":30,"key":"champ:BlackKnightHelmet"},{"floor":30,"key":"Letter Opener"},{"floor":31,"key":"Anchor"},{"floor":40,"key":"Blood Vial"},{"floor":41,"key":"Thread and Needle"},{"floor":42,"key":"Smiling Mask"},{"floor":44,"key":"Eternal Feather"},{"floor":46,"key":"champ:FightingForDummies"},{"floor":52,"key":"Strange Spoon"},{"floor":52,"key":"Blue Candle"}],"event_choices":[{"damage_healed":0,"gold_gain":0,"player_choice":"Success","damage_taken":18,"relics_obtained":["Turnip"],"max_hp_gain":0,"max_hp_loss":0,"event_name":"Scrap Ooze","floor":9,"gold_loss":0},{"damage_healed":0,"gold_gain":0,"player_choice":"Grow","damage_taken":0,"max_hp_gain":0,"max_hp_loss":0,"event_name":"Living Wall","floor":11,"gold_loss":0,"cards_upgraded":["champ:Taunt"]},{"cards_removed":["champ:Strike"],"damage_healed":0,"gold_gain":0,"player_choice":"Card Removal","damage_taken":0,"max_hp_gain":0,"max_hp_loss":0,"event_name":"The Cleric","floor":12,"gold_loss":0},{"cards_removed":["champ:FaceSlap"],"damage_healed":0,"gold_gain":0,"player_choice":"Card Removal","damage_taken":0,"max_hp_gain":0,"max_hp_loss":0,"event_name":"Wheel of Change","floor":26,"gold_loss":0},{"cards_removed":["champ:Taunt"],"damage_healed":0,"gold_gain":0,"player_choice":"Elegance","damage_taken":0,"max_hp_gain":0,"max_hp_loss":0,"event_name":"Back to Basics","floor":28,"gold_loss":0},{"damage_healed":0,"gold_gain":0,"player_choice":"Ignored","damage_taken":0,"max_hp_gain":0,"max_hp_loss":0,"event_name":"Vampires","floor":30,"gold_loss":0}],"is_beta":false,"boss_relics":[{"not_picked":["Busted Crown","Runic Dome"],"picked":"Runic Pyramid"},{"not_picked":["Snecko Eye","Calling Bell"],"picked":"expansioncontent:StudyCardRelic"}],"items_purged_floors":[21,29,38,53],"is_endless":false,"potions_floor_spawned":[2,5,6,15,25,27,30,32,33,37,40,47,48,52],"ascension_level":1}}