{"host":"9vk21r6l9dtkpvh9","time":1607791283,"event":{"mods":["2.2 Compatiblity","AchievementEnabler","Act Like it!","Astrologer","Bard","Bartender","BaseMod","Better Altar","Better Match","Better Note","Better Sensory Stone","Better Skull","Better Third Choice","CapriCore","CatGirl Mod","Colored Map","Colored Powertips","Conspire","DeckTracker","Downfall","Energized Spire","Fiend Mod","Gensokyo","GifTheSpireLib","Hermit","Hubris","Infinite Spire","Jorbs\u0027s Wanderer Trilogy","Koishi","Luminous","Mad Scientist","Marisa????????","Mimic Mod","Minty Spire (QoL Compilation)","Potionbrewer","Rare Cards Sparkle","Relic Stats","Replay The Spire","SOS???????","Shade Mod","Somnambulant","Spicy Shops","StSLib","SuperFastMode","Td1madao Mod","The Animator","The Construct","The Forsaken","The Gatherer","The Hierophant","The Immortal","The Jungle","The Mystic","The Necromancer","The Runesmith","The Senshi","The Servant 0.9.4","The Trickster","The Valiant","The Wild Card","TheBandit","TheSwordswoman","TheWitcher","WarShipGirlsR/????R mod","vexMod","???Mod??????Boss"],"gold_per_floor":[114,114,114,133,152,152,171,171,217,217,251,261,296,311,311,412,412,428,428,441,456,456,456,401,401,401,420,431,431,449,465,465,560,560,578,578,588,135,148,148,177,197,197,216,231,231,231,244,244,244,244,244,25,54,54,54],"floor_reached":55,"playtime":3472,"items_purged":["Strike_R","Defend_R"],"score":715,"play_id":"473279e5-a432-4abe-9277-ab887e2390ad","local_time":"20201212114123","is_ascension_mode":false,"campfire_choices":[{"data":"Uppercut","floor":6,"key":"SMITH"},{"data":"ReplayTheSpireMod:Stacked","floor":8,"key":"SMITH"},{"data":"Cleave","floor":10,"key":"SMITH"},{"floor":15,"key":"REST"},{"data":"Pommel Strike","floor":25,"key":"SMITH"},{"data":"infinitespire:NeuralNetwork","floor":29,"key":"SMITH"},{"data":"Shockwave","floor":32,"key":"SMITH"},{"floor":40,"key":"RECALL"},{"floor":49,"key":"REST"},{"data":"Armaments","floor":52,"key":"SMITH"}],"circlet_count":0,"master_deck":["Defend_R","Defend_R","Defend_R","Bash+1","Cleave+1","Uppercut+1","ReplayTheSpireMod:Stacked+1","Life Link","Armaments+1","Spot Weakness+1","Combust+1","Reaper+1","Heavy Blade+1","rmod:intelligenceanalysis","Pommel Strike+1","infinitespire:NeuralNetwork+1","Bite","Bite","Bite","Bite","Bite","Metallicize+1","Shockwave+1","hubris:StunningStrike","Fire Breathing+1","Armaments+1","hubris:ReadiedAction+1","ReplayTheSpireMod:Stacked+1","Burning Pact","Shrug It Off"],"relics":["Philosopher\u0027s Stone","hubris:Towel","Ornamental Fan","Chameleon Ring","vexMod:ImprovementManual","conspire:InfiniteJournal","ReplayTheSpireMod:Lightbulb","potionbrewer:ToyAutogyro","Painkiller Herb","Singing Bowl","ReplayFunnel","hubris:Teleporter","theSenshi:SuperSailorFukuRelic","theSenshi:SailorFukuRelic","ReplayTheSpireMod:Shallot"],"acts_visited":["Exordium","TheCity","TheBeyond","TheEnding"],"potions_floor_usage":[11,11,33,50,55],"damage_taken":[{"damage":0,"enemies":"Small Slimes","floor":1,"turns":3},{"damage":7,"enemies":"Jaw Worm","floor":4,"turns":2},{"damage":3,"enemies":"2 Louse","floor":5,"turns":2},{"damage":5,"enemies":"Lots of Slimes","floor":7,"turns":3},{"damage":5,"enemies":"Gremlin Nob","floor":11,"turns":4},{"damage":0,"enemies":"Blue Slaver","floor":12,"turns":4},{"damage":19,"enemies":"Lagavulin","floor":13,"turns":5},{"damage":11,"enemies":"3 Louse","floor":14,"turns":2},{"damage":32,"enemies":"Fading Forest","floor":16,"turns":11},{"damage":4,"enemies":"Chosen","floor":18,"turns":4},{"damage":25,"enemies":"Spheric Guardian","floor":20,"turns":4},{"damage":24,"enemies":"Snake Plant","floor":21,"turns":4},{"damage":10,"enemies":"Snecko","floor":27,"turns":5},{"damage":30,"enemies":"Shelled Parasite and Fungi","floor":28,"turns":8},{"damage":28,"enemies":"Snake Plant","floor":30,"turns":5},{"damage":11,"enemies":"Centurion and Healer","floor":31,"turns":7},{"damage":28,"enemies":"Champ","floor":33,"turns":17},{"damage":14,"enemies":"3 Shapes","floor":35,"turns":3},{"damage":12,"enemies":"Orb Walker","floor":37,"turns":3},{"damage":10,"enemies":"Transient","floor":39,"turns":5},{"damage":22,"enemies":"Nemesis","floor":41,"turns":7},{"damage":18,"enemies":"3 Darklings","floor":42,"turns":5},{"damage":8,"enemies":"Maw","floor":44,"turns":7},{"damage":42,"enemies":"Writhing Mass","floor":45,"turns":6},{"damage":25,"enemies":"Jaw Worm Horde","floor":48,"turns":3},{"damage":65,"enemies":"Time Eater","floor":50,"turns":10},{"damage":73,"enemies":"Shield and Spear","floor":54,"turns":8},{"damage":64,"enemies":"The Heart","floor":55,"turns":4}],"seed_played":"-2611530721882316222","potions_obtained":[{"floor":4,"key":"potionbrewer:InfectionPotion"},{"floor":5,"key":"SneckoOil"},{"floor":12,"key":"FairyPotion"},{"floor":18,"key":"BloodPotion"},{"floor":20,"key":"potionbrewer:AcidPotion"},{"floor":30,"key":"Flashbang"},{"floor":39,"key":"sneckomod:MuddlingPotion"},{"floor":42,"key":"Swift Potion"},{"floor":45,"key":"Elixir"}],"is_trial":false,"path_per_floor":["M","?","?","M","M","R","M","R","T","R","E","M","E","M","R","B",null,"M","?","M","M","AVR","?","?","R","T","M","M","R","M","M","R","B",null,"?","?","?","T","?","T","E","?","T","?","?","?","?","?","T","B",null,"T","T","E","B"],"character_chosen":"IRONCLAD","items_purchased":["Singing Bowl","Armaments","ReplayFunnel","theSenshi:SailorFukuRelic"],"campfire_rested":2,"item_purchase_floors":[38,38,38,53],"current_hp_per_floor":[80,80,80,73,70,70,65,65,65,65,60,60,41,30,54,43,80,76,76,51,32,32,32,32,32,32,37,45,45,25,36,36,40,56,47,47,51,51,55,55,45,45,45,59,38,38,38,19,36,31,59,59,59,19,0,0],"gold":54,"neow_bonus":"BOSS_RELIC","is_daily":false,"chose_seed":false,"campfire_upgraded":7,"win_rate":0.0,"timestamp":1607791283,"path_taken":["M","?","?","M","M","R","M","R","T","R","E","M","E","M","R","BOSS","M","?","M","M","AVR","?","?","R","T","M","?","R","M","M","R","BOSS","?","?","?","T","?","T","E","?","T","?","?","?","?","?","T","BOSS","T","T","E","BOSS"],"items_purchased_type":["Relic","Card","Relic","Relic"],"build_version":"2020-11-30","purchased_purges":2,"victory":false,"max_hp_per_floor":[80,80,80,80,80,80,80,80,80,80,80,80,80,80,80,80,80,80,80,80,80,80,56,56,56,56,56,56,56,56,56,56,56,56,56,56,56,56,56,56,56,58,58,60,62,62,59,59,59,59,59,59,59,59,59,59],"relic_stats":{"Singing Bowl":6,"counters":[28,151],"Ornamental Fan":[136],"obtain_stats":[{"ReplayFunnel":38,"theSenshi:SuperSailorFukuRelic":43,"hubris:Teleporter":41,"Singing Bowl":38,"Painkiller Herb":34,"hubris:Towel":3,"potionbrewer:ToyAutogyro":26,"Burning Blood":0,"conspire:InfiniteJournal":22,"Chameleon Ring":13,"ReplayTheSpireMod:Shallot":54,"Ornamental Fan":11,"Philosopher\u0027s Stone":0,"theSenshi:SailorFukuRelic":53,"ReplayTheSpireMod:Lightbulb":24,"vexMod:ImprovementManual":17},{"ReplayFunnel":19,"theSenshi:SuperSailorFukuRelic":22,"hubris:Teleporter":21,"Singing Bowl":19,"Painkiller Herb":17,"hubris:Towel":1,"potionbrewer:ToyAutogyro":12,"Burning Blood":0,"conspire:InfiniteJournal":12,"Chameleon Ring":7,"ReplayTheSpireMod:Shallot":27,"Ornamental Fan":5,"Philosopher\u0027s Stone":0,"theSenshi:SailorFukuRelic":26,"ReplayTheSpireMod:Lightbulb":12,"vexMod:ImprovementManual":9},{"ReplayFunnel":96,"theSenshi:SuperSailorFukuRelic":113,"hubris:Teleporter":108,"Singing Bowl":96,"Painkiller Herb":90,"hubris:Towel":3,"potionbrewer:ToyAutogyro":48,"Burning Blood":0,"conspire:InfiniteJournal":48,"Chameleon Ring":23,"ReplayTheSpireMod:Shallot":147,"Ornamental Fan":14,"Philosopher\u0027s Stone":0,"theSenshi:SailorFukuRelic":139,"ReplayTheSpireMod:Lightbulb":48,"vexMod:ImprovementManual":36}]},"card_choices":[{"not_picked":["ReplayReversal","ReplayTheSpireMod:Corrosion Curse"],"picked":"Cleave","floor":1},{"not_picked":["Wild Strike","Body Slam"],"picked":"Uppercut","floor":4},{"not_picked":["Second Wind","Anger"],"picked":"ReplayTheSpireMod:Stacked","floor":5},{"not_picked":["Heavy Blade","ReplayReversal"],"picked":"Life Link","floor":7},{"not_picked":["Warcry","Heavy Blade","Flex"],"picked":"SKIP","floor":11},{"not_picked":["ReplayTheSpireMod:Strike From Hell","Thunderclap"],"picked":"Armaments","floor":12},{"not_picked":["Dark Embrace","Pommel Strike"],"picked":"Spot Weakness","floor":13},{"not_picked":["Searing Blow","ReplayTheSpireMod:Muscle Training"],"picked":"Combust","floor":14},{"not_picked":["Bludgeon","Fiend Fire"],"picked":"Reaper","floor":16},{"not_picked":["Wild Strike","Thunderclap+1"],"picked":"Heavy Blade","floor":18},{"not_picked":["Body Slam+1","Wild Strike","Perfected Strike+1"],"picked":"SKIP","floor":20},{"not_picked":["Clash+1","Cleave+1"],"picked":"Pommel Strike","floor":21},{"not_picked":["Havoc","Fire Breathing"],"picked":"Metallicize+1","floor":27},{"not_picked":["Sword Boomerang","Thunderclap"],"picked":"Shockwave","floor":28},{"not_picked":["Demonic Infusion","Defy Death","Spot Weakness"],"picked":"SKIP","floor":30},{"not_picked":["Headbutt","Sword Boomerang+1","Abandon"],"picked":"SKIP","floor":31},{"not_picked":["conspire:Purge","Limit Break"],"picked":"hubris:StunningStrike","floor":33},{"not_picked":["Pommel Strike","Twin Strike+1","Clash"],"picked":"SKIP","floor":35},{"not_picked":["Intimidate+1","ReplayTheSpireMod:Corrosion Curse+1"],"picked":"Fire Breathing+1","floor":37},{"not_picked":["ReplayTheSpireMod:Strike From Hell","conspire:Charge+1"],"picked":"hubris:ReadiedAction+1","floor":39},{"not_picked":["Second Wind","Feed"],"picked":"ReplayTheSpireMod:Stacked+1","floor":41},{"not_picked":["Rampage+1","Body Slam","Perfected Strike+1"],"picked":"Singing Bowl","floor":42},{"not_picked":["Defy Death","Body Slam","Pommel Strike"],"picked":"Singing Bowl","floor":44},{"not_picked":["Spot Weakness+1","Uppercut","Pommel Strike+1"],"picked":"Singing Bowl","floor":45},{"not_picked":["Power Through","Body Slam+1"],"picked":"Burning Pact","floor":48},{"not_picked":["Sword Boomerang+1","Perfected Strike+1"],"picked":"Shrug It Off","floor":54}],"player_experience":577839,"relics_obtained":[{"floor":11,"key":"Ornamental Fan"},{"floor":13,"key":"Chameleon Ring"},{"floor":26,"key":"potionbrewer:ToyAutogyro"},{"floor":41,"key":"hubris:Teleporter"},{"floor":43,"key":"theSenshi:SuperSailorFukuRelic"},{"floor":54,"key":"ReplayTheSpireMod:Shallot"}],"event_choices":[{"damage_healed":80,"gold_gain":0,"player_choice":"Leave","damage_taken":0,"max_hp_gain":0,"max_hp_loss":80,"event_name":"betterThird:BetterShining","floor":2,"gold_loss":0},{"cards_removed":["Spot Weakness"],"damage_healed":0,"gold_gain":0,"player_choice":"Take \u0026 Give","damage_taken":0,"max_hp_gain":0,"max_hp_loss":0,"event_name":"betterNote:BetterNote","floor":19,"gold_loss":0,"cards_obtained":["rmod:intelligenceanalysis"]},{"damage_healed":0,"gold_gain":0,"player_choice":"Became a vampire","damage_taken":0,"max_hp_gain":0,"max_hp_loss":24,"event_name":"Vampires","floor":23,"gold_loss":0,"cards_obtained":["Bite","Bite","Bite","Bite","Bite"]},{"damage_healed":0,"gold_gain":0,"player_choice":"Paid Gold","damage_taken":0,"relics_obtained":["ReplayTheSpireMod:Lightbulb"],"max_hp_gain":0,"max_hp_loss":0,"event_name":"WeMeetAgain","floor":24,"gold_loss":55},{"damage_healed":0,"gold_gain":0,"player_choice":"Max HP","damage_taken":0,"max_hp_gain":0,"max_hp_loss":3,"event_name":"Winding Halls","floor":47,"gold_loss":0}],"is_beta":false,"boss_relics":[{"not_picked":["Replay:Ancient Bell","conspire:SlowCooker"],"picked":"vexMod:ImprovementManual"},{"not_picked":["Runesmith:UraniumAnvil","Kintsugi"],"picked":"Painkiller Herb"}],"items_purged_floors":[22,53],"is_endless":false,"potions_floor_spawned":[4,5,12,18,20,30,39,42,45,48],"killed_by":"The Heart","ascension_level":0}}