{"host":"xj1vcaj0kpg926bu","time":1607767808,"event":{"mods":["2.2 Compatiblity","Act Like it!","BaseMod","Friendly Minions","Hallownest","Minty Spire (QoL Compilation)","Prisma Mod","StSLib","The Animator"],"gold_per_floor":[116,132,132,132,53,53,63,28,28,39,73,87,105,115,115,214,214,231,91,91,105,105,138,156,209,232,257,268,268,291,312,312,420,420,439,100,100,100,129,129,129,164,164,177,206,206,236,82,82,82,82],"floor_reached":50,"playtime":3085,"items_purged":["PrismaMod:IllyaUncommonAttack","PrismaMod:IllyaCommonAttack"],"score":544,"play_id":"c0e9ba94-8cbe-4a45-b00a-db78ad44b71f","local_time":"20201212181008","is_ascension_mode":false,"campfire_choices":[{"data":"PrismaMod:IllyaUncommonDefend","floor":6,"key":"SMITH"},{"data":"PrismaMod:IllyaCheapAttack","floor":15,"key":"SMITH"},{"data":"PrismaMod:IllyaGrail","floor":29,"key":"SMITH"},{"data":"PrismaMod:IllyaBlindPoisonToss","floor":32,"key":"SMITH"},{"data":"PrismaMod:IllyaCarnivalOrbs","floor":40,"key":"SMITH"},{"floor":46,"key":"REST"},{"floor":49,"key":"REST"}],"circlet_count":0,"master_deck":["PrismaMod:IllyaCommonDefend","PrismaMod:IllyaCommonDefend","PrismaMod:IllyaCommonAttack","PrismaMod:IllyaCommonDefend","PrismaMod:IllyaCommonAttack","PrismaMod:IllyaCommonDefend+1","PrismaMod:IllyaCommonAttack","PrismaMod:IllyaCommonDefend","PrismaMod:IllyaUncommonDefend+1","PrismaMod:IllyaBlindPoisonToss+1","PrismaMod:IllyaCheapChannelPoison+1","PrismaMod:IllyaDualEvoke","PrismaMod:IllyaAOECommonAttack","PrismaMod:IllyaUncommonAOEAttack","PrismaMod:IllyaRubysPotion","PrismaMod:IllyaCheapAttack+1","PrismaMod:IllyaInstallMoonCancer","CurseOfTheBell","PrismaMod:IllyaGrail+1","PrismaMod:IllyaPoisoningPhantasm+1","PrismaMod:IllyaCarnivalOrbs+1","PrismaMod:IllyaHassanGift+1","PrismaMod:IllyaCarnivalPrismaAstolfo","PrismaMod:IllyaPoisoningPhantasm+1"],"relics":["PrismaMod:PrismaRuby","CaptainsWheel","Boot","Bag of Preparation","Calling Bell","CeramicFish","InkBottle","TungstenRod","Vajra","War Paint","Potion Belt","Nunchaku","Philosopher\u0027s Stone","Shuriken","HornCleat","Bronze Scales","Mercury Hourglass","Du-Vu Doll","Oddly Smooth Stone"],"acts_visited":["Exordium","Hallownest:Greenpath","Hallownest:CityofTears"],"potions_floor_usage":[16,23,24,24,24,25,27,27,33,33,50,50,50,50],"damage_taken":[{"damage":0,"enemies":"Hallownest:monsterHuskGuard","floor":1,"turns":5},{"damage":0,"enemies":"2_ Uuma","floor":2,"turns":5},{"damage":0,"enemies":"Hallownest:monsterHuskWarrior","floor":7,"turns":4},{"damage":2,"enemies":"Hallownest:Wandering_and_Horned","floor":10,"turns":5},{"damage":2,"enemies":"Hallownest:eliteVengeflyKing","floor":11,"turns":8},{"damage":0,"enemies":"Hallownest:Guard_and_Warrior","floor":12,"turns":7},{"damage":0,"enemies":"Hallownest:MossCreep_and_Mosskin","floor":13,"turns":6},{"damage":0,"enemies":"Hallownest:1_Ooma_and_2_Uuma","floor":14,"turns":7},{"damage":6,"enemies":"Hallownest:BossBrokenVessel","floor":16,"turns":8},{"damage":0,"enemies":"Hallownest:3_Youths","floor":18,"turns":5},{"damage":1,"enemies":"Hallownest:2_Mistakes","floor":21,"turns":10},{"damage":5,"enemies":"Hallownest:Nosk","floor":23,"turns":6},{"damage":3,"enemies":"Hallownest:3_Mistakes","floor":24,"turns":8},{"damage":10,"enemies":"Hallownest:Glutton_and_Coward","floor":25,"turns":4},{"damage":16,"enemies":"Hallownest:eliteWatcherKnight","floor":27,"turns":11},{"damage":1,"enemies":"Hallownest:Warrior_and_Youth","floor":28,"turns":5},{"damage":6,"enemies":"Hallownest:2_Flukemon","floor":31,"turns":8},{"damage":10,"enemies":"Hallownest:BossMantisLord","floor":33,"turns":7},{"damage":0,"enemies":"Hallownest:Shield_Heavy","floor":35,"turns":6},{"damage":9,"enemies":"Hallownest:2_Littles","floor":39,"turns":4},{"damage":43,"enemies":"Hallownest:StalkingDevout","floor":42,"turns":5},{"damage":0,"enemies":"Hallownest:2_Wandering_and_1_Horned","floor":44,"turns":5},{"damage":0,"enemies":"Hallownest:monsterPrimalAspid","floor":45,"turns":4},{"damage":5,"enemies":"Hallownest:eliteCollector","floor":47,"turns":6},{"damage":90,"enemies":"Hallownest:BossHollowKnight","floor":50,"turns":6}],"seed_played":"8787161843179480836","potions_obtained":[{"floor":10,"key":"LiquidMemories"},{"floor":11,"key":"PowerPotion"},{"floor":12,"key":"SteroidPotion"},{"floor":14,"key":"EssenceOfSteel"},{"floor":25,"key":"BlessingOfTheForge"},{"floor":28,"key":"PowerPotion"},{"floor":31,"key":"Ancient Potion"},{"floor":33,"key":"Ancient Potion"},{"floor":39,"key":"Strength Potion"},{"floor":42,"key":"LiquidMemories"},{"floor":44,"key":"AttackPotion"}],"is_trial":false,"path_per_floor":["M","M","?","?","$","R","M","?","T","M","E","M","M","M","R","B",null,"M","$","?","M","?","E","M","M","T","E","M","R","T","M","R","B",null,"M","$","?","?","M","R","T","E","T","M","M","R","E","$","R","B"],"character_chosen":"ILLYA","items_purchased":["PrismaMod:IllyaDualEvoke","PrismaMod:IllyaGrail","Shuriken","Oddly Smooth Stone"],"campfire_rested":2,"item_purchase_floors":[5,19,36,48],"current_hp_per_floor":[54,54,54,45,45,45,45,50,50,48,46,46,46,51,51,45,80,80,80,80,79,79,75,77,67,67,56,60,60,60,59,59,54,80,80,80,80,80,71,71,71,33,33,40,47,71,68,68,80,0,0],"gold":82,"neow_bonus":"ONE_RARE_RELIC","is_daily":false,"chose_seed":false,"campfire_upgraded":5,"win_rate":0.0,"timestamp":1607767808,"path_taken":["M","?","?","?","$","R","M","?","T","M","E","M","M","M","R","BOSS","M","$","?","M","?","E","?","M","T","E","M","R","?","M","R","BOSS","M","$","?","?","M","R","?","E","T","?","M","R","E","$","R","BOSS"],"items_purchased_type":["Card","Card","Relic","Relic"],"build_version":"2020-11-30","purchased_purges":2,"victory":false,"max_hp_per_floor":[75,75,75,75,75,75,75,80,80,80,80,80,80,80,80,80,80,80,80,80,80,80,80,80,80,80,80,80,80,80,80,80,80,80,80,80,80,80,80,80,80,80,80,80,80,80,80,80,80,80,80],"card_choices":[{"not_picked":["PrismaMod:IllyaGrailKun","PrismaMod:IllyaAOECommonAttack"],"picked":"PrismaMod:IllyaBlindPoisonToss","floor":1},{"not_picked":["PrismaMod:IllyaPoisonTippedWeapons","PrismaMod:IllyaPoisonBomb","PrismaMod:IllyaMinorZwei"],"picked":"SKIP","floor":2},{"not_picked":["PrismaMod:IllyaCheapChannelDefend","PrismaMod:IllyaMinorReinForce","PrismaMod:IllyaMinorRapidFire"],"picked":"SKIP","floor":7},{"not_picked":["PrismaMod:IllyaStunPoison","PrismaMod:IllyaGun"],"picked":"PrismaMod:IllyaAOECommonAttack","floor":10},{"not_picked":["PrismaMod:IllyaTestament","PrismaMod:IllyaAssassinRevenge"],"picked":"PrismaMod:IllyaUncommonAOEAttack","floor":11},{"not_picked":["PrismaMod:IllyaBride","PrismaMod:IllyaPoisonBlock","PrismaMod:IllyaUberChannel"],"picked":"SKIP","floor":12},{"not_picked":["PrismaMod:IllyaBride","PrismaMod:IllyaAOECommonAttack"],"picked":"PrismaMod:IllyaRubysPotion","floor":13},{"not_picked":["PrismaMod:IllyaRapidFire","PrismaMod:IllyaBride"],"picked":"PrismaMod:IllyaCheapAttack","floor":14},{"not_picked":["PrismaMod:IllyaInstallAssassin","PrismaMod:IllyaUberDefendChannel"],"picked":"PrismaMod:IllyaInstallMoonCancer","floor":16},{"not_picked":["PrismaMod:IllyaPoisonBlock","PrismaMod:IllyaUncommonDefend","PrismaMod:IllyaFeed"],"picked":"SKIP","floor":18},{"not_picked":["PrismaMod:IllyaCheapChannelAttack+1","PrismaMod:IllyaCommonEvoke","PrismaMod:IllyaRubysPotion+1"],"picked":"SKIP","floor":21},{"not_picked":["PrismaMod:IllyaGrail","PrismaMod:IllyaRussianRoulette","PrismaMod:IllyaFriendMaker"],"picked":"SKIP","floor":23},{"not_picked":["PrismaMod:IllyaUberPoisonBlock","PrismaMod:IllyaStunPoison","PrismaMod:IllyaAOECommonAttack"],"picked":"SKIP","floor":24},{"not_picked":["PrismaMod:IllyaRussianRoulette+1","PrismaMod:IllyaTestament","PrismaMod:IllyaEvokeAll"],"picked":"SKIP","floor":25},{"not_picked":["PrismaMod:IllyaStunPoison","PrismaMod:IllyaReinForce","PrismaMod:IllyaCommandSeal+1"],"picked":"SKIP","floor":27},{"not_picked":["PrismaMod:IllyaEvokeAll+1","PrismaMod:IllyaHassanGift","PrismaMod:IllyaPoisoningPhantasm"],"picked":"SKIP","floor":28},{"not_picked":["PrismaMod:IllyaCheapChannelPoison","PrismaMod:IllyaMinorReinForce"],"picked":"PrismaMod:IllyaPoisoningPhantasm+1","floor":31},{"not_picked":["PrismaMod:IllyaInstallBerserker","PrismaMod:IllyaZwei"],"picked":"PrismaMod:IllyaCarnivalOrbs","floor":33},{"not_picked":["PrismaMod:IllyaBerserCAR+1","PrismaMod:IllyaSaphire","PrismaMod:IllyaMinorZwei"],"picked":"SKIP","floor":35},{"not_picked":["PrismaMod:IllyaMaid+1","PrismaMod:IllyaUncommonDefend"],"picked":"PrismaMod:IllyaHassanGift+1","floor":39},{"not_picked":["PrismaMod:IllyaBride","PrismaMod:IllyaCheapChannelAttack"],"picked":"PrismaMod:IllyaCarnivalPrismaAstolfo","floor":42},{"not_picked":["PrismaMod:IllyaCheapChannelPoison+1","PrismaMod:IllyaBlindPoisonToss","PrismaMod:IllyaUberPoisonBlock+1"],"picked":"SKIP","floor":44},{"not_picked":["PrismaMod:IllyaUpgradeOrbs+1","PrismaMod:IllyaHassanGift+1"],"picked":"PrismaMod:IllyaPoisoningPhantasm+1","floor":45},{"not_picked":["PrismaMod:IllyaUberChannel+1","PrismaMod:IllyaCheapDefend+1","PrismaMod:IllyaUncommonAOEAttack"],"picked":"SKIP","floor":47}],"player_experience":460058,"relics_obtained":[{"floor":9,"key":"Boot"},{"floor":11,"key":"Bag of Preparation"},{"floor":17,"key":"CeramicFish"},{"floor":17,"key":"InkBottle"},{"floor":17,"key":"TungstenRod"},{"floor":23,"key":"Vajra"},{"floor":26,"key":"War Paint"},{"floor":27,"key":"Potion Belt"},{"floor":30,"key":"Nunchaku"},{"floor":41,"key":"HornCleat"},{"floor":42,"key":"Bronze Scales"},{"floor":43,"key":"Mercury Hourglass"},{"floor":47,"key":"Du-Vu Doll"}],"event_choices":[],"is_beta":false,"boss_relics":[{"not_picked":["Busted Crown","Sozu"],"picked":"Calling Bell"},{"not_picked":["Runic Dome","Coffee Dripper"],"picked":"Philosopher\u0027s Stone"}],"items_purged_floors":[19,36],"is_endless":false,"potions_floor_spawned":[10,11,12,14,25,28,31,33,39,42,44],"killed_by":"Hallownest:BossHollowKnight","ascension_level":0}}