{"host":"z6c1sol8rulx2ubz","time":1607814814,"event":{"mods":["AchievementEnabler","Act Like it!","BaseMod","Better Note","Better Third Choice","Downfall","Elementarium","Gold Saver","Hallownest","Hermit","Hubris","Infinite Spire","Jorbs\u0027s Wanderer Trilogy","Minty Spire (QoL Compilation)","Potionbrewer","Quick Restart","Rare Cards Sparkle","Reorder Act Four","StSLib","The Animator","The Bug Knight","The Cursed","The Necromancer","Wandering Minibosses"],"gold_per_floor":[571,31,58,77,90,120,120,133,133,133,133,145,110,124,124,239,239,256,273,273,284,304,304,304,304,304,304,154,186,203,234,234,366,366,392,212,212,249,290,290,333,333,333,378,378,388,388],"floor_reached":46,"playtime":6323,"items_purged":[],"score":527,"play_id":"fe0170e1-a141-43ce-86c7-3e25f9ed3a1f","local_time":"20201212231334","is_ascension_mode":false,"campfire_choices":[{"floor":7,"key":"REST"},{"floor":10,"key":"REST"},{"data":"animator:Darkness","floor":15,"key":"SMITH"},{"floor":23,"key":"REST"},{"floor":25,"key":"REST"},{"floor":27,"key":"REST"},{"floor":27,"key":"RECALL"},{"floor":32,"key":"REST"},{"data":"animator:LizardPriest","floor":32,"key":"SMITH"},{"floor":40,"key":"REST"},{"floor":42,"key":"REST"},{"data":"animator:SwordMaiden","floor":42,"key":"SMITH"},{"floor":45,"key":"REST"},{"data":"animator:Zero","floor":45,"key":"SMITH"}],"circlet_count":0,"master_deck":["animator:Strike_Konosuba","animator:Defend_Konosuba","animator:Strike","animator:Strike","animator:Strike","animator:Defend","animator:Defend","animator:Defend","animator:Kazuma","animator:Aqua","animator:Mitsuba","animator:Patchouli+1","animator:Zero+1","animator:HighElfArcher+1","animator:Spearman+1","animator:HighElfArcher+1","animator:IrohaTamaki+1","animator:KyokoSakura+1","animator:Yoichi","animator:Darkness+1","animator:Mitsuba+1","animator:GoblinSlayer+1","animator:Lu+1","animator:Aisha+1","animator:HighElfArcher+1","animator:LizardPriest+1","animator:YunYun+1","animator:Elsword+1","animator:Spearman+1","animator:SwordMaiden+1","animator:GuildGirl","animator:CowGirl+1","animator:KrulTepes+1","animator:Bozes+1","animator:CrowleyEusford+1"],"relics":["animator:VividPicture","animator:TheMissingPiece","NeowsBlessing","Molten Egg 2","potionbrewer:BottledElixir","hubris:Icosahedron","infinitespire:Magic Flask","Oddly Smooth Stone","infinitespire:Midas Blood","SlaversCollar","Hallownest:StagBellRelic1","hubris:Towel","Ornamental Fan","potionbrewer:DrinkingBird","animator:EngravedStaff"],"acts_visited":["Exordium","TheCity","Hallownest:KingdomsEdge"],"potions_floor_usage":[19,29,30,31,33,39,39,44],"damage_taken":[{"damage":0,"enemies":"Small Slimes","floor":1,"turns":1},{"damage":0,"enemies":"2 Louse","floor":3,"turns":1},{"damage":0,"enemies":"infinitespire:Voidling","floor":4,"turns":1},{"damage":8,"enemies":"Red Slaver","floor":5,"turns":4},{"damage":37,"enemies":"3 Sentries","floor":6,"turns":7},{"damage":1,"enemies":"Large Slime","floor":8,"turns":6},{"damage":0,"enemies":"Blue Slaver","floor":12,"turns":3},{"damage":8,"enemies":"3 Louse","floor":14,"turns":4},{"damage":60,"enemies":"Hexaghost","floor":16,"turns":15},{"damage":34,"enemies":"Chosen","floor":18,"turns":8},{"damage":18,"enemies":"3 Byrds","floor":19,"turns":6},{"damage":28,"enemies":"Snake Plant","floor":21,"turns":4},{"damage":8,"enemies":"Centurion and Healer","floor":22,"turns":7},{"damage":20,"enemies":"3 Cultists","floor":29,"turns":4},{"damage":11,"enemies":"Cultist and Chosen","floor":30,"turns":5},{"damage":12,"enemies":"Slavers","floor":31,"turns":4},{"damage":15,"enemies":"Automaton","floor":33,"turns":9},{"damage":26,"enemies":"Hallownest:Shield_Heavy","floor":35,"turns":7},{"damage":34,"enemies":"Hallownest:3_Siblings","floor":38,"turns":8},{"damage":1,"enemies":"Hallownest:Shield_Sturdy","floor":39,"turns":5},{"damage":33,"enemies":"Hallownest:StalkingDevout","floor":41,"turns":7},{"damage":26,"enemies":"Nightmare","floor":44,"turns":8},{"damage":63,"enemies":"Hallownest:Xero_Hu_Marmu","floor":46,"turns":4}],"seed_played":"7104970248248888064","potions_obtained":[{"floor":1,"key":"FairyPotion"},{"floor":5,"key":"FearPotion"},{"floor":6,"key":"BlessingOfTheForge"},{"floor":21,"key":"Dexterity Potion"},{"floor":22,"key":"DuplicationPotion"},{"floor":29,"key":"Block Potion"},{"floor":35,"key":"sneckomod:MuddlingPotion"},{"floor":38,"key":"ColorlessPotion"}],"is_trial":false,"path_per_floor":["M","$","M","M","M","E","R","M","T","R","?","M","$","M","R","B",null,"M","M","?","M","M","R","$","R","T","R","$","M","M","E","R","B",null,"M","?","?","M","M","R","E","R","T","NM","R","M"],"character_chosen":"THE_ANIMATOR","items_purchased":["Molten Egg 2","animator:Patchouli+1","animator:Zero","animator:Darkness","Oddly Smooth Stone"],"campfire_rested":9,"item_purchase_floors":[2,2,2,13,28],"current_hp_per_floor":[66,66,66,67,61,26,46,47,47,67,67,68,68,62,62,4,68,34,18,18,13,8,28,28,48,48,68,68,48,39,29,49,36,69,47,47,47,15,16,37,38,59,59,36,57,0,0],"gold":388,"neow_bonus":"THREE_ENEMY_KILL","is_daily":false,"chose_seed":false,"campfire_upgraded":4,"win_rate":0.0,"timestamp":1607814814,"path_taken":["M","$","M","M","M","E","R","M","T","R","?","M","$","M","R","BOSS","M","M","?","?","M","R","$","R","T","R","$","M","M","E","R","BOSS","M","?","?","M","M","R","E","R","T","NM","R","M"],"items_purchased_type":["Relic","Card","Card","Card","Relic"],"build_version":"2020-11-30","purchased_purges":0,"victory":false,"max_hp_per_floor":[66,66,66,67,67,67,67,67,67,67,67,68,68,68,68,68,68,68,68,68,68,69,69,69,69,69,69,69,69,69,69,69,69,69,71,71,71,71,71,71,71,71,71,72,72,72,72],"card_choices":[{"not_picked":["animator:Laby","animator:OrikoMikuni"],"picked":"animator:Mitsuba","floor":1},{"not_picked":["animator:Elsword+1","animator:Tyuule"],"picked":"animator:HighElfArcher+1","floor":3},{"not_picked":["animator:Shinoa","animator:Mikaela+1"],"picked":"animator:Spearman+1","floor":4},{"not_picked":["animator:GuildGirl","animator:DwarfShaman+1"],"picked":"animator:HighElfArcher+1","floor":5},{"not_picked":["animator:SuzuneAmano+1","animator:NagisaMomoe"],"picked":"animator:IrohaTamaki+1","floor":6},{"not_picked":["animator:Lu+1","animator:Geryuganshoop"],"picked":"animator:KyokoSakura+1","floor":8},{"not_picked":["animator:Geryuganshoop","animator:Mikaela+1"],"picked":"animator:Yoichi","floor":12},{"not_picked":["animator:Shigure+1","animator:Mikaela+1"],"picked":"animator:Mitsuba+1","floor":14},{"not_picked":["animator:Guren","animator:SwordMaiden"],"picked":"animator:GoblinSlayer+1","floor":16},{"not_picked":["animator:OrikoMikuni+1","animator:Spearman+1"],"picked":"animator:Lu+1","floor":18},{"not_picked":["animator:Tyuule","animator:Mitsurugi+1"],"picked":"animator:Aisha+1","floor":19},{"not_picked":["animator:Chung+1","animator:OrikoMikuni"],"picked":"animator:HighElfArcher+1","floor":21},{"not_picked":["animator:Spearman+1","animator:HighElfArcher+1"],"picked":"animator:LizardPriest","floor":22},{"not_picked":["animator:SilverFang","animator:Verdia"],"picked":"animator:YunYun+1","floor":29},{"not_picked":["animator:YaoHaDucy+1","animator:Ciel"],"picked":"animator:Elsword+1","floor":30},{"not_picked":["animator:RoryMercury+1","animator:MamiTomoe+1"],"picked":"animator:Spearman+1","floor":31},{"not_picked":["animator:PinaCoLada","animator:HomuraAkemi"],"picked":"animator:SwordMaiden","floor":33},{"not_picked":["animator:Spearman+1","animator:Priestess"],"picked":"animator:GuildGirl","floor":35},{"not_picked":["animator:Verdia","animator:Priestess+1"],"picked":"animator:CowGirl+1","floor":38},{"not_picked":["animator:Shigure+1","animator:Shinoa+1"],"picked":"animator:KrulTepes+1","floor":39},{"not_picked":["animator:YachiyoNanami","animator:OrikoMikuni+1"],"picked":"animator:Bozes+1","floor":41},{"not_picked":["animator:YunYun+1","animator:KyokoSakura+1"],"picked":"animator:CrowleyEusford+1","floor":44}],"player_experience":222211,"relics_obtained":[{"floor":6,"key":"potionbrewer:BottledElixir"},{"floor":26,"key":"infinitespire:Magic Flask"},{"floor":31,"key":"infinitespire:Midas Blood"},{"floor":41,"key":"Ornamental Fan"},{"floor":43,"key":"potionbrewer:DrinkingBird"},{"floor":44,"key":"animator:EngravedStaff"}],"event_choices":[{"cards_removed":["animator:Kazuma"],"damage_healed":0,"gold_gain":0,"player_choice":"Give","damage_taken":0,"max_hp_gain":0,"max_hp_loss":0,"event_name":"betterNote:BetterNote","floor":20,"gold_loss":0,"cards_obtained":["None"]}],"is_beta":false,"boss_relics":[{"not_picked":["Philosopher\u0027s Stone","Sozu"],"picked":"animator:VividPicture"},{"not_picked":["Tiny House","Fusion Hammer"],"picked":"SlaversCollar"}],"items_purged_floors":[],"is_endless":false,"potions_floor_spawned":[1,5,6,8,21,22,29,35,38],"killed_by":"Hallownest:Xero_Hu_Marmu","ascension_level":0}}