{"host":"dij4iqdhjit0agg1","time":1607749715,"event":{"mods":["Act Like it!","BaseMod","Better Note","Colored Powertips","Minty Spire (QoL Compilation)","Permanent Neow","Rare Cards Sparkle","StSLib","The Servant 0.9.4"],"gold_per_floor":[119,137,63,63,80,80,114,133,156,172,191,191,206,29,29,125,125,142,142,102,2,2,35,35,30,82,116,116,76,89,108,108,210,210,222,237,252,252,252,252,127,127,127,127,147,158,11,11,11],"floor_reached":48,"playtime":3633,"items_purged":["Bash","Strike_R","Strike_R"],"score":497,"play_id":"ecb0cae9-1b79-4a3f-8810-f91818f7a124","local_time":"20201212060835","is_ascension_mode":false,"campfire_choices":[{"data":"Armaments","floor":6,"key":"SMITH"},{"floor":12,"key":"REST"},{"data":"Pommel Strike","floor":15,"key":"SMITH"},{"floor":24,"key":"REST"},{"floor":28,"key":"REST"},{"data":"Trip","floor":32,"key":"SMITH"},{"floor":40,"key":"REST"},{"data":"Inflame","floor":44,"key":"SMITH"}],"circlet_count":0,"master_deck":["Strike_R","Strike_R","Strike_R","Defend_R","Defend_R","Defend_R","Trip+1","Armaments+1","Fire Breathing","Heavy Blade+1","Combust","Inflame+1","Evolve","Pommel Strike+1","Double Tap","Flex+1","Brutality","Bloodletting+1"],"relics":["Burning Blood","Strawberry","Bag of Marbles","Regal Pillow","Busted Crown","Darkstone Periapt","Eternal Feather","Ancient Tea Set","Singing Bowl","Runic Pyramid","Mercury Hourglass","HandDrill"],"acts_visited":["Exordium","TheCity","TheBeyond"],"potions_floor_usage":[10,11,16,18,27,30,30,31,36,48],"damage_taken":[{"damage":3,"enemies":"2 Louse","floor":1,"turns":3},{"damage":8,"enemies":"Jaw Worm","floor":2,"turns":4},{"damage":8,"enemies":"Small Slimes","floor":5,"turns":4},{"damage":38,"enemies":"Gremlin Nob","floor":7,"turns":5},{"damage":9,"enemies":"Blue Slaver","floor":8,"turns":3},{"damage":10,"enemies":"Exordium Wildlife","floor":10,"turns":3},{"damage":9,"enemies":"Looter","floor":11,"turns":3},{"damage":19,"enemies":"Gremlin Gang","floor":13,"turns":5},{"damage":47,"enemies":"Hexaghost","floor":16,"turns":9},{"damage":13,"enemies":"Chosen","floor":18,"turns":4},{"damage":56,"enemies":"Book of Stabbing","floor":23,"turns":5},{"damage":17,"enemies":"2 Thieves","floor":25,"turns":4},{"damage":52,"enemies":"Gremlin Leader","floor":27,"turns":7},{"damage":23,"enemies":"3 Cultists","floor":30,"turns":6},{"damage":0,"enemies":"Snecko","floor":31,"turns":1},{"damage":82,"enemies":"Champ","floor":33,"turns":11},{"damage":27,"enemies":"3 Shapes","floor":35,"turns":3},{"damage":14,"enemies":"Orb Walker","floor":36,"turns":3},{"damage":52,"enemies":"4 Shapes","floor":37,"turns":4},{"damage":61,"enemies":"Sphere and 2 Shapes","floor":45,"turns":4},{"damage":16,"enemies":"Maw","floor":46,"turns":5},{"damage":21,"enemies":"3 Darklings","floor":48,"turns":2}],"seed_played":"-3200010808962286154","potions_obtained":[{"floor":7,"key":"Swift Potion"},{"floor":8,"key":"Energy Potion"},{"floor":10,"key":"BlessingOfTheForge"},{"floor":16,"key":"FearPotion"},{"floor":18,"key":"FairyPotion"},{"floor":25,"key":"AttackPotion"},{"floor":29,"key":"HeartOfIron"},{"floor":29,"key":"BloodPotion"},{"floor":29,"key":"SteroidPotion"},{"floor":33,"key":"Weak Potion"},{"floor":46,"key":"DistilledChaos"}],"is_trial":false,"path_per_floor":["M","M","$","?","M","R","E","M","T","M","M","R","M","$","R","B",null,"M","?","?","$","?","E","R","M","T","E","R","?","M","M","R","B",null,"M","M","M","?","?","R","$","?","T","R","M","M","$","M"],"character_chosen":"IRONCLAD","items_purchased":["Fire Breathing","Evolve","Pommel Strike","HandDrill"],"campfire_rested":4,"item_purchase_floors":[3,14,14,47],"current_hp_per_floor":[80,78,78,78,76,76,44,41,41,37,34,75,62,62,62,21,87,80,80,80,80,80,30,80,69,69,25,75,75,77,85,93,17,93,74,68,22,22,22,75,75,71,71,80,27,19,19,0,0],"gold":11,"neow_bonus":"RANDOM_COLORLESS","is_daily":false,"chose_seed":false,"campfire_upgraded":4,"win_rate":0.0,"timestamp":1607749715,"path_taken":["M","M","$","?","M","R","E","M","T","M","M","R","M","$","R","BOSS","M","?","?","?","?","E","R","M","T","E","R","?","?","M","R","BOSS","M","M","M","?","?","R","$","?","T","R","M","M","?","M"],"items_purchased_type":["Card","Card","Card","Relic"],"build_version":"2020-11-30","purchased_purges":3,"victory":false,"max_hp_per_floor":[80,80,80,87,87,87,87,87,87,87,87,87,87,87,87,87,87,87,87,87,87,87,87,87,87,87,89,89,89,91,93,93,93,93,95,97,97,97,97,97,97,103,103,103,105,107,107,107,107],"card_choices":[{"not_picked":["Flash of Steel","Purity"],"picked":"Trip","floor":0},{"not_picked":["Headbutt","Warcry"],"picked":"Armaments","floor":1},{"not_picked":["Wild Strike","Disarm","Perfected Strike"],"picked":"SKIP","floor":2},{"not_picked":["Iron Wave","Feel No Pain"],"picked":"Heavy Blade","floor":5},{"not_picked":["Twin Strike","Iron Wave"],"picked":"Combust","floor":7},{"not_picked":["Pummel","Dark Embrace","True Grit"],"picked":"SKIP","floor":8},{"not_picked":["Carnage","Infernal Blade","Disarm"],"picked":"SKIP","floor":10},{"not_picked":["Power Through","True Grit"],"picked":"Inflame","floor":11},{"not_picked":["Anger","Clash","Seeing Red"],"picked":"SKIP","floor":13},{"not_picked":["Corruption","Barricade"],"picked":"Double Tap","floor":16},{"not_picked":["Anger"],"picked":"SKIP","floor":18},{"not_picked":["Ghostly Armor+1"],"picked":"SKIP","floor":23},{"not_picked":["Clash"],"picked":"SKIP","floor":25},{"not_picked":["Rage+1"],"picked":"Singing Bowl","floor":27},{"not_picked":["Pommel Strike"],"picked":"Singing Bowl","floor":30},{"not_picked":["Havoc+1"],"picked":"Singing Bowl","floor":31},{"not_picked":[],"picked":"Brutality","floor":33},{"not_picked":["Dropkick"],"picked":"Singing Bowl","floor":35},{"not_picked":["Havoc+1"],"picked":"Singing Bowl","floor":36},{"not_picked":[],"picked":"Bloodletting+1","floor":37},{"not_picked":["Forethought"],"picked":"Singing Bowl","floor":42},{"not_picked":["Dark Shackles"],"picked":"Singing Bowl","floor":42},{"not_picked":["Purity"],"picked":"Singing Bowl","floor":42},{"not_picked":["Headbutt+1"],"picked":"Singing Bowl","floor":45},{"not_picked":["Iron Wave"],"picked":"Singing Bowl","floor":46}],"player_experience":857297,"relics_obtained":[{"floor":7,"key":"Bag of Marbles"},{"floor":9,"key":"Regal Pillow"},{"floor":23,"key":"Eternal Feather"},{"floor":26,"key":"Ancient Tea Set"},{"floor":27,"key":"Singing Bowl"},{"floor":43,"key":"Mercury Hourglass"}],"event_choices":[{"damage_healed":0,"gold_gain":0,"player_choice":"Success","damage_taken":7,"relics_obtained":["Strawberry"],"max_hp_gain":0,"max_hp_loss":0,"event_name":"Scrap Ooze","floor":4,"gold_loss":0},{"damage_healed":0,"gold_gain":0,"player_choice":"Gave Potion","damage_taken":0,"relics_obtained":["Darkstone Periapt"],"max_hp_gain":0,"max_hp_loss":0,"event_name":"WeMeetAgain","floor":19,"gold_loss":0},{"damage_healed":0,"gold_gain":0,"player_choice":"Upgrade","damage_taken":0,"max_hp_gain":0,"max_hp_loss":0,"event_name":"Designer","floor":20,"gold_loss":40,"cards_upgraded":["Heavy Blade"]},{"cards_removed":["Pommel Strike"],"damage_healed":0,"gold_gain":0,"player_choice":"Take \u0026 Give","damage_taken":0,"max_hp_gain":0,"max_hp_loss":0,"event_name":"betterNote:BetterNote","floor":22,"gold_loss":0,"cards_obtained":["Flex"]},{"damage_healed":0,"gold_gain":0,"player_choice":"Bought 3 Potions","damage_taken":0,"max_hp_gain":0,"max_hp_loss":0,"event_name":"The Woman in Blue","floor":29,"gold_loss":0},{"cards_removed":["Defend_R"],"damage_healed":0,"gold_gain":0,"player_choice":"Removed Skill","damage_taken":0,"max_hp_gain":0,"max_hp_loss":0,"event_name":"Falling","floor":38,"gold_loss":0},{"damage_healed":0,"gold_gain":0,"player_choice":"Ignored","damage_taken":0,"max_hp_gain":0,"max_hp_loss":0,"event_name":"Mysterious Sphere","floor":39,"gold_loss":0},{"damage_healed":0,"gold_gain":0,"player_choice":"Memory 3","damage_taken":10,"max_hp_gain":0,"max_hp_loss":0,"event_name":"SensoryStone","floor":42,"gold_loss":0}],"is_beta":false,"boss_relics":[{"not_picked":["Snecko Eye","Empty Cage"],"picked":"Busted Crown"},{"not_picked":["Sozu","Pandora\u0027s Box"],"picked":"Runic Pyramid"}],"items_purged_floors":[14,21,41],"is_endless":false,"potions_floor_spawned":[7,8,10,16,18,25,33,35,46],"killed_by":"3 Darklings","ascension_level":0}}