{"host":"g1wmg2w41xhsnw8g","time":1607791991,"event":{"mods":["2.2 Compatiblity","Act Like it!","BaseMod","Better Altar","Better Match","Better Note","Better Sensory Stone","Better Skull","Better Third Choice","BetterRewards","Booster Modes","CapriCore","ChefMod","Colored Map","Colored Powertips","Curses Come First","Defuse TimeMaze Blight","Displayed Cursed Tome","Downfall","Friendly Minions","GifTheSpireLib","Googly Eyes","Infinite Spire","Minty Spire (QoL Compilation)","Red Circlet Mod","Relic Sorter","SCP261 Mod","Shop Mod","Spicy Shops","StSLib","The Construct","The Sage","Transform Curses","Wandering Minibosses","????"],"gold_per_floor":[116,116,116,116,130,157,177,177,177,205,205,224,3,33,33,130,130,148,148,148,166,2,35,35,35,35,52,79,179,179,212,212,307,307,321,336,352,352,83,112,125,154,154,182,182,232,243,301,23,155,167,188,216,252,266,335,369,39,39,39],"floor_reached":59,"playtime":4248,"items_purged":[],"score":980,"play_id":"45255008-133a-4657-b5b5-41f242c88435","local_time":"20201212115310","daily_mods":["SealedDeck","Specialized","Heirloom","Elite Swarm"],"is_ascension_mode":true,"campfire_choices":[{"floor":15.0,"key":"DIG"},{"data":"sagemod:On_Fire","floor":24.0,"key":"SMITH"},{"floor":32.0,"key":"DIG"}],"circlet_count":0,"master_deck":["construct:Electrocute","construct:OmegaCannon","construct:Boost","construct:Accumulate","construct:VentSteam+1","sagemod:Fire_Brew","sagemod:Energetic_Brew","construct:BlazingSpeed","sagemod:Potion_Explosion","sagemod:Riches","infinitespire:Gouge","construct:ClusterMines","sagemod:Armor_Brew","construct:Multistage","sagemod:Quackster+1","construct:HammerDown","construct:Reserves+1","construct:Multistage+1","sagemod:Spoon_Strike+1","sagemod:Ambition","sagemod:Blurry","infinitespire:Oblivion+1","construct:OneWayMirror","sagemod:On_Fire+1","construct:Supernova","sagemod:Perpetuum_Mobile","construct:ReactiveShield+1","Storm","Envenom"],"relics":["Burning Blood","infinitespire:Joker Card","Vajra","Pen Nib","MealTicket","White Beast Statue","Ancient Tea Set","infinitespire:Cubic Diamond","infinitespire:PuzzleCube","Shovel","Red Mask","MerchantsRug","Frozen Eye","Orichalcum","CaptainsWheel","Ginger","Mercury Hourglass","infinitespire:Golems Mask","Centennial Puzzle","SlaversCollar","Chemical X","construct:MasterCore","Lantern","Singing Bowl","infinitespire:Midas Blood","The Courier","Membership Card","infinitespire:Magic Flask","infinitespire:ShieldingShard","Blood Vial","MawBank","Anchor","Juzu Bracelet","Black Star","Smiling Mask","HornCleat","Golden Idol","Ornamental Fan","wanderingMiniBosses:CarrionFlame","Art of War","Bottled Lightning","Thread and Needle","infinitespire:FocusingShard","infinitespire:EmpoweringShard","infinitespire:Lychee Nut"],"acts_visited":["Exordium","TheCity","TheBeyond","Exordium"],"potions_floor_usage":[53,56,56,56,56,57,57,59,59],"damage_taken":[{"damage":0.0,"enemies":"2 Louse","floor":1.0,"turns":1.0},{"damage":9.0,"enemies":"Jaw Worm","floor":5.0,"turns":2.0},{"damage":7.0,"enemies":"Lagavulin","floor":6.0,"turns":3.0},{"damage":0.0,"enemies":"Cultist","floor":7.0,"turns":2.0},{"damage":0.0,"enemies":"Gremlin Nob","floor":10.0,"turns":2.0},{"damage":0.0,"enemies":"3 Louse","floor":12.0,"turns":3.0},{"damage":9.0,"enemies":"Lagavulin","floor":14.0,"turns":3.0},{"damage":25.0,"enemies":"Slime Boss","floor":16.0,"turns":5.0},{"damage":0.0,"enemies":"Shell Parasite","floor":18.0,"turns":2.0},{"damage":5.0,"enemies":"3 Byrds","floor":21.0,"turns":6.0},{"damage":33.0,"enemies":"Nightmare","floor":23.0,"turns":7.0},{"damage":0.0,"enemies":"Snake Plant","floor":27.0,"turns":1.0},{"damage":20.0,"enemies":"Slavers","floor":28.0,"turns":4.0},{"damage":12.0,"enemies":"Colosseum Slavers","floor":29.0,"turns":2.0},{"damage":20.0,"enemies":"Colosseum Nobs","floor":29.0,"turns":6.0},{"damage":11.0,"enemies":"Book of Stabbing","floor":31.0,"turns":3.0},{"damage":2.0,"enemies":"Collector","floor":33.0,"turns":5.0},{"damage":0.0,"enemies":"3 Shapes","floor":35.0,"turns":5.0},{"damage":21.0,"enemies":"3 Darklings","floor":36.0,"turns":6.0},{"damage":7.0,"enemies":"Writhing Mass","floor":37.0,"turns":5.0},{"damage":13.0,"enemies":"Reptomancer","floor":40.0,"turns":5.0},{"damage":6.0,"enemies":"Maw","floor":41.0,"turns":5.0},{"damage":30.0,"enemies":"Nightmare","floor":42.0,"turns":6.0},{"damage":8.0,"enemies":"Reptomancer","floor":44.0,"turns":4.0},{"damage":0.0,"enemies":"Spire Growth","floor":47.0,"turns":2.0},{"damage":5.0,"enemies":"2 Orb Walkers","floor":48.0,"turns":4.0},{"damage":103.0,"enemies":"Awakened One","floor":50.0,"turns":9.0},{"damage":0.0,"enemies":"Cultist","floor":52.0,"turns":3.0},{"damage":0,"enemies":"Jaw Worm","floor":53,"turns":2},{"damage":16,"enemies":"Lagavulin Event","floor":56,"turns":4},{"damage":7,"enemies":"Lagavulin","floor":57,"turns":3},{"damage":69,"enemies":"Nightmare","floor":59,"turns":5}],"seed_played":"762087523149563094","potions_obtained":[{"floor":5.0,"key":"SCP261:GirlTearsPotion"},{"floor":7.0,"key":"ColorlessPotion"},{"floor":10.0,"key":"SkillPotion"},{"floor":12.0,"key":"LiquidMemories"},{"floor":14.0,"key":"DistilledChaos"},{"floor":16.0,"key":"SCP261:BarrettColaPotion"},{"floor":18.0,"key":"SkillPotion"},{"floor":21.0,"key":"Swift Potion"},{"floor":28.0,"key":"Energy Potion"},{"floor":31.0,"key":"PowerPotion"},{"floor":33.0,"key":"BlessingOfTheForge"},{"floor":35.0,"key":"ColorlessPotion"},{"floor":36.0,"key":"SCP261:BlastolaColaPotion"},{"floor":37.0,"key":"SkillPotion"},{"floor":38.0,"key":"SkillPotion"},{"floor":40.0,"key":"SCP261:BlastolaColaPotion"},{"floor":41.0,"key":"SCP261:BostonMolassesPotion"},{"floor":42.0,"key":"Fire Potion"},{"floor":44.0,"key":"DistilledChaos"},{"floor":47.0,"key":"Energy Potion"},{"floor":48.0,"key":"construct:MegaPotion"},{"floor":50.0,"key":"Ancient Potion"},{"floor":52.0,"key":"AttackPotion"},{"floor":53,"key":"SCP261:BlastolaColaPotion"},{"floor":56,"key":"LiquidBronze"},{"floor":57,"key":"SCP261:DewritoBlazePotion"}],"is_trial":true,"path_per_floor":["M","?","?","?","M","E","M","?","T","E","?","M","$","E","R","B",null,"M","?","?","M","$","NM","R","?","T","M","E","?","?","E","R","B",null,"M","M","M","?","$","E","M","NM","T","E","?","AVR","M","?","R","B",null,"M","M","?","?","?","E","R","NM"],"character_chosen":"THE_CONSTRUCT_MOD","items_purchased":["infinitespire:PuzzleCube","War Paint","MerchantsRug","Frozen Eye","Orichalcum","Chemical X","construct:MasterCore","infinitespire:ShieldingShard","Blood Vial","MawBank","infinitespire:Joker Card","Anchor","Juzu Bracelet","Thread and Needle","infinitespire:FocusingShard","infinitespire:EmpoweringShard","infinitespire:Lychee Nut"],"campfire_rested":0,"item_purchase_floors":[13,13,22,22,22,39,39,49,49,49,49,49,49,58,58,58,58],"current_hp_per_floor":[85,82,60,60,51,44,44,44,44,44,44,50,65,62,62,43,85,85,85,85,85,85,58,58,58,58,64,50,54,54,49,49,63,95,95,80,79,79,94,87,87,65,65,65,65,72,80,83,83,65,109,111,113,59,31,25,28,28,0,0],"gold":39,"neow_bonus":"","is_daily":false,"chose_seed":false,"campfire_upgraded":1,"win_rate":0.0,"timestamp":1607791990,"path_taken":["M","?","?","?","?","E","M","?","T","E","?","M","?","E","R","BOSS","M","?","?","M","?","NM","R","?","T","?","E","?","?","E","R","BOSS","M","M","M","?","?","E","M","NM","T","E","?","AVR","?","?","R","BOSS","M","M","?","?","?","E","R","NM"],"items_purchased_type":["Relic","Relic","Relic","Relic","Relic","Relic","Relic","Relic","Relic","Relic","Relic","Relic","Relic","Relic","Relic","Relic","Relic"],"build_version":"2020-11-30","purchased_purges":0,"victory":false,"max_hp_per_floor":[85,85,85,85,85,85,85,85,85,85,85,85,85,85,85,85,85,85,85,85,85,85,85,85,85,85,85,85,85,85,85,85,95,95,95,95,95,95,95,95,95,97,97,99,96,103,105,107,107,109,109,111,113,113,113,115,117,87,87,87],"card_choices":[{"not_picked":["construct:CriticalHit","construct:Rollout","construct:PhosphorStorm"],"picked":"SKIP","floor":1.0},{"not_picked":["infinitespire:FinalStrike","infinitespire:Starlight"],"picked":"infinitespire:Gouge","floor":3.0},{"not_picked":["sagemod:Slalom","sagemod:Energetic_Brew"],"picked":"sagemod:Armor_Brew","floor":5.0},{"not_picked":["construct:HyperBeam","construct:Afterburners"],"picked":"construct:Multistage","floor":6.0},{"not_picked":["sagemod:Bouncing_Strike","sagemod:Slalom","construct:Rollout"],"picked":"SKIP","floor":7.0},{"not_picked":["construct:MassProduction","construct:LongRangeLance"],"picked":"sagemod:Prey","floor":10.0},{"not_picked":["construct:Accumulate","construct:SaveState"],"picked":"sagemod:Quackster","floor":12.0},{"not_picked":["construct:HyperBeam","construct:SpinDrive"],"picked":"construct:HammerDown","floor":14.0},{"not_picked":["construct:NuclearCore","construct:PointDefense","construct:Accumulate"],"picked":"SKIP","floor":18.0},{"not_picked":["infinitespire:DeathsTouch","infinitespire:Starlight"],"picked":"infinitespire:Oblivion","floor":20.0},{"not_picked":["sagemod:Undermine+1","construct:Versatility"],"picked":"construct:OneWayMirror","floor":21.0},{"not_picked":["infinitespire:Execution","infinitespire:Punishment"],"picked":"infinitespire:SealOfDarkness+","floor":23.0},{"not_picked":["construct:PanicFire","construct:HammerDown"],"picked":"sagemod:On_Fire","floor":23.0},{"not_picked":["sagemod:Step_Back","construct:Accumulate","construct:FlakBarrage"],"picked":"SKIP","floor":27.0},{"not_picked":["construct:HastyRepair","construct:ShieldBurst","construct:HammerDown"],"picked":"SKIP","floor":28.0},{"not_picked":["construct:MassProduction","sagemod:Folded_Carpet","construct:ClockworkEgg"],"picked":"SKIP","floor":31.0},{"not_picked":["construct:LongRangeLance","sagemod:Accumulation"],"picked":"construct:Supernova","floor":33.0},{"not_picked":["sagemod:Taste_This_One+1","sagemod:Energetic_Brew","construct:Overcharge"],"picked":"SKIP","floor":35.0},{"not_picked":["construct:FlammableFog+1","construct:OilSpill+1","construct:SuppressiveFire"],"picked":"SKIP","floor":36.0},{"not_picked":["construct:Boost+1","sagemod:About_Clark"],"picked":"sagemod:Perpetuum_Mobile","floor":37.0},{"not_picked":["construct:Bunker","construct:Meltdown","construct:Multistage"],"picked":"SKIP","floor":40.0},{"not_picked":["construct:FocusedBeam+1","construct:PhosphorStorm"],"picked":"construct:ReactiveShield+1","floor":41.0},{"not_picked":["construct:Bunker","sagemod:On_Fire","sagemod:Extra_Portion"],"picked":"Singing Bowl","floor":42.0},{"not_picked":["construct:BatteryCore","construct:GoldenBullet","construct:MassProduction"],"picked":"Singing Bowl","floor":44.0},{"not_picked":["sagemod:Armor_Brew","sagemod:Ambition","sagemod:Fire_Brew+1"],"picked":"Singing Bowl","floor":46.0},{"not_picked":["construct:FocusedBeam","construct:FierceBash+1","construct:ModeShift"],"picked":"Singing Bowl","floor":47.0},{"not_picked":["sagemod:Potion_Explosion+1","construct:SaveState+1","construct:SyphonStrike"],"picked":"Singing Bowl","floor":48.0},{"not_picked":["construct:HastyRepair","construct:MemoryTap","construct:GoldenBullet"],"picked":"Singing Bowl","floor":50.0},{"not_picked":["construct:ShiftStrike","sagemod:On_The_Head","construct:Analyze"],"picked":"Singing Bowl","floor":52.0},{"not_picked":["construct:VentSteam","sagemod:How_To_Wake_Lyons","sagemod:Salty_Strike"],"picked":"Singing Bowl","floor":53},{"not_picked":["construct:Isolate","construct:CripplingShot","construct:Zapper"],"picked":"Singing Bowl","floor":56},{"not_picked":["sagemod:Folded_Carpet","construct:Meltdown","construct:Multistage"],"picked":"Singing Bowl","floor":57}],"player_experience":1358563,"relics_obtained":[{"floor":6.0,"key":"Pen Nib"},{"floor":8.0,"key":"MealTicket"},{"floor":9.0,"key":"White Beast Statue"},{"floor":10.0,"key":"Ancient Tea Set"},{"floor":14.0,"key":"Shovel"},{"floor":15.0,"key":"infinitespire:CheckeredPen"},{"floor":20.0,"key":"Red Mask"},{"floor":23.0,"key":"Meat on the Bone"},{"floor":26.0,"key":"Girya"},{"floor":28.0,"key":"CaptainsWheel"},{"floor":29.0,"key":"Ginger"},{"floor":29.0,"key":"Mercury Hourglass"},{"floor":31.0,"key":"infinitespire:Golems Mask"},{"floor":32.0,"key":"Centennial Puzzle"},{"floor":40.0,"key":"Lantern"},{"floor":42.0,"key":"Singing Bowl"},{"floor":43.0,"key":"infinitespire:Midas Blood"},{"floor":44.0,"key":"The Courier"},{"floor":48.0,"key":"infinitespire:Magic Flask"},{"floor":56,"key":"Ornamental Fan"},{"floor":56,"key":"wanderingMiniBosses:CarrionFlame"},{"floor":57,"key":"Art of War"},{"floor":57,"key":"Bottled Lightning"}],"event_choices":[{"damage_healed":0.0,"max_hp_gain":0.0,"max_hp_loss":0.0,"gold_gain":0.0,"event_name":"betterThird:BetterScrap","player_choice":"Relic ","floor":2.0,"gold_loss":0.0,"damage_taken":3.0,"cards_obtained":["Bloodletting"]},{"cards_removed":["sagemod:Energetic_Brew"],"damage_healed":0.0,"max_hp_gain":0.0,"max_hp_loss":0.0,"gold_gain":0.0,"event_name":"betterNote:BetterNote","player_choice":"Take \u0026 Give","floor":4.0,"gold_loss":0.0,"damage_taken":0.0,"cards_obtained":["construct:ClusterMines"]},{"damage_healed":0.0,"max_hp_gain":0.0,"max_hp_loss":0.0,"gold_gain":0.0,"cards_transformed":["sagemod:Burning_Flask","sagemod:Burning_Flask"],"event_name":"Drug Dealer","player_choice":"Became Test Subject","floor":19.0,"gold_loss":0.0,"damage_taken":0.0,"cards_obtained":["sagemod:Ambition","sagemod:Blurry"]},{"damage_healed":0.0,"max_hp_gain":0.0,"max_hp_loss":0.0,"gold_gain":0.0,"event_name":"Ghosts","player_choice":"Ignored","floor":25.0,"gold_loss":0.0,"damage_taken":0.0},{"damage_healed":0.0,"max_hp_gain":0.0,"max_hp_loss":0.0,"gold_gain":0.0,"event_name":"Colosseum","player_choice":"Fight","floor":29.0,"gold_loss":0.0,"damage_taken":0.0},{"damage_healed":0.0,"max_hp_gain":0.0,"max_hp_loss":0.0,"gold_gain":0.0,"event_name":"Colosseum","player_choice":"Fought Nobs","floor":29.0,"gold_loss":0.0,"damage_taken":0.0},{"damage_healed":0.0,"max_hp_gain":0.0,"max_hp_loss":0.0,"gold_gain":0.0,"event_name":"Lab","player_choice":"Got Potions","floor":38.0,"gold_loss":0.0,"damage_taken":0.0},{"cards_removed":["Parasite","Clumsy"],"damage_healed":0.0,"max_hp_gain":0.0,"max_hp_loss":0.0,"gold_gain":0.0,"event_name":"Fountain of Cleansing","player_choice":"Removed Curses","floor":45.0,"gold_loss":0.0,"damage_taken":0.0},{"damage_healed":0.0,"max_hp_gain":0.0,"max_hp_loss":0.0,"gold_gain":0.0,"event_name":"Mysterious Sphere","player_choice":"Fight","floor":48.0,"gold_loss":0.0,"damage_taken":0.0},{"damage_healed":0,"gold_gain":0,"player_choice":"Take Damage","damage_taken":28,"relics_obtained":["Golden Idol"],"max_hp_gain":0,"max_hp_loss":0,"event_name":"Golden Idol","floor":55,"gold_loss":0},{"damage_healed":0,"gold_gain":30,"player_choice":"Searched \u00273\u0027 times","damage_taken":0,"max_hp_gain":0,"max_hp_loss":0,"event_name":"Dead Adventurer","floor":56,"gold_loss":0}],"is_beta":false,"boss_relics":[{"not_picked":["Fusion Hammer","construct:ClawGrip"],"picked":"Astrolabe"},{"not_picked":["Empty Cage","Sozu"],"picked":"SlaversCollar"},{"not_picked":["Velvet Choker","Calling Bell"],"picked":"Black Star"}],"items_purged_floors":[],"is_endless":true,"potions_floor_spawned":[5,7,10,12,14,16,18,21,27,28,29,29,31,33,35,36,37,40,41,42,44,47,48,50,52,53,56,57],"killed_by":"Nightmare","ascension_level":1}}