{"host":"w6ebodudjlk2jwu4","time":1607735152,"event":{"mods":["Act Like it!","Bard","BaseMod","Beaked The Cultist","Colored Map","Glutton Mod","Hermit","Highlight Path","Infinite Spire","Jorbs\u0027s Wanderer Trilogy","Mad Scientist","Marisa????????","Minty Spire (QoL Compilation)","Relic Stats","Replay The Spire","StSLib","The Blue Laboratory","The Bug Knight","The Construct","The Cursed","The Mystic","The Servant 0.9.4","The Witch","Wandering Minibosses"],"gold_per_floor":[114,129,140,152,102,131,80,105,105,124,135,170,345,356,356,356,356],"floor_reached":16,"playtime":1791,"items_purged":[],"score":130,"play_id":"b5078190-60e3-4b01-a1bf-9510384063c8","local_time":"20201211170552","is_ascension_mode":true,"campfire_choices":[{"data":"Armaments","floor":15,"key":"SMITH"}],"circlet_count":0,"master_deck":["Strike_R","Strike_R","Strike_R","Strike_R","Strike_R","Defend_R","Defend_R","Defend_R","Bash","Shrug It Off","ReplayTheSpireMod:Muscle Training","Armaments+1","ReplayTheSpireMod:Stacked","Pommel Strike","Anger","Carnage","Pummel","Cleave","Thunderclap","Doubt","Reaper"],"relics":["Burning Blood","Toy Ornithopter","Bottled Lightning","Replay:Mystery Machine","infinitespire:ShieldingShard"],"acts_visited":["Exordium"],"potions_floor_usage":[6,6,8,16],"damage_taken":[{"damage":1,"enemies":"Jaw Worm","floor":1,"turns":5},{"damage":0,"enemies":"Small Slimes","floor":2,"turns":4},{"damage":14,"enemies":"2 Louse","floor":3,"turns":4},{"damage":8,"enemies":"2 Fungi Beasts","floor":4,"turns":6},{"damage":30,"enemies":"Gremlin Nob","floor":6,"turns":5},{"damage":3,"enemies":"HollowMod:MossKnight","floor":8,"turns":10},{"damage":3,"enemies":"3 Louse","floor":10,"turns":3},{"damage":6,"enemies":"Exordium Thugs","floor":11,"turns":4},{"damage":34,"enemies":"Lagavulin","floor":12,"turns":9},{"damage":0,"enemies":"Large Slime","floor":14,"turns":4},{"damage":79,"enemies":"Fading Forest","floor":16,"turns":8}],"seed_played":"9093424823572769326","potions_obtained":[{"floor":3,"key":"blueLaboratory:BottleOfRum"},{"floor":4,"key":"blueLaboratory:HorrorPotion"},{"floor":6,"key":"AttackPotion"},{"floor":11,"key":"blueLaboratory:AbyssPotion"},{"floor":12,"key":"Adrenaline Potion"}],"is_trial":false,"path_per_floor":["M","M","M","M","?","E","$","E","T","M","M","E","?","M","R","B"],"character_chosen":"IRONCLAD","items_purchased":["Anger"],"campfire_rested":0,"item_purchase_floors":[7],"current_hp_per_floor":[80,80,72,70,70,56,56,64,64,67,67,39,39,45,45,0,0],"gold":356,"neow_bonus":"RANDOM_COMMON_RELIC","is_daily":false,"chose_seed":false,"campfire_upgraded":1,"win_rate":0.0,"timestamp":1607735152,"path_taken":["M","M","M","M","?","E","$","E","T","M","M","E","?","M","R","BOSS"],"items_purchased_type":["Card"],"build_version":"2020-11-30","purchased_purges":0,"victory":false,"max_hp_per_floor":[80,80,80,80,80,80,80,80,80,80,80,80,80,80,80,80,80],"relic_stats":{"counters":[11,62],"obtain_stats":[{"infinitespire:ShieldingShard":12,"Bottled Lightning":6,"Replay:Mystery Machine":8,"Burning Blood":0,"Toy Ornithopter":0},{"infinitespire:ShieldingShard":9,"Bottled Lightning":5,"Replay:Mystery Machine":6,"Burning Blood":0,"Toy Ornithopter":0},{"infinitespire:ShieldingShard":50,"Bottled Lightning":24,"Replay:Mystery Machine":34,"Burning Blood":0,"Toy Ornithopter":0}],"Burning Blood":49,"Toy Ornithopter":20},"card_choices":[{"not_picked":["Perfected Strike","Run Through"],"picked":"Shrug It Off","floor":1},{"not_picked":["Iron Wave","Dark Embrace"],"picked":"ReplayTheSpireMod:Muscle Training","floor":2},{"not_picked":["Headbutt","ReplayTheSpireMod:Strike From Hell"],"picked":"Armaments","floor":3},{"not_picked":["Warcry","Inflame"],"picked":"ReplayTheSpireMod:Stacked","floor":4},{"not_picked":["Entrench","Fire Breathing"],"picked":"Pommel Strike","floor":6},{"not_picked":["Defy Death","Replay:Many Hands"],"picked":"Carnage","floor":8},{"not_picked":["Anger","Blood for Blood"],"picked":"Pummel","floor":10},{"not_picked":["Twin Strike","Pommel Strike"],"picked":"Cleave","floor":11},{"not_picked":["Hemokinesis","Reckless Charge"],"picked":"Thunderclap","floor":12},{"not_picked":["Searing Blow","Headbutt"],"picked":"Reaper","floor":14}],"player_experience":60122,"relics_obtained":[{"floor":6,"key":"Bottled Lightning"},{"floor":8,"key":"Replay:Mystery Machine"},{"floor":12,"key":"infinitespire:ShieldingShard"}],"event_choices":[{"cards_removed":["Defend_R"],"damage_healed":0,"gold_gain":0,"player_choice":"Card Removal","damage_taken":0,"max_hp_gain":0,"max_hp_loss":0,"event_name":"The Cleric","floor":5,"gold_loss":50},{"damage_healed":0,"gold_gain":175,"player_choice":"AGREE","damage_taken":0,"max_hp_gain":0,"max_hp_loss":0,"event_name":"Liars Game","floor":13,"gold_loss":0,"cards_obtained":["Doubt"]}],"is_beta":false,"boss_relics":[],"items_purged_floors":[],"is_endless":false,"potions_floor_spawned":[3,4,6,11,12],"killed_by":"Fading Forest","ascension_level":1}}