{"host":"cijhj3091wf4aho3","time":1607738759,"event":{"mods":["BaseMod","Colored Map","Colored Powertips","Friendly Minions","GifTheSpireLib","Highlight Path","Minty Spire (QoL Compilation)","Permanent Neow","Random Character Button","Relic Sorter","Relic Stats","StSLib","everything is the same but u backflip on backflip","slay the spire mod where everything is the same but ironclad has a cowboy hat"],"gold_per_floor":[362,381,54,72,72,105,163,197,234,246,286,345,392,418,430,542,554,509,509,509,509,262,262,262,262,262,262,35,35,35,35,35,35,35,35,35,35,35,35],"floor_reached":40,"playtime":3133,"items_purged":["Strike_B","All For One"],"score":1023,"play_id":"244e05cd-6335-4bdb-b5cb-9eb6f6ef0138","local_time":"20201211180559","is_ascension_mode":true,"campfire_choices":[{"data":"Defragment","floor":10,"key":"SMITH"},{"data":"Blind","floor":15,"key":"SMITH"},{"data":"Defragment","floor":27,"key":"SMITH"},{"data":"Defragment","floor":30,"key":"SMITH"},{"data":"Blizzard","floor":32,"key":"SMITH"}],"circlet_count":0,"master_deck":["AscendersBane","Strike_B","Defend_B","Defend_B+1","Defend_B","Defend_B","Zap","Dualcast","FTL","Glacier","Defragment+1","Chill","Blind+1","Buffer+1","Defragment+1","Defragment+1","Core Surge","Barrage+1","Loop","Electrodynamics","Blizzard+1","Capacitor","Capacitor","Creative AI","Biased Cognition"],"relics":["Cracked Core","Happy Flower","Pen Nib","MawBank","Centennial Puzzle","Odd Mushroom","Lantern","Symbiotic Virus","Ectoplasm","ClockworkSouvenir","Art of War","Kunai","Shuriken","DollysMirror","Red Mask","Coffee Dripper"],"acts_visited":["Exordium","TheCity","TheBeyond"],"potions_floor_usage":[7,8,16,23,25,33,33,39],"damage_taken":[{"damage":4,"enemies":"Jaw Worm","floor":1,"turns":4},{"damage":0,"enemies":"2 Louse","floor":2,"turns":3},{"damage":0,"enemies":"Small Slimes","floor":4,"turns":3},{"damage":14,"enemies":"Gremlin Nob","floor":6,"turns":6},{"damage":0,"enemies":"Lagavulin Event","floor":7,"turns":7},{"damage":1,"enemies":"3 Sentries","floor":8,"turns":11},{"damage":6,"enemies":"The Mushroom Lair","floor":11,"turns":6},{"damage":0,"enemies":"Lagavulin","floor":13,"turns":9},{"damage":0,"enemies":"2 Fungi Beasts","floor":14,"turns":3},{"damage":3,"enemies":"Hexaghost","floor":16,"turns":11},{"damage":16,"enemies":"2 Thieves","floor":18,"turns":4},{"damage":6,"enemies":"Shell Parasite","floor":19,"turns":5},{"damage":0,"enemies":"Sentry and Sphere","floor":20,"turns":7},{"damage":0,"enemies":"Slavers","floor":23,"turns":5},{"damage":0,"enemies":"Shelled Parasite and Fungi","floor":24,"turns":5},{"damage":6,"enemies":"Book of Stabbing","floor":25,"turns":6},{"damage":6,"enemies":"Masked Bandits","floor":29,"turns":2},{"damage":0,"enemies":"Snecko","floor":31,"turns":5},{"damage":6,"enemies":"Champ","floor":33,"turns":7},{"damage":0,"enemies":"3 Darklings","floor":35,"turns":4},{"damage":15,"enemies":"Time Eater","floor":39,"turns":114}],"seed_played":"4924610929709460968","potions_obtained":[{"floor":2,"key":"AttackPotion"},{"floor":4,"key":"AttackPotion"},{"floor":7,"key":"Swift Potion"},{"floor":11,"key":"Dexterity Potion"},{"floor":13,"key":"Ancient Potion"},{"floor":18,"key":"PowerPotion"},{"floor":24,"key":"Regen Potion"},{"floor":25,"key":"AttackPotion"}],"is_trial":false,"path_per_floor":["M","M","$","M","?","E","?","E","T","R","?","T","E","M","R","B",null,"M","M","M","?","$","E","M","E","T","R","$","?","R","M","R","B",null,"M","?","?","?","B",null],"character_chosen":"DEFECT","items_purchased":["Defragment","Chill","Blind","ClockworkSouvenir","Capacitor","DollysMirror"],"campfire_rested":0,"item_purchase_floors":[3,3,3,22,28,28],"current_hp_per_floor":[64,64,64,64,50,36,36,35,35,35,29,29,29,29,29,26,58,42,36,36,36,36,36,36,45,45,45,45,39,39,39,39,33,59,59,59,59,59,44],"gold":35,"neow_bonus":"TWO_FIFTY_GOLD","is_daily":false,"chose_seed":false,"campfire_upgraded":5,"win_rate":0.0,"timestamp":1607738759,"path_taken":["M","M","$","M","?","E","?","E","T","R","?","?","E","M","R","BOSS","M","M","M","?","$","E","M","E","T","R","$","?","R","M","R","BOSS","M","?","?","?","BOSS"],"items_purchased_type":["Card","Card","Card","Relic","Card","Relic"],"build_version":"2020-11-30","purchased_purges":2,"victory":true,"max_hp_per_floor":[68,68,68,68,68,68,68,68,68,68,68,68,68,68,68,68,68,68,68,68,68,68,68,68,68,68,68,68,68,68,68,68,68,68,68,68,65,65,65],"relic_stats":{"Centennial Puzzle":[24],"Happy Flower":[70],"counters":[21,227],"Shuriken":[1],"Pen Nib":[10],"Ectoplasm":610,"Art of War":[119],"Kunai":[1],"MawBank":108,"obtain_stats":[{"Lantern":12,"Happy Flower":6,"Pen Nib":7,"Odd Mushroom":11,"MawBank":8,"ClockworkSouvenir":22,"Centennial Puzzle":9,"Shuriken":26,"DollysMirror":28,"Ectoplasm":17,"Art of War":23,"Red Mask":29,"Coffee Dripper":34,"Kunai":25,"Cracked Core":0,"Symbiotic Virus":13},{"Lantern":7,"Happy Flower":4,"Pen Nib":5,"Odd Mushroom":7,"MawBank":6,"ClockworkSouvenir":13,"Centennial Puzzle":6,"Shuriken":16,"DollysMirror":16,"Ectoplasm":10,"Art of War":14,"Red Mask":17,"Coffee Dripper":19,"Kunai":16,"Cracked Core":0,"Symbiotic Virus":8},{"Lantern":40,"Happy Flower":16,"Pen Nib":23,"Odd Mushroom":40,"MawBank":34,"ClockworkSouvenir":79,"Centennial Puzzle":34,"Shuriken":95,"DollysMirror":95,"Ectoplasm":63,"Art of War":84,"Red Mask":97,"Coffee Dripper":109,"Kunai":95,"Cracked Core":0,"Symbiotic Virus":49}]},"card_choices":[{"not_picked":["Streamline","Cold Snap"],"picked":"FTL","floor":1},{"not_picked":["Chaos","Turbo"],"picked":"Glacier","floor":2},{"not_picked":["Streamline","Turbo"],"picked":"Buffer","floor":4},{"not_picked":["Hyperbeam","Melter","Tempest"],"picked":"SKIP","floor":6},{"not_picked":["Force Field","Compile Driver"],"picked":"Defragment","floor":8},{"not_picked":["Compile Driver","Cold Snap"],"picked":"Defragment","floor":11},{"not_picked":["Biased Cognition","Rebound","Scrape"],"picked":"SKIP","floor":13},{"not_picked":["Darkness","Scrape","Gash"],"picked":"SKIP","floor":14},{"not_picked":["Fission","All For One"],"picked":"Core Surge","floor":16},{"not_picked":["Leap","Reprogram","Compile Driver"],"picked":"SKIP","floor":18},{"not_picked":["Go for the Eyes","Beam Cell"],"picked":"Barrage+1","floor":19},{"not_picked":["Streamline","Conserve Battery"],"picked":"Loop","floor":20},{"not_picked":["Turbo","Consume"],"picked":"Blizzard","floor":23},{"not_picked":["Go for the Eyes+1","Rebound","Streamline"],"picked":"SKIP","floor":24},{"not_picked":["Stack","Consume","Barrage"],"picked":"SKIP","floor":25},{"not_picked":["Sweeping Beam","Go for the Eyes"],"picked":"Creative AI","floor":31},{"not_picked":["Multi-Cast","Hyperbeam"],"picked":"Biased Cognition","floor":33},{"not_picked":["Aggregate+1","Redo","Stack"],"picked":"SKIP","floor":35}],"player_experience":226306,"relics_obtained":[{"floor":6,"key":"Happy Flower"},{"floor":7,"key":"Pen Nib"},{"floor":8,"key":"MawBank"},{"floor":9,"key":"Centennial Puzzle"},{"floor":11,"key":"Odd Mushroom"},{"floor":12,"key":"Lantern"},{"floor":13,"key":"Symbiotic Virus"},{"floor":23,"key":"Art of War"},{"floor":25,"key":"Kunai"},{"floor":26,"key":"Shuriken"},{"floor":29,"key":"Red Mask"}],"event_choices":[{"damage_healed":0,"gold_gain":0,"player_choice":"Entered Light","damage_taken":14,"max_hp_gain":0,"max_hp_loss":0,"event_name":"Shining Light","floor":5,"gold_loss":0,"cards_upgraded":["Defend_B","Buffer"]},{"damage_healed":0,"gold_gain":0,"player_choice":"Searched \u00271\u0027 times","damage_taken":0,"max_hp_gain":0,"max_hp_loss":0,"event_name":"Dead Adventurer","floor":7,"gold_loss":0},{"damage_healed":0,"gold_gain":0,"player_choice":"Fought Mushrooms","damage_taken":0,"max_hp_gain":0,"max_hp_loss":0,"event_name":"Mushrooms","floor":11,"gold_loss":0},{"damage_healed":0,"gold_gain":0,"cards_transformed":["Strike_B","Strike_B"],"player_choice":"Became Test Subject","damage_taken":0,"max_hp_gain":0,"max_hp_loss":0,"event_name":"Drug Dealer","floor":21,"gold_loss":0,"cards_obtained":["All For One","Electrodynamics"]},{"damage_healed":0,"gold_gain":0,"player_choice":"Fought Bandits","damage_taken":0,"max_hp_gain":0,"max_hp_loss":0,"event_name":"Masked Bandits","floor":29,"gold_loss":0},{"damage_healed":0,"gold_gain":222,"player_choice":"Wore Mask","damage_taken":0,"max_hp_gain":0,"max_hp_loss":0,"event_name":"Tomb of Lord Red Mask","floor":36,"gold_loss":0},{"damage_healed":0,"gold_gain":0,"player_choice":"Max HP","damage_taken":0,"max_hp_gain":0,"max_hp_loss":3,"event_name":"Winding Halls","floor":37,"gold_loss":0},{"damage_healed":0,"gold_gain":0,"player_choice":"Took Portal","damage_taken":0,"max_hp_gain":0,"max_hp_loss":0,"event_name":"SecretPortal","floor":38,"gold_loss":0}],"is_beta":false,"boss_relics":[{"not_picked":["Fusion Hammer","Tiny House"],"picked":"Ectoplasm"},{"not_picked":["Busted Crown","Black Star"],"picked":"Coffee Dripper"}],"items_purged_floors":[3,22],"is_endless":false,"potions_floor_spawned":[2,4,7,11,13,18,20,24,25],"ascension_level":10}}