{"host":"3mdjmozz5rahgtdc","time":1607779194,"event":{"mods":["AchievementEnabler","BaseMod","Better Silent Start","Better-Laid Plans","Colored Map","Colored Powertips","Custom Start","DeckTracker","KOR Keyword Fix","Minty Spire (QoL Compilation)","Permanent Neow","StSLib","SuperFastMode"],"gold_per_floor":[116,132,7,7,18,18,33,47,92,92,107,107,135,146,146,242,242,260,54,71,71,71,71],"floor_reached":22,"playtime":877,"items_purged":["Strike_P","Defend_P"],"score":241,"play_id":"b5b60c6d-d0c4-4e78-8d99-68ed9a906769","local_time":"20201212221954","is_ascension_mode":true,"campfire_choices":[{"data":"EmptyFist","floor":6,"key":"SMITH"},{"data":"ClearTheMind","floor":10,"key":"SMITH"},{"data":"EmptyMind","floor":12,"key":"SMITH"},{"data":"TalkToTheHand","floor":15,"key":"SMITH"}],"circlet_count":0,"master_deck":["Strike_P","Strike_P","Defend_P","Eruption+1","Vigilance","Wallop+1","EmptyFist+1","ClearTheMind+1","Halt","EmptyMind+1","CrushJoints","TalkToTheHand+1","Scrawl","WreathOfFlame+1","FlurryOfBlows+1","ClearTheMind+1","Ghostly","Ghostly","Ghostly","Ghostly","Ghostly"],"relics":["PureWater","Smiling Mask","Meat on the Bone","Astrolabe","Bag of Preparation"],"acts_visited":["Exordium","TheCity"],"potions_floor_usage":[8],"damage_taken":[{"damage":0,"enemies":"Jaw Worm","floor":1,"turns":3},{"damage":0,"enemies":"2 Louse","floor":2,"turns":2},{"damage":0,"enemies":"Cultist","floor":5,"turns":3},{"damage":6,"enemies":"Large Slime","floor":7,"turns":4},{"damage":10,"enemies":"Gremlin Gang","floor":8,"turns":4},{"damage":0,"enemies":"2 Fungi Beasts","floor":11,"turns":3},{"damage":10,"enemies":"3 Sentries","floor":13,"turns":11},{"damage":1,"enemies":"3 Louse","floor":14,"turns":3},{"damage":34,"enemies":"Hexaghost","floor":16,"turns":11},{"damage":12,"enemies":"2 Thieves","floor":18,"turns":3},{"damage":3,"enemies":"Shell Parasite","floor":20,"turns":3},{"damage":13,"enemies":"Chosen and Byrds","floor":22,"turns":5}],"seed_played":"-7256123138995136990","potions_obtained":[{"floor":1,"key":"ColorlessPotion"},{"floor":7,"key":"CultistPotion"},{"floor":8,"key":"Dexterity Potion"},{"floor":18,"key":"SpeedPotion"}],"is_trial":false,"path_per_floor":["M","M","$","?","M","R","M","M","T","R","M","R","E","M","R","B",null,"M","$","M","?","M"],"character_chosen":"WATCHER","items_purchased":["ClearTheMind","Bag of Preparation"],"campfire_rested":0,"item_purchase_floors":[3,19],"current_hp_per_floor":[72,72,72,72,72,72,66,56,56,56,56,56,46,45,45,23,72,60,60,57,36,23,23],"gold":71,"neow_bonus":"UPGRADE_CARD","is_daily":false,"chose_seed":false,"campfire_upgraded":4,"win_rate":0.0,"timestamp":1607779194,"path_taken":["M","M","$","?","M","R","M","M","T","R","M","R","E","M","R","BOSS","M","$","M","?","M"],"items_purchased_type":["Card","Relic"],"build_version":"2020-11-30","purchased_purges":2,"victory":false,"max_hp_per_floor":[72,72,72,72,72,72,72,72,72,72,72,72,72,72,72,72,72,72,72,72,36,36,36],"card_choices":[{"not_picked":["SandsOfTime","Weave"],"picked":"Wallop","floor":1},{"not_picked":["Wireheading","SashWhip"],"picked":"EmptyFist","floor":2},{"not_picked":["Consecrate","CutThroughFate","FlyingSleeves"],"picked":"SKIP","floor":5},{"not_picked":["BowlingBash","EmptyBody","EmptyFist"],"picked":"SKIP","floor":7},{"not_picked":["FlurryOfBlows","LikeWater"],"picked":"Halt","floor":8},{"not_picked":["Evaluate","CutThroughFate"],"picked":"EmptyMind","floor":11},{"not_picked":["SashWhip","Halt"],"picked":"CrushJoints","floor":13},{"not_picked":["PathToVictory","Nirvana"],"picked":"TalkToTheHand","floor":14},{"not_picked":["Ragnarok","Vault"],"picked":"Scrawl","floor":16},{"not_picked":["ClearTheMind","Collect+1","PathToVictory"],"picked":"SKIP","floor":18},{"not_picked":["Consecrate","JustLucky+1","FlyingSleeves"],"picked":"SKIP","floor":20}],"player_experience":264342,"relics_obtained":[{"floor":9,"key":"Smiling Mask"},{"floor":13,"key":"Meat on the Bone"}],"event_choices":[{"damage_healed":0,"gold_gain":0,"player_choice":"Grow","damage_taken":0,"max_hp_gain":0,"max_hp_loss":0,"event_name":"Living Wall","floor":4,"gold_loss":0,"cards_upgraded":["Wallop"]},{"damage_healed":0,"gold_gain":0,"player_choice":"Became a Ghost","damage_taken":0,"max_hp_gain":0,"max_hp_loss":36,"event_name":"Ghosts","floor":21,"gold_loss":0,"cards_obtained":["Ghostly","Ghostly","Ghostly","Ghostly","Ghostly"]}],"is_beta":false,"boss_relics":[{"not_picked":["Tiny House","Fusion Hammer"],"picked":"Astrolabe"}],"items_purged_floors":[3,19],"is_endless":false,"potions_floor_spawned":[1,7,8,18],"killed_by":"Chosen and Byrds","ascension_level":3}}