{"host":"1hv1kueuvc4r3rdp","time":1607790949,"event":{"mods":["AchievementEnabler","BaseMod","DeckTracker","Highlight Path","Minty Spire (QoL Compilation)","Permanent Neow","StSLib"],"gold_per_floor":[116,44,64,77,88,88,120,120,120,130,130,147,147,190,190,309,309,327,426,440,455,70,70,70,70],"floor_reached":24,"playtime":971,"items_purged":["Strike_G"],"score":323,"play_id":"3945fcb7-778c-4825-b930-76d6f318fdc3","local_time":"20201212103549","is_ascension_mode":true,"campfire_choices":[{"data":"Dash","floor":6,"key":"SMITH"},{"data":"Neutralize","floor":8,"key":"SMITH"},{"data":"Strike_G","floor":11,"key":"SMITH"},{"floor":15,"key":"REST"},{"floor":23,"key":"REST"}],"circlet_count":0,"master_deck":["Strike_G","Strike_G","Strike_G","Strike_G+1","Defend_G","Defend_G","Defend_G","Defend_G+1","Defend_G","Survivor+1","Neutralize+1","Dash+1","Finisher","A Thousand Cuts","Well Laid Plans","All Out Attack","Blade Dance"],"relics":["Busted Crown","War Paint","Oddly Smooth Stone","Golden Idol","Blue Candle","HoveringKite","Meat on the Bone"],"acts_visited":["Exordium","TheCity"],"potions_floor_usage":[7,14],"damage_taken":[{"damage":2,"enemies":"Jaw Worm","floor":1,"turns":4},{"damage":0,"enemies":"2 Louse","floor":3,"turns":3},{"damage":0,"enemies":"Cultist","floor":4,"turns":4},{"damage":5,"enemies":"3 Louse","floor":5,"turns":5},{"damage":7,"enemies":"3 Sentries","floor":7,"turns":8},{"damage":0,"enemies":"Blue Slaver","floor":10,"turns":5},{"damage":5,"enemies":"Red Slaver","floor":12,"turns":3},{"damage":18,"enemies":"Gremlin Nob","floor":14,"turns":4},{"damage":0,"enemies":"The Guardian","floor":16,"turns":14},{"damage":14,"enemies":"Spheric Guardian","floor":18,"turns":4},{"damage":13,"enemies":"2 Thieves","floor":20,"turns":5},{"damage":30,"enemies":"Cultist and Chosen","floor":21,"turns":8},{"damage":26,"enemies":"3 Cultists","floor":24,"turns":5}],"seed_played":"6068766619717518589","potions_obtained":[{"floor":4,"key":"Explosive Potion"},{"floor":10,"key":"Poison Potion"},{"floor":12,"key":"PowerPotion"},{"floor":14,"key":"Dexterity Potion"},{"floor":16,"key":"EntropicBrew"}],"is_trial":false,"path_per_floor":["M","$","M","M","M","R","E","R","T","M","R","M","?","E","R","B",null,"M","?","M","M","$","R","M"],"character_chosen":"THE_SILENT","items_purchased":["Dash","Blade Dance","Meat on the Bone"],"campfire_rested":2,"item_purchase_floors":[2,22,22],"current_hp_per_floor":[68,68,68,68,63,63,56,56,56,56,56,51,34,16,37,37,62,48,48,35,5,5,26,0,0],"gold":70,"neow_bonus":"BOSS_RELIC","is_daily":false,"chose_seed":false,"campfire_upgraded":3,"win_rate":0.0,"timestamp":1607790949,"path_taken":["M","$","M","M","M","R","E","R","T","M","R","M","?","E","R","BOSS","M","?","M","M","$","R","M"],"items_purchased_type":["Card","Card","Relic"],"build_version":"2020-11-30","purchased_purges":1,"victory":false,"max_hp_per_floor":[70,70,70,70,70,70,70,70,70,70,70,70,70,70,70,70,70,70,70,70,70,70,70,70,70],"card_choices":[{"not_picked":["Quick Slash"],"picked":"SKIP","floor":1},{"not_picked":["Dodge and Roll"],"picked":"SKIP","floor":3},{"not_picked":["Flechettes"],"picked":"SKIP","floor":4},{"not_picked":["Slice"],"picked":"SKIP","floor":5},{"not_picked":["Distraction"],"picked":"SKIP","floor":7},{"not_picked":["Endless Agony"],"picked":"SKIP","floor":10},{"not_picked":[],"picked":"Finisher","floor":12},{"not_picked":["Backflip"],"picked":"SKIP","floor":14},{"not_picked":[],"picked":"A Thousand Cuts","floor":16},{"not_picked":[],"picked":"Well Laid Plans","floor":18},{"not_picked":[],"picked":"All Out Attack","floor":20},{"not_picked":["Outmaneuver"],"picked":"SKIP","floor":21}],"player_experience":971229,"relics_obtained":[{"floor":7,"key":"War Paint"},{"floor":9,"key":"Oddly Smooth Stone"},{"floor":14,"key":"Blue Candle"}],"event_choices":[{"damage_healed":0,"gold_gain":0,"player_choice":"Take Damage","damage_taken":17,"relics_obtained":["Golden Idol"],"max_hp_gain":0,"max_hp_loss":0,"event_name":"Golden Idol","floor":13,"gold_loss":0},{"damage_healed":0,"gold_gain":99,"player_choice":"Stole From Cult","damage_taken":0,"max_hp_gain":0,"max_hp_loss":0,"event_name":"Nest","floor":19,"gold_loss":0}],"is_beta":false,"boss_relics":[{"not_picked":["Cursed Key","Philosopher\u0027s Stone"],"picked":"HoveringKite"}],"items_purged_floors":[22],"is_endless":false,"potions_floor_spawned":[4,10,12,14,16,21],"killed_by":"3 Cultists","ascension_level":5}}