{"host":"p033swmn9l8hdcoq","time":1607774285,"event":{"mods":["BaseMod","Minty Spire (QoL Compilation)","StSLib","[功能]功能增强和修复MOD"],"gold_per_floor":[110,110,110,123,136,136,166,196,196,213,226,255,31,80,80,80,80],"floor_reached":16,"playtime":493,"items_purged":["Strike_R"],"score":149,"play_id":"615e397b-57b8-4cd7-befc-b4fc406f53b2","local_time":"20201212195805","is_ascension_mode":true,"campfire_choices":[{"data":"1","floor":6.0,"key":"LIFT"},{"data":"2","floor":15.0,"key":"LIFT"}],"circlet_count":0,"master_deck":["Strike_R","Strike_R","Strike_R","Strike_R","Defend_R","Defend_R","Defend_R","Bash","Rupture+1","Shrug It Off","Disarm","Dark Embrace","Seeing Red"],"relics":["Burning Blood","Girya","Blue Candle","HornCleat","White Beast Statue","Centennial Puzzle","Red Skull"],"acts_visited":["Exordium"],"potions_floor_usage":[16],"damage_taken":[{"damage":6.0,"enemies":"Cultist","floor":1.0,"turns":3.0},{"damage":3.0,"enemies":"2 Louse","floor":4.0,"turns":4.0},{"damage":9.0,"enemies":"Jaw Worm","floor":5.0,"turns":5.0},{"damage":13.0,"enemies":"Gremlin Nob","floor":7.0,"turns":3.0},{"damage":4.0,"enemies":"Exordium Wildlife","floor":10.0,"turns":6.0},{"damage":2.0,"enemies":"3 Louse","floor":11.0,"turns":4.0},{"damage":32.0,"enemies":"3 Sentries","floor":12.0,"turns":11.0},{"damage":17,"enemies":"Hexaghost","floor":16,"turns":7}],"seed_played":"8517280382368144004","potions_obtained":[{"floor":5.0,"key":"ColorlessPotion"},{"floor":7.0,"key":"Block Potion"},{"floor":12.0,"key":"FearPotion"}],"is_trial":false,"path_per_floor":["M","?","?","M","M","R","E","?","T","M","M","E","$","T","R","B"],"character_chosen":"IRONCLAD","items_purchased":["Centennial Puzzle"],"campfire_rested":0,"item_purchase_floors":[13],"current_hp_per_floor":[51,44,44,47,44,44,37,37,37,39,43,17,17,17,17,0,0],"gold":80,"neow_bonus":"ONE_RARE_RELIC","is_daily":false,"chose_seed":false,"campfire_upgraded":0,"win_rate":0.0,"timestamp":1607774285,"path_taken":["M","?","?","M","?","R","E","?","T","M","M","E","$","?","R","BOSS"],"items_purchased_type":["Relic"],"build_version":"2020-11-30","purchased_purges":1,"victory":false,"max_hp_per_floor":[80,80,80,80,80,80,80,80,80,80,80,80,80,80,80,80,80],"card_choices":[{"not_picked":["Armaments","Warcry"],"picked":"Rupture","floor":1.0},{"not_picked":["Anger","Entrench"],"picked":"Shrug It Off","floor":4.0},{"not_picked":["Perfected Strike","True Grit"],"picked":"Disarm","floor":5.0},{"not_picked":["Brutality","Dual Wield","Flex"],"picked":"SKIP","floor":7.0},{"not_picked":["Sword Boomerang","Dropkick"],"picked":"Dark Embrace","floor":10.0},{"not_picked":["Perfected Strike","True Grit"],"picked":"Seeing Red","floor":11.0},{"not_picked":["Clothesline","Body Slam","Searing Blow"],"picked":"SKIP","floor":12.0}],"player_experience":49553,"relics_obtained":[{"floor":7.0,"key":"Blue Candle"},{"floor":9.0,"key":"HornCleat"},{"floor":12.0,"key":"White Beast Statue"},{"floor":14.0,"key":"Red Skull"}],"event_choices":[{"cards_removed":["Defend_R"],"damage_healed":0.0,"max_hp_gain":0.0,"max_hp_loss":0.0,"gold_gain":0.0,"event_name":"Golden Wing","player_choice":"Card Removal","floor":2.0,"gold_loss":0.0,"damage_taken":7.0},{"damage_healed":0.0,"max_hp_gain":0.0,"max_hp_loss":0.0,"gold_gain":0.0,"event_name":"Upgrade Shrine","player_choice":"Upgraded","floor":3.0,"gold_loss":0.0,"damage_taken":0.0,"cards_upgraded":["Rupture"]},{"damage_healed":0.0,"max_hp_gain":0.0,"max_hp_loss":0.0,"gold_gain":30.0,"event_name":"Dead Adventurer","player_choice":"Searched \u00271\u0027 times","floor":8.0,"gold_loss":0.0,"damage_taken":0.0}],"is_beta":false,"boss_relics":[],"items_purged_floors":[13],"is_endless":false,"potions_floor_spawned":[5,7,12],"killed_by":"Hexaghost","ascension_level":7}}