{"host":"Ilker","time":1607807020,"event":{"mods":["BaseMod","Bestiary","Block Reminder","Colored Map","DeckTracker","Highlight Path","Minty Spire (QoL Compilation)","Quick Restart","Relic Sorter","Relic Stats"],"gold_per_floor":[118,134,154,170,180,210,210,242,267,267,267,267,293,293,293,293,293],"floor_reached":16,"playtime":742,"items_purged":[],"score":248,"play_id":"2f2ec655-c75d-48bb-bd8d-865dad88df96","local_time":"20201213000340","is_ascension_mode":true,"campfire_choices":[{"floor":7.0,"key":"REST"},{"floor":15.0,"key":"REST"}],"circlet_count":0,"master_deck":["AscendersBane","Strike_B","Strike_B","Strike_B","Defend_B","Defend_B","Defend_B","Defend_B","Zap","Dualcast","Cold Snap","Ball Lightning","Barrage","Skim","Rebound","Recycle","Stack","Glacier"],"relics":["Nuclear Battery","Bottled Flame","Blue Candle","PreservedInsect","Bag of Preparation"],"acts_visited":["Exordium"],"potions_floor_usage":[16],"damage_taken":[{"damage":11.0,"enemies":"Cultist","floor":1.0,"turns":4.0},{"damage":0.0,"enemies":"2 Louse","floor":2.0,"turns":4.0},{"damage":5.0,"enemies":"Jaw Worm","floor":3.0,"turns":3.0},{"damage":6.0,"enemies":"2 Fungi Beasts","floor":4.0,"turns":3.0},{"damage":2.0,"enemies":"Exordium Wildlife","floor":5.0,"turns":6.0},{"damage":28.0,"enemies":"Gremlin Nob","floor":6.0,"turns":4.0},{"damage":11.0,"enemies":"3 Sentries","floor":8.0,"turns":7.0},{"damage":0.0,"enemies":"Large Slime","floor":10.0,"turns":1.0},{"damage":0.0,"enemies":"Exordium Thugs","floor":11.0,"turns":1.0},{"damage":11.0,"enemies":"Gremlin Nob","floor":13.0,"turns":3.0},{"damage":25,"enemies":"Hexaghost","floor":16,"turns":9}],"seed_played":"5234054923905904690","potions_obtained":[{"floor":2.0,"key":"GamblersBrew"},{"floor":5.0,"key":"SkillPotion"},{"floor":6.0,"key":"SmokeBomb"},{"floor":8.0,"key":"SmokeBomb"},{"floor":13.0,"key":"Weak Potion"}],"is_trial":false,"path_per_floor":["M","M","M","M","M","E","R","E","T","M","M","?","E","?","R","B"],"character_chosen":"DEFECT","items_purchased":[],"campfire_rested":2,"item_purchase_floors":[],"current_hp_per_floor":[53,53,48,42,40,12,33,22,22,22,22,22,11,4,25,0,0],"gold":293,"neow_bonus":"BOSS_RELIC","is_daily":false,"chose_seed":false,"campfire_upgraded":0,"win_rate":0.0,"timestamp":1607807020,"path_taken":["M","M","M","M","M","E","R","E","T","M","M","?","E","?","R","BOSS"],"items_purchased_type":[],"build_version":"2020-12-07","purchased_purges":0,"victory":false,"max_hp_per_floor":[71,71,71,71,71,71,71,71,71,71,71,71,71,71,71,71,71],"relic_stats":{"counters":[11,45],"Blue Candle":[0],"PreservedInsect":23,"Bag of Preparation":[2],"obtain_stats":[{"Bottled Flame":6,"Blue Candle":8,"PreservedInsect":9,"Bag of Preparation":13,"Cracked Core":0,"Nuclear Battery":0},{"Bottled Flame":6,"Blue Candle":7,"PreservedInsect":7,"Bag of Preparation":10,"Cracked Core":0,"Nuclear Battery":0},{"Bottled Flame":24,"Blue Candle":31,"PreservedInsect":31,"Bag of Preparation":36,"Cracked Core":0,"Nuclear Battery":0}]},"card_choices":[{"not_picked":["Gash","Recycle"],"picked":"Cold Snap","floor":1.0},{"not_picked":["Stack","Sweeping Beam"],"picked":"Ball Lightning","floor":2.0},{"not_picked":["Go for the Eyes","Sweeping Beam"],"picked":"Barrage","floor":3.0},{"not_picked":["Compile Driver","Double Energy"],"picked":"Skim","floor":4.0},{"not_picked":["Seek","Ball Lightning"],"picked":"Rebound","floor":5.0},{"not_picked":["Go for the Eyes","Hologram"],"picked":"Recycle","floor":6.0},{"not_picked":["Steam","Force Field"],"picked":"Stack","floor":8.0},{"not_picked":["Core Surge","Fusion"],"picked":"Glacier","floor":13.0}],"player_experience":1640456,"relics_obtained":[{"floor":6.0,"key":"Bottled Flame"},{"floor":8.0,"key":"Blue Candle"},{"floor":9.0,"key":"PreservedInsect"},{"floor":13.0,"key":"Bag of Preparation"}],"event_choices":[{"damage_healed":0.0,"max_hp_gain":0.0,"max_hp_loss":0.0,"gold_gain":0.0,"event_name":"Shining Light","player_choice":"Ignored","floor":12.0,"gold_loss":0.0,"damage_taken":0.0},{"cards_removed":["Strike_B"],"damage_healed":0.0,"max_hp_gain":0.0,"max_hp_loss":0.0,"gold_gain":0.0,"event_name":"Golden Wing","player_choice":"Card Removal","floor":14.0,"gold_loss":0.0,"damage_taken":7.0}],"is_beta":true,"boss_relics":[],"items_purged_floors":[],"is_endless":false,"potions_floor_spawned":[2,5,6,8,11,13],"killed_by":"Hexaghost","ascension_level":20}}