{"host":"cglr1m0d8tytrlaz","time":1607757175,"event":{"mods":["2.2 Compatiblity","Alarm Clock","BaseMod","Bestiary","Block Reminder","Colored Powertips","Curses Come First","Hermit","Highlight Path","Jorbs\u0027s Wanderer Trilogy","Minty Spire (QoL Compilation)","Quick Restart","Relic Sorter","Relic Stats","StSLib","The Hierophant","The Runesmith"],"gold_per_floor":[118,138,162,162,185,235,235,283,307,307,296,296,333,351,351,453,453,525,567,624,624,723,799,799,334,360,360,209,232,232,287,287,434,434,561,669,63,63,63,63,179,285,285,67,67,67,193,321,321,281,281],"floor_reached":50,"playtime":6572,"items_purged":["hierophant:TollTheBells","hierophant:Defend_Hierophant","hierophant:Chorus+1","hierophant:RustyCrate"],"score":794,"play_id":"9774d368-690c-486a-a585-e3d164542b97","local_time":"20201212011255","is_ascension_mode":false,"campfire_choices":[{"data":"hierophant:DisplayOfPower","floor":7,"key":"SMITH"},{"data":"hierophant:Levitation","floor":10,"key":"SMITH"},{"data":"hierophant:ChurchCoffers","floor":12,"key":"SMITH"},{"floor":15,"key":"REST"},{"floor":24,"key":"REST"},{"data":"hierophant:CursedGold","floor":30,"key":"SMITH"},{"data":"hierophant:Cornucopia","floor":32,"key":"SMITH"},{"data":"Secret Weapon","floor":40,"key":"SMITH"},{"floor":49,"key":"RECALL"}],"circlet_count":0,"master_deck":["hierophant:Punish","hierophant:Defend_Hierophant","hierophant:Defend_Hierophant+1","hierophant:ChurchCoffers+1","hierophant:Doubloon","hierophant:CoinFling","hierophant:SealAway+1","hierophant:Doubloon","hierophant:Dazzle","hierophant:DisplayOfPower+1","hierophant:Levitation+1","hierophant:Doubloon","hierophant:CursedGold+1","hierophant:Shelter","hierophant:Upheaval","hierophant:Cornucopia+1","hierophant:TollTheBells+1","hierophant:Patience+1","hierophant:Doubloon","hierophant:Dazzle","hierophant:OrnateBuckler","hierophant:Doubloon","hierophant:Charity","hierophant:Doubloon","hierophant:Doubloon","hierophant:OrnateJavelin","hierophant:Determination","hierophant:Levitation+1","Ghostly","Ghostly","Ghostly","Ghostly","Ghostly","hierophant:OrnateBuckler","hierophant:Embezzle+1","hierophant:Cornucopia+1","hierophant:Doubloon","hierophant:CursedGold","hierophant:Doubloon","hierophant:Remorse+1","Forethought","Madness","HandOfGreed","Secret Weapon+1","hierophant:Refuge+1","hierophant:Doubloon","Madness","Madness","hierophant:PristineSoul"],"relics":["hierophant:PropheticMaskRelic","Bronze Scales","Orichalcum","Regal Pillow","Astrolabe","Juzu Bracelet","White Beast Statue","DollysMirror","War Paint","SacredBark","Anchor","Eternal Feather","Frozen Egg 2","Mummified Hand"],"acts_visited":["Exordium","TheCity","TheBeyond"],"potions_floor_usage":[6,33,35,36,42,48],"damage_taken":[{"damage":5,"enemies":"Jaw Worm","floor":1,"turns":4},{"damage":1,"enemies":"Cultist","floor":2,"turns":4},{"damage":0,"enemies":"Small Slimes","floor":3,"turns":3},{"damage":0,"enemies":"3 Louse","floor":5,"turns":2},{"damage":30,"enemies":"Lagavulin","floor":6,"turns":8},{"damage":13,"enemies":"3 Sentries","floor":8,"turns":5},{"damage":0,"enemies":"Looter","floor":11,"turns":3},{"damage":7,"enemies":"Blue Slaver","floor":13,"turns":3},{"damage":0,"enemies":"Exordium Wildlife","floor":14,"turns":4},{"damage":44,"enemies":"The Guardian","floor":16,"turns":12},{"damage":6,"enemies":"2 Thieves","floor":18,"turns":3},{"damage":33,"enemies":"Chosen","floor":19,"turns":7},{"damage":1,"enemies":"Sentry and Sphere","floor":20,"turns":5},{"damage":25,"enemies":"Gremlin Leader","floor":23,"turns":9},{"damage":0,"enemies":"Cultist and Chosen","floor":29,"turns":8},{"damage":0,"enemies":"Slavers","floor":31,"turns":3},{"damage":32,"enemies":"Collector","floor":33,"turns":14},{"damage":1,"enemies":"3 Shapes","floor":35,"turns":11},{"damage":0,"enemies":"3 Darklings","floor":36,"turns":7},{"damage":9,"enemies":"4 Shapes","floor":41,"turns":10},{"damage":0,"enemies":"Transient","floor":42,"turns":5},{"damage":0,"enemies":"Spire Growth","floor":47,"turns":9},{"damage":2,"enemies":"3 Darklings","floor":48,"turns":6},{"damage":88,"enemies":"Donu and Deca","floor":50,"turns":13}],"seed_played":"7854248582206801310","potions_obtained":[{"floor":1,"key":"SmokeBomb"},{"floor":3,"key":"Energy Potion"},{"floor":5,"key":"SteroidPotion"},{"floor":8,"key":"Fire Potion"},{"floor":11,"key":"Explosive Potion"},{"floor":18,"key":"Dexterity Potion"},{"floor":33,"key":"Fruit Juice"},{"floor":35,"key":"Ancient Potion"},{"floor":36,"key":"Ancient Potion"},{"floor":41,"key":"Energy Potion"},{"floor":42,"key":"EssenceOfSteel"},{"floor":45,"key":"FairyPotion"},{"floor":45,"key":"Swift Potion"},{"floor":48,"key":"Explosive Potion"}],"is_trial":false,"path_per_floor":["M","M","M","?","M","E","R","E","T","R","M","R","M","M","R","B",null,"M","M","M","?","?","E","R","$","T","?","$","M","R","E","R","B",null,"M","M","$","?","T","R","M","M","T","$","?","?","M","M","R","B"],"character_chosen":"HIEROPHANT","items_purchased":["White Beast Statue","DollysMirror","hierophant:OrnateBuckler","Anchor","Eternal Feather","Forethought","hierophant:Refuge+1"],"campfire_rested":2,"item_purchase_floors":[25,25,28,37,37,37,44],"current_hp_per_floor":[77,76,76,76,76,46,46,33,33,33,33,33,26,26,65,21,82,76,43,42,42,42,17,56,56,56,41,41,41,41,41,41,38,41,51,51,51,41,41,51,50,50,50,50,50,44,51,51,51,0,0],"gold":281,"neow_bonus":"TEN_PERCENT_HP_BONUS","is_daily":false,"chose_seed":false,"campfire_upgraded":6,"win_rate":0.0,"timestamp":1607757175,"path_taken":["M","M","M","?","?","E","R","E","T","R","M","R","M","M","R","BOSS","M","M","M","?","?","E","R","$","T","?","?","M","R","E","R","BOSS","M","M","$","?","?","R","M","M","T","?","?","?","M","M","R","BOSS"],"items_purchased_type":["Relic","Relic","Card","Relic","Relic","Card","Card"],"build_version":"2020-11-30","purchased_purges":4,"victory":false,"max_hp_per_floor":[82,82,82,82,82,82,82,82,82,82,82,82,82,82,82,82,82,82,82,82,82,82,82,82,82,82,41,41,41,41,41,41,41,41,51,51,51,51,51,51,51,51,51,51,51,51,51,51,51,51,51],"relic_stats":{"Regal Pillow":30,"counters":[24,158],"Mummified Hand":[28],"Bronze Scales":[456],"Astrolabe":["hierophant:TollTheBells","hierophant:Patience","hierophant:Chorus"],"Eternal Feather":10,"Juzu Bracelet":1,"Orichalcum":[384],"War Paint":["hierophant:Cornucopia","hierophant:Defend_Hierophant"],"obtain_stats":[{"Regal Pillow":9,"hierophant:PropheticMaskRelic":0,"Astrolabe":17,"SacredBark":34,"Eternal Feather":37,"Juzu Bracelet":23,"Orichalcum":8,"War Paint":31,"Frozen Egg 2":39,"White Beast Statue":25,"Anchor":37,"DollysMirror":25,"Mummified Hand":43,"Bronze Scales":6},{"Regal Pillow":6,"hierophant:PropheticMaskRelic":0,"Astrolabe":10,"SacredBark":17,"Eternal Feather":19,"Juzu Bracelet":14,"Orichalcum":6,"War Paint":16,"Frozen Egg 2":19,"White Beast Statue":14,"Anchor":19,"DollysMirror":14,"Mummified Hand":21,"Bronze Scales":5},{"Regal Pillow":26,"hierophant:PropheticMaskRelic":0,"Astrolabe":48,"SacredBark":97,"Eternal Feather":115,"Juzu Bracelet":72,"Orichalcum":26,"War Paint":83,"Frozen Egg 2":115,"White Beast Statue":72,"Anchor":115,"DollysMirror":72,"Mummified Hand":130,"Bronze Scales":21}]},"card_choices":[{"not_picked":["hierophant:Racketeering","hierophant:SecretStash"],"picked":"hierophant:CoinFling","floor":1},{"not_picked":["hierophant:Charity","hierophant:Chorus"],"picked":"hierophant:TollTheBells","floor":2},{"not_picked":["hierophant:OrnateBuckler","hierophant:ThreeLashes"],"picked":"hierophant:SealAway","floor":3},{"not_picked":["hierophant:HolyVerse","hierophant:WrathOfGod"],"picked":"hierophant:Dazzle","floor":5},{"not_picked":["hierophant:AuricBeam","hierophant:HammerAndAnvil"],"picked":"hierophant:DisplayOfPower","floor":6},{"not_picked":["hierophant:Generosity","hierophant:HammerAndAnvil"],"picked":"hierophant:Levitation","floor":8},{"not_picked":["hierophant:MirrorShield","hierophant:ThreeLashes"],"picked":"hierophant:CursedGold","floor":11},{"not_picked":["hierophant:Prophecy","hierophant:MorningPrayer"],"picked":"hierophant:Shelter","floor":13},{"not_picked":["hierophant:Encroach","hierophant:DisplayOfPower"],"picked":"hierophant:Upheaval","floor":14},{"not_picked":["hierophant:DeathKnell","hierophant:BulkyChest"],"picked":"hierophant:Cornucopia","floor":16},{"not_picked":["hierophant:Prophecy+1","hierophant:TollTheBells"],"picked":"hierophant:Dazzle","floor":18},{"not_picked":["hierophant:FieryStrike","hierophant:Sermon"],"picked":"hierophant:OrnateBuckler","floor":19},{"not_picked":["hierophant:Flagellation","hierophant:SealAway"],"picked":"hierophant:Charity","floor":20},{"not_picked":["hierophant:PristineSoul","hierophant:Doomsaying+1"],"picked":"hierophant:Determination","floor":23},{"not_picked":["hierophant:Sermon","hierophant:OrnateJavelin+1"],"picked":"hierophant:Embezzle+1","floor":29},{"not_picked":["hierophant:RustyCrate+1","hierophant:Repentance"],"picked":"hierophant:Cornucopia","floor":31},{"not_picked":["hierophant:MorningPrayer","hierophant:OrnateBuckler"],"picked":"hierophant:CursedGold","floor":35},{"not_picked":["hierophant:Doubloon","hierophant:MirrorShield"],"picked":"hierophant:Remorse+1","floor":36},{"not_picked":["Violence","Enlightenment"],"picked":"Madness","floor":38},{"not_picked":["Jack Of All Trades","Sadistic Nature"],"picked":"HandOfGreed","floor":38},{"not_picked":["Forethought","Blind"],"picked":"Secret Weapon","floor":38},{"not_picked":["hierophant:Zeal+1","hierophant:Remorse","hierophant:FieryStrike"],"picked":"SKIP","floor":41},{"not_picked":["hierophant:Rebuild","hierophant:MorningPrayer+1","hierophant:HolyVerse+1"],"picked":"SKIP","floor":42},{"not_picked":["hierophant:Rebuild+1","hierophant:OrnateBuckler+1"],"picked":"hierophant:PristineSoul","floor":47},{"not_picked":["hierophant:Smite","hierophant:OrnateBuckler","hierophant:DeathKnell"],"picked":"SKIP","floor":48}],"player_experience":1214063,"relics_obtained":[{"floor":6,"key":"Bronze Scales"},{"floor":8,"key":"Orichalcum"},{"floor":9,"key":"Regal Pillow"},{"floor":23,"key":"Juzu Bracelet"},{"floor":31,"key":"War Paint"},{"floor":39,"key":"Frozen Egg 2"},{"floor":43,"key":"Mummified Hand"}],"event_choices":[{"damage_healed":0,"gold_gain":0,"player_choice":"Forge","damage_taken":0,"max_hp_gain":0,"max_hp_loss":0,"event_name":"Accursed Blacksmith","floor":4,"gold_loss":0,"cards_upgraded":["hierophant:SealAway"]},{"damage_healed":0,"gold_gain":0,"cards_transformed":["hierophant:Strike_Hierophant","hierophant:Strike_Hierophant"],"player_choice":"Became Test Subject","damage_taken":0,"max_hp_gain":0,"max_hp_loss":0,"event_name":"Drug Dealer","floor":21,"gold_loss":0,"cards_obtained":["hierophant:RustyCrate","hierophant:OrnateJavelin"]},{"damage_healed":0,"gold_gain":99,"player_choice":"Stole From Cult","damage_taken":0,"max_hp_gain":0,"max_hp_loss":0,"event_name":"Nest","floor":22,"gold_loss":0},{"damage_healed":0,"gold_gain":0,"player_choice":"Became a Ghost","damage_taken":0,"max_hp_gain":0,"max_hp_loss":41,"event_name":"Ghosts","floor":27,"gold_loss":0,"cards_obtained":["Ghostly","Ghostly","Ghostly","Ghostly","Ghostly"]},{"damage_healed":0,"gold_gain":0,"player_choice":"Memory 3","damage_taken":10,"max_hp_gain":0,"max_hp_loss":0,"event_name":"SensoryStone","floor":38,"gold_loss":0},{"damage_healed":0,"gold_gain":0,"player_choice":"Got Potions","damage_taken":0,"max_hp_gain":0,"max_hp_loss":0,"event_name":"Lab","floor":45,"gold_loss":0},{"damage_healed":0,"gold_gain":0,"player_choice":"Embrace Madness","damage_taken":6,"max_hp_gain":0,"max_hp_loss":0,"event_name":"Winding Halls","floor":46,"gold_loss":0,"cards_obtained":["Madness","Madness"]}],"is_beta":false,"boss_relics":[{"not_picked":["Runic Pyramid","Coffee Dripper"],"picked":"Astrolabe"},{"not_picked":["Empty Cage","Calling Bell"],"picked":"SacredBark"}],"items_purged_floors":[25,28,37,44],"is_endless":false,"potions_floor_spawned":[1,3,5,8,11,18,20,29,33,35,36,41,42,47,48],"killed_by":"Donu and Deca","ascension_level":0}}