{"host":"og6lam4kt3nibbw0","time":1607736857,"event":{"mods":["AchievementEnabler","BaseMod","Colored Map","DeckTracker","Highlight Path","Keyboard Shortcuts","Minty Spire (QoL Compilation)","Permanent Neow","Quick Restart","StSLib","SuperFastMode"],"gold_per_floor":[413,430,430,478,241,241,285,285,311,334,157,176,216,232,232,232,232],"floor_reached":16,"playtime":608,"items_purged":["Doubt","Strike_G"],"score":220,"play_id":"f135bf6d-2537-4b8a-8182-81874382bacb","local_time":"20201212103417","is_ascension_mode":true,"campfire_choices":[{"data":"Dash","floor":6,"key":"SMITH"},{"data":"Blur","floor":8,"key":"SMITH"},{"data":"Survivor","floor":15,"key":"SMITH"}],"circlet_count":0,"master_deck":["AscendersBane","Strike_G","Strike_G","Strike_G","Strike_G","Defend_G","Defend_G","Defend_G","Defend_G","Defend_G","Survivor+1","Neutralize","Dash+1","Blur+1","Purity","Acrobatics","A Thousand Cuts","All Out Attack","Reflex"],"relics":["Ring of the Snake","Old Coin","Golden Idol","Tiny Chest","Centennial Puzzle","MealTicket","Art of War"],"acts_visited":["Exordium"],"potions_floor_usage":[7,7,12,13,16,16],"damage_taken":[{"damage":7,"enemies":"2 Louse","floor":1,"turns":3},{"damage":0,"enemies":"Jaw Worm","floor":2,"turns":4},{"damage":18,"enemies":"Lagavulin","floor":7,"turns":10},{"damage":0,"enemies":"Small Slimes","floor":10,"turns":4},{"damage":0,"enemies":"Looter","floor":12,"turns":4},{"damage":6,"enemies":"3 Sentries","floor":13,"turns":11},{"damage":5,"enemies":"Exordium Thugs","floor":14,"turns":6},{"damage":39,"enemies":"Hexaghost","floor":16,"turns":9}],"seed_played":"7462402113173043561","potions_obtained":[{"floor":1,"key":"Strength Potion"},{"floor":2,"key":"EntropicBrew"},{"floor":12,"key":"AttackPotion"},{"floor":13,"key":"ColorlessPotion"}],"is_trial":false,"path_per_floor":["M","M","?","T","$","R","E","R","T","M","$","M","E","M","R","B"],"character_chosen":"THE_SILENT","items_purchased":["Purity","Acrobatics","Reflex"],"campfire_rested":0,"item_purchase_floors":[5,5,11],"current_hp_per_floor":[52,52,52,52,52,52,34,34,34,34,49,49,43,38,38,0,0],"gold":232,"neow_bonus":"ONE_RARE_RELIC","is_daily":false,"chose_seed":false,"campfire_upgraded":3,"win_rate":0.0,"timestamp":1607736857,"path_taken":["M","M","?","?","$","R","E","R","T","M","$","M","E","M","R","BOSS"],"items_purchased_type":["Card","Card","Card"],"build_version":"2020-11-30","purchased_purges":2,"victory":false,"max_hp_per_floor":[66,66,60,60,60,60,60,60,60,60,60,60,60,60,60,60,60],"card_choices":[{"not_picked":["Dodge and Roll","Bane"],"picked":"Dash","floor":1},{"not_picked":["Backflip","Reflex"],"picked":"Blur","floor":2},{"not_picked":["Footwork","Dagger Throw"],"picked":"A Thousand Cuts","floor":7},{"not_picked":["Poisoned Stab","Acrobatics"],"picked":"All Out Attack","floor":10},{"not_picked":["Bane","Dodge and Roll","Distraction"],"picked":"SKIP","floor":12},{"not_picked":["Deadly Poison","Slice","Flechettes"],"picked":"SKIP","floor":13},{"not_picked":["Deflect","Skewer","Accuracy"],"picked":"SKIP","floor":14}],"player_experience":725931,"relics_obtained":[{"floor":4,"key":"Tiny Chest"},{"floor":7,"key":"Centennial Puzzle"},{"floor":9,"key":"MealTicket"},{"floor":13,"key":"Art of War"}],"event_choices":[{"damage_healed":0,"gold_gain":0,"player_choice":"Lose Max HP","damage_taken":0,"relics_obtained":["Golden Idol"],"max_hp_gain":0,"max_hp_loss":6,"event_name":"Golden Idol","floor":3,"gold_loss":0}],"is_beta":false,"boss_relics":[],"items_purged_floors":[5,11],"is_endless":false,"potions_floor_spawned":[1,2,12,13],"killed_by":"Hexaghost","ascension_level":20}}