{"host":"1","time":1607801580,"event":{"mods":["Act Like it!","BaseMod","Better Third Choice","Hubris","Jorbs\u0027s Wanderer Trilogy","Minty Spire (QoL Compilation)","Replay The Spire","Shade Mod","StSLib","The Cursed","The Mystic","Wandering Minibosses"],"gold_per_floor":[114,64,74,74,90,125,140,172,218,245,245,170,180,30,30,135,135,147,87,87,97,97,132,132,132,132,149,166,66,66,77,168,168,168],"floor_reached":33,"playtime":1401,"items_purged":["Strike_R","Languid"],"score":315,"play_id":"6bd5e87d-76a9-49fe-9496-d56122d7b3cc","local_time":"20201212223300","is_ascension_mode":true,"campfire_choices":[{"floor":11,"key":"REST"},{"data":"Heavy Blade","floor":15,"key":"SMITH"},{"floor":24,"key":"RECALL"}],"circlet_count":0,"master_deck":["Strike_R","Strike_R","Strike_R","Defend_R","Defend_R","Defend_R","Defend_R","Bash","Demon Form","Clash","hubris:ReadiedAction","hubris:CleavingFinish","Blood for Blood","Heavy Blade+1","Berserk","Clash","Warcry","Double Tap+1","Sword Boomerang+1","Sword Boomerang","Overencumbered","Replay:Undeath\u0027s Touch","Evolve+1"],"relics":["Burning Blood","betterThird:SlimedRelic","Garlic","Replay:Mystery Machine","Ancient Tea Set","Odd Mushroom","ClockworkSouvenir","Cursed Key","NlothsMask","hubris:BottledHeart","Paper Frog"],"acts_visited":["Exordium","TheCity"],"potions_floor_usage":[6,7,16,16,33,33],"damage_taken":[{"damage":6,"enemies":"2 Louse","floor":1,"turns":2},{"damage":1,"enemies":"Cultist","floor":3,"turns":3},{"damage":3,"enemies":"Jaw Worm","floor":5,"turns":3},{"damage":20,"enemies":"3 Sentries","floor":6,"turns":7},{"damage":6,"enemies":"3 Louse","floor":7,"turns":9},{"damage":31,"enemies":"Lagavulin","floor":8,"turns":8},{"damage":30,"enemies":"The Mushroom Lair","floor":10,"turns":4},{"damage":0,"enemies":"Blue Slaver","floor":13,"turns":2},{"damage":26,"enemies":"The Guardian","floor":16,"turns":7},{"damage":5,"enemies":"Shell Parasite","floor":18,"turns":5},{"damage":14,"enemies":"2 Thieves","floor":21,"turns":3},{"damage":0,"enemies":"Replay:Snechameleon","floor":23,"turns":3},{"damage":0,"enemies":"Centurion and Healer","floor":27,"turns":5},{"damage":0,"enemies":"Chosen and Byrds","floor":28,"turns":5},{"damage":0,"enemies":"Cultist and Chosen","floor":31,"turns":3},{"damage":20,"enemies":"Collector","floor":33,"turns":5}],"seed_played":"-3242740535645364749","potions_obtained":[{"floor":1,"key":"BlessingOfTheForge"},{"floor":6,"key":"Regen Potion"},{"floor":10,"key":"Weak Potion"},{"floor":13,"key":"LiquidBronze"},{"floor":18,"key":"Toxic Potion"},{"floor":21,"key":"SteroidPotion"},{"floor":28,"key":"LiquidBronze"}],"is_trial":false,"path_per_floor":["M","?","M","?","M","E","M","E","T","?","R","$","M","$","R","B",null,"M","?","?","M","?","E","R","T","T","M","M","$","?","M","R","B"],"character_chosen":"IRONCLAD","items_purchased":["ClockworkSouvenir"],"campfire_rested":1,"item_purchase_floors":[14],"current_hp_per_floor":[80,69,74,74,77,63,77,52,52,28,52,52,58,58,58,38,80,80,80,80,72,1,1,1,1,1,1,1,1,1,1,1,0,0],"gold":168,"neow_bonus":"ONE_RANDOM_RARE_CARD","is_daily":false,"chose_seed":false,"campfire_upgraded":1,"win_rate":0.0,"timestamp":1607801580,"path_taken":["M","?","M","?","?","E","M","E","T","?","R","?","M","$","R","BOSS","M","?","?","?","?","E","R","?","T","?","M","$","?","?","R","BOSS"],"items_purchased_type":["Relic"],"build_version":"2020-11-17","purchased_purges":2,"victory":false,"max_hp_per_floor":[80,80,80,80,80,80,80,80,80,80,80,80,80,80,80,80,80,80,80,80,80,1,1,1,1,1,1,1,1,1,1,1,1,1],"card_choices":[{"not_picked":["Seeing Red","hubris:SharpeningStone"],"picked":"Clash","floor":1},{"not_picked":["Iron Wave","Fire Breathing"],"picked":"hubris:ReadiedAction","floor":3},{"not_picked":["Headbutt","Thunderclap"],"picked":"hubris:CleavingFinish","floor":5},{"not_picked":["Body Slam","Pommel Strike"],"picked":"Blood for Blood","floor":6},{"not_picked":["Uppercut","Armaments"],"picked":"Heavy Blade","floor":7},{"not_picked":["Armaments","Heavy Blade"],"picked":"Berserk","floor":8},{"not_picked":["Cleave","hubris:SharpeningStone"],"picked":"Clash","floor":10},{"not_picked":["Armaments","Sever Soul"],"picked":"Warcry","floor":13},{"not_picked":["Hemogenesis","Fiend Fire"],"picked":"Double Tap","floor":16},{"not_picked":["Iron Wave","Thunderclap","Perfected Strike"],"picked":"SKIP","floor":18},{"not_picked":["Shrug It Off+1","Massacre"],"picked":"Sword Boomerang+1","floor":21},{"not_picked":["True Grit","ReplayTheSpireMod:Limb From Limb"],"picked":"Sword Boomerang","floor":23},{"not_picked":["Run Through","Heavy Blade"],"picked":"Replay:Undeath\u0027s Touch","floor":27},{"not_picked":["Abandon","Defy Death+1","Reaper"],"picked":"SKIP","floor":28},{"not_picked":["Metallicize","Flame Barrier"],"picked":"Evolve+1","floor":31}],"player_experience":46387,"relics_obtained":[{"floor":6,"key":"Garlic"},{"floor":8,"key":"Replay:Mystery Machine"},{"floor":9,"key":"Ancient Tea Set"},{"floor":10,"key":"Odd Mushroom"},{"floor":23,"key":"Paper Frog"}],"event_choices":[{"damage_healed":0,"gold_gain":0,"player_choice":"Slimed","damage_taken":11,"max_hp_gain":0,"max_hp_loss":0,"event_name":"betterThird:BetterGoop","floor":2,"gold_loss":50},{"cards_removed":["Strike_R"],"damage_healed":0,"gold_gain":0,"player_choice":"Offered Basic","damage_taken":0,"max_hp_gain":0,"max_hp_loss":0,"event_name":"Bonfire Elementals","floor":4,"gold_loss":0},{"damage_healed":0,"gold_gain":0,"player_choice":"Fought Mushrooms","damage_taken":0,"max_hp_gain":0,"max_hp_loss":0,"event_name":"Mushrooms","floor":10,"gold_loss":0},{"damage_healed":0,"gold_gain":0,"player_choice":"Trade","damage_taken":0,"relics_obtained":["NlothsMask"],"max_hp_gain":0,"max_hp_loss":0,"event_name":"FaceTrader","floor":20,"gold_loss":0},{"damage_healed":0,"gold_gain":0,"player_choice":"Upgraded","damage_taken":0,"max_hp_gain":0,"max_hp_loss":0,"event_name":"Upgrade Shrine","floor":30,"gold_loss":0,"cards_upgraded":["Double Tap"]}],"is_beta":true,"boss_relics":[{"not_picked":["hubris:ScarierMask","ChewingGum"],"picked":"Cursed Key"}],"items_purged_floors":[12,29],"is_endless":false,"potions_floor_spawned":[1,6,10,13,18,21,28],"killed_by":"Collector","ascension_level":1}}