{"host":"32dedufnxebqtmo3","time":1607735075,"event":{"mods":["AchievementEnabler","BaseMod","Better Third Choice","Card Filter","Colored Powertips","Defuse TimeMaze Blight","GifTheSpireLib","Minty Spire (QoL Compilation)","Permanent Neow","Relic Filter","Relic Stats","Remove Card Discount Mod","Shop Mod","StSLib","The Cursed","Unceasing Turn Reminder"],"gold_per_floor":[119,119,119,119,144,185,185,185,185,199,232,246,290,313,313,443,506,526,368,368,185,205,238,238,238,238,259,293,293,293],"floor_reached":29,"playtime":1543,"items_purged":["Injury","Decay","Defend_B","Strike_B","Defend_B","Strike_B"],"score":304,"play_id":"1f14ec64-0df9-4f05-9343-af3affb08934","local_time":"20201211170435","is_ascension_mode":false,"campfire_choices":[{"data":"Defend_B","floor":7,"key":"SMITH"},{"floor":15,"key":"REST"},{"data":"Redo","floor":24,"key":"SMITH"}],"circlet_count":0,"master_deck":["Strike_B","Strike_B+1","Defend_B+1","Defend_B+1","Zap","Dualcast+1","Barrage","Darkness+1","SandsOfTime","Turbo+1","Conserve Battery","BootSequence","FTL","Streamline","Undo","Buffer","Redo+1","Darkness+1","Conserve Battery","FTL","FTL","Defragment+1","BootSequence+1"],"relics":["Cracked Core","Golden Idol","Strawberry","War Paint","Bottled Flame","StrikeDummy","MealTicket","Mercury Hourglass","Tiny House","DollysMirror","Runic Capacitor","Bird Faced Urn","Lizard Tail","Question Card"],"acts_visited":["Exordium","TheCity"],"potions_floor_usage":[13,13,13,27,29,29],"damage_taken":[{"damage":1,"enemies":"Jaw Worm","floor":1,"turns":4},{"damage":14,"enemies":"3 Sentries","floor":6,"turns":4},{"damage":0,"enemies":"2 Louse","floor":10,"turns":2},{"damage":18,"enemies":"Lagavulin","floor":11,"turns":6},{"damage":0,"enemies":"Small Slimes","floor":12,"turns":3},{"damage":0,"enemies":"3 Sentries","floor":13,"turns":6},{"damage":0,"enemies":"Gremlin Gang","floor":14,"turns":3},{"damage":13,"enemies":"The Guardian","floor":16,"turns":11},{"damage":15,"enemies":"Spheric Guardian","floor":18,"turns":4},{"damage":14,"enemies":"3 Byrds","floor":22,"turns":4},{"damage":47,"enemies":"Gremlin Leader","floor":23,"turns":6},{"damage":3,"enemies":"Snake Plant","floor":27,"turns":4},{"damage":21,"enemies":"Book of Stabbing","floor":28,"turns":5},{"damage":13,"enemies":"Snecko","floor":29,"turns":4}],"seed_played":"-507633705434023968","potions_obtained":[{"floor":6,"key":"Fire Potion"},{"floor":11,"key":"EssenceOfSteel"},{"floor":12,"key":"Regen Potion"},{"floor":17,"key":"EssenceOfDarkness"},{"floor":23,"key":"AttackPotion"},{"floor":28,"key":"ColorlessPotion"}],"is_trial":false,"path_per_floor":["M","?","?","?","T","E","R","?","T","M","E","M","E","M","R","B",null,"M","$","?","$","M","E","R","?","T","M","E","M"],"character_chosen":"DEFECT","items_purchased":["DollysMirror","Runic Capacitor","Conserve Battery"],"campfire_rested":1,"item_purchase_floors":[19,21,21],"current_hp_per_floor":[74,74,73,57,57,43,43,43,43,43,25,25,40,40,64,51,87,72,87,87,87,73,26,26,26,26,25,8,43,43],"gold":293,"neow_bonus":"THREE_CARDS","is_daily":false,"chose_seed":false,"campfire_upgraded":2,"win_rate":0.0,"timestamp":1607735075,"path_taken":["M","?","?","?","?","E","R","?","T","M","E","M","E","?","R","BOSS","M","$","?","$","M","E","R","?","T","M","E","M"],"items_purchased_type":["Relic","Relic","Card"],"build_version":"2020-11-30","purchased_purges":6,"victory":false,"max_hp_per_floor":[75,75,82,82,82,82,82,82,82,82,82,82,82,82,82,82,87,87,87,87,87,87,87,87,87,87,87,87,87,87],"relic_stats":{"Lizard Tail":43,"counters":[14,65],"Golden Idol":100,"Bird Faced Urn":[6],"MealTicket":15,"War Paint":["Defend_B","Dualcast"],"Question Card":0,"obtain_stats":[{"Tiny House":17,"Golden Idol":2,"Runic Capacitor":21,"War Paint":5,"Question Card":28,"Mercury Hourglass":13,"Bottled Flame":6,"Lizard Tail":26,"DollysMirror":19,"Strawberry":3,"Bird Faced Urn":23,"MealTicket":11,"Cracked Core":0,"StrikeDummy":9},{"Tiny House":8,"Golden Idol":1,"Runic Capacitor":9,"War Paint":1,"Question Card":13,"Mercury Hourglass":6,"Bottled Flame":2,"Lizard Tail":11,"DollysMirror":9,"Strawberry":1,"Bird Faced Urn":11,"MealTicket":4,"Cracked Core":0,"StrikeDummy":2},{"Tiny House":39,"Golden Idol":4,"Runic Capacitor":43,"War Paint":4,"Question Card":61,"Mercury Hourglass":25,"Bottled Flame":8,"Lizard Tail":52,"DollysMirror":43,"Strawberry":4,"Bird Faced Urn":52,"MealTicket":16,"Cracked Core":0,"StrikeDummy":8}],"Mercury Hourglass":[149]},"card_choices":[{"not_picked":["Static Discharge","Undo"],"picked":"Barrage","floor":0},{"not_picked":["Barrage","Compile Driver"],"picked":"Darkness","floor":1},{"not_picked":["Steam","Sweeping Beam"],"picked":"Turbo","floor":6},{"not_picked":["Stack","Compile Driver"],"picked":"Conserve Battery","floor":10},{"not_picked":["Ball Lightning","Force Field"],"picked":"BootSequence","floor":11},{"not_picked":["Steam","Leap"],"picked":"FTL","floor":12},{"not_picked":["Chaos","Steam Power"],"picked":"Streamline","floor":13},{"not_picked":["Force Field","Sweeping Beam"],"picked":"Undo","floor":14},{"not_picked":["Amplify","Fission"],"picked":"Buffer","floor":16},{"not_picked":["Leap","Stack"],"picked":"Redo","floor":17},{"not_picked":["Sweeping Beam","Stack","Compile Driver+1"],"picked":"SKIP","floor":18},{"not_picked":["Reprogram","Beam Cell"],"picked":"FTL","floor":22},{"not_picked":["Chaos","Go for the Eyes"],"picked":"FTL","floor":23},{"not_picked":["Static Discharge","Leap+1"],"picked":"Defragment+1","floor":27},{"not_picked":["Stack","Hologram"],"picked":"BootSequence+1","floor":28}],"player_experience":658111,"relics_obtained":[{"floor":5,"key":"War Paint"},{"floor":6,"key":"Bottled Flame"},{"floor":9,"key":"StrikeDummy"},{"floor":11,"key":"MealTicket"},{"floor":13,"key":"Mercury Hourglass"},{"floor":23,"key":"Bird Faced Urn"},{"floor":26,"key":"Lizard Tail"},{"floor":28,"key":"Question Card"}],"event_choices":[{"damage_healed":0,"gold_gain":0,"player_choice":"Take Wound","damage_taken":0,"relics_obtained":["Golden Idol"],"max_hp_gain":0,"max_hp_loss":0,"event_name":"Golden Idol","floor":2,"gold_loss":0,"cards_obtained":["Injury"]},{"damage_healed":73,"gold_gain":0,"player_choice":"Upgrade","damage_taken":16,"max_hp_gain":0,"max_hp_loss":82,"event_name":"betterThird:BetterShining","floor":4,"gold_loss":0,"cards_upgraded":["Darkness","Strike_B"]},{"damage_healed":0,"gold_gain":0,"player_choice":"Cursed","damage_taken":0,"max_hp_gain":0,"max_hp_loss":0,"event_name":"Wheel of Change","floor":8,"gold_loss":0,"cards_obtained":["Decay"]},{"damage_healed":0,"gold_gain":0,"player_choice":"Ignored","damage_taken":0,"max_hp_gain":0,"max_hp_loss":0,"event_name":"Ghosts","floor":20,"gold_loss":0},{"damage_healed":0,"gold_gain":0,"player_choice":"Adaptability","damage_taken":0,"max_hp_gain":0,"max_hp_loss":0,"event_name":"betterThird:BetterWriting","floor":25,"gold_loss":0}],"is_beta":false,"boss_relics":[{"not_picked":["Nuclear Battery","Fusion Hammer"],"picked":"Tiny House"}],"items_purged_floors":[19,19,19,19,19,19],"is_endless":false,"potions_floor_spawned":[6,11,12,23,28],"killed_by":"Snecko","ascension_level":0}}