{"host":"t7kiqd0mabx5u6gq","time":1607743832,"event":{"mods":["AchievementEnabler","Aspiration","BaseMod","Conspire","GifTheSpireLib","Halation","Hubris","Infinite Spire","Minty Spire (QoL Compilation)","Quarter Circle Forward PUNCH!","Quick Restart","Replay The Spire","StSLib","Stuff the Spire","vexMod"],"gold_per_floor":[116,116,116,133,308,308,333,60,60,60,60,79,79,79,110,130,130,235,235,255,255,272,18,18,44,61,61,61,99,120,137,166,8,8,15,15],"floor_reached":35,"playtime":798,"items_purged":["Doubt","StuffTheSpire:CuriosityCurse","Pain"],"score":479,"play_id":"f5ff6cc5-1e18-4d03-a968-9dfc91dad9f1","local_time":"20201211193032","is_ascension_mode":true,"campfire_choices":[{"data":"Inflame","floor":6.0,"key":"SMITH"},{"data":"Spot Weakness","floor":14.0,"key":"SMITH"},{"data":"Shrug It Off","floor":17.0,"key":"SMITH"},{"data":"Limit Break","floor":27,"key":"SMITH"},{"floor":34,"key":"REST"}],"circlet_count":0,"master_deck":["Strike_R","Strike_R","Strike_R","Defend_R","Defend_R+1","Defend_R+1","Defend_R","Bash","Inflame+1","Twin Strike","Thunderclap","Thunderclap","Spot Weakness+1","Headbutt","Shrug It Off+1","Limit Break+1","Iron Wave","Flex","StuffTheSpire:Incineration+1","Infernal Blade","Replay:Undeath\u0027s Touch","Armaments+1","Armaments+1","Armaments","StuffTheSpire:Slingshot+1"],"relics":["Burning Blood","NeowsBlessing","King of Hearts","HandDrill","Orichalcum","StuffTheSpire:Experiment12","Mark of Pain","Replay:Bottled Snecko","Replay:Baseball","WarpedTongs","halation:IllGainedPizza","MealTicket","halation:PrussianBluePaint"],"acts_visited":["Exordium","TheCity"],"potions_floor_usage":[26,26,31,32],"damage_taken":[{"damage":0.0,"enemies":"2 Louse","floor":1.0,"turns":1.0},{"damage":0.0,"enemies":"Cultist","floor":4.0,"turns":1.0},{"damage":0.0,"enemies":"Gremlin Nob","floor":7.0,"turns":1.0},{"damage":6.0,"enemies":"Jaw Worm","floor":12.0,"turns":3.0},{"damage":19.0,"enemies":"Lagavulin","floor":15.0,"turns":6.0},{"damage":11.0,"enemies":"Exordium Wildlife","floor":16.0,"turns":3.0},{"damage":20.0,"enemies":"Slime Boss","floor":18.0,"turns":10.0},{"damage":5.0,"enemies":"Spheric Guardian","floor":20.0,"turns":3.0},{"damage":6.0,"enemies":"Shell Parasite","floor":22.0,"turns":3.0},{"damage":17.0,"enemies":"Slavers","floor":25.0,"turns":4.0},{"damage":12,"enemies":"Centurion and Healer","floor":26,"turns":3},{"damage":10,"enemies":"Replay:Snechameleon","floor":29,"turns":6},{"damage":0,"enemies":"Snecko","floor":30,"turns":3},{"damage":29,"enemies":"Shelled Parasite and Fungi","floor":31,"turns":4},{"damage":12,"enemies":"conspire:HollyBat","floor":32,"turns":9},{"damage":76,"enemies":"hubris:MusketHawk","floor":35,"turns":6}],"seed_played":"6094999881096478346","potions_obtained":[{"floor":7.0,"key":"Weak Potion"},{"floor":12.0,"key":"Weak Potion"},{"floor":22.0,"key":"SteroidPotion"},{"floor":25.0,"key":"Explosive Potion"},{"floor":30,"key":"Swift Potion"}],"is_trial":false,"path_per_floor":["M","?","?","M","?","R","E","$","T","PTL","PTL","M","?","R","E","M","R","B",null,"M","?","M","$","?","E","M","R","T","E","M","M","M","$","R","B"],"character_chosen":"IRONCLAD","items_purchased":["HandDrill","Thunderclap","Replay:Baseball","StuffTheSpire:Slingshot+1"],"campfire_rested":1,"item_purchase_floors":[8,8,23,33],"current_hp_per_floor":[78,62,62,68,68,68,74,74,74,74,74,74,67,67,54,49,49,35,69,70,70,70,70,70,59,53,53,53,49,55,32,26,41,65,0,0],"gold":15,"neow_bonus":"THREE_ENEMY_KILL","is_daily":false,"chose_seed":false,"campfire_upgraded":4,"win_rate":0.0,"timestamp":1607743832,"path_taken":["M","?","?","?","?","R","E","$","T","PTL","PTL","M","?","R","E","M","R","BOSS","M","?","M","$","?","E","?","R","T","E","M","?","M","$","R","BOSS"],"items_purchased_type":["Relic","Card","Relic","Card"],"build_version":"2020-11-30","purchased_purges":3,"victory":false,"max_hp_per_floor":[80,80,80,80,80,80,80,80,80,80,80,80,80,80,80,80,80,80,80,80,80,80,80,80,80,80,80,80,80,80,80,80,80,80,80,80],"card_choices":[{"not_picked":["Pommel Strike","Clothesline"],"picked":"Inflame","floor":1.0},{"not_picked":["Warcry","StuffTheSpire:Incineration"],"picked":"Twin Strike","floor":4.0},{"not_picked":["Run Through","Sentinel"],"picked":"Thunderclap","floor":7.0},{"not_picked":["StuffTheSpire:BloodClot","Replay:Undeath\u0027s Touch"],"picked":"Spot Weakness","floor":12.0},{"not_picked":["Combust","Hemokinesis"],"picked":"Headbutt","floor":15.0},{"not_picked":["Pommel Strike","Clash"],"picked":"Shrug It Off","floor":16.0},{"not_picked":["Double Tap","conspire:HitWhereItHurts"],"picked":"Limit Break","floor":18.0},{"not_picked":["Uppercut","hubris:ReadiedAction"],"picked":"Iron Wave","floor":20.0},{"not_picked":["hubris:CleavingFinish+1","Defy Death"],"picked":"Flex","floor":22.0},{"not_picked":["Combust","Corruption"],"picked":"StuffTheSpire:Incineration+1","floor":25.0},{"not_picked":["True Grit","Pommel Strike"],"picked":"Infernal Blade","floor":26},{"not_picked":["Perfected Strike","Anger"],"picked":"Replay:Undeath\u0027s Touch","floor":29},{"not_picked":["StuffTheSpire:Incineration","Carnage"],"picked":"Armaments+1","floor":30},{"not_picked":["Cleave","Brutality"],"picked":"Armaments+1","floor":31},{"not_picked":["Power Through","Searing Blow"],"picked":"Armaments","floor":32}],"player_experience":561214,"relics_obtained":[{"floor":7.0,"key":"King of Hearts"},{"floor":9.0,"key":"Orichalcum"},{"floor":15.0,"key":"StuffTheSpire:Experiment12"},{"floor":25.0,"key":"halation:IllGainedPizza"},{"floor":28,"key":"MealTicket"},{"floor":29,"key":"halation:PrussianBluePaint"}],"event_choices":[{"damage_healed":0.0,"max_hp_gain":0.0,"max_hp_loss":0.0,"gold_gain":0.0,"event_name":"Shining Light","player_choice":"Entered Light","floor":2.0,"gold_loss":0.0,"damage_taken":16.0,"cards_upgraded":["Defend_R","Defend_R"]},{"cards_removed":["Strike_R"],"damage_healed":0.0,"max_hp_gain":0.0,"max_hp_loss":0.0,"gold_gain":0.0,"event_name":"Purifier","player_choice":"Purged","floor":3.0,"gold_loss":0.0,"damage_taken":0.0},{"damage_healed":0.0,"max_hp_gain":0.0,"max_hp_loss":0.0,"gold_gain":175.0,"event_name":"Liars Game","player_choice":"AGREE","floor":5.0,"gold_loss":0.0,"damage_taken":0.0,"cards_obtained":["Doubt"]},{"cards_removed":["Strike_R"],"damage_healed":0.0,"max_hp_gain":0.0,"max_hp_loss":0.0,"gold_gain":0.0,"event_name":"Golden Wing","player_choice":"Card Removal","floor":13.0,"gold_loss":0.0,"damage_taken":7.0},{"damage_healed":0.0,"max_hp_gain":0.0,"max_hp_loss":0.0,"gold_gain":0.0,"event_name":"Accursed Blacksmith","player_choice":"Rummage","floor":24.0,"gold_loss":0.0,"damage_taken":0.0,"relics_obtained":["WarpedTongs"],"cards_obtained":["Pain"]}],"is_beta":false,"boss_relics":[{"not_picked":["Runic Pyramid","StuffTheSpire:Kangaroo"],"picked":"Mark of Pain"}],"items_purged_floors":[8,23,33],"is_endless":false,"potions_floor_spawned":[7,12,22,25,30],"killed_by":"hubris:MusketHawk","ascension_level":9}}