{"host":"10b2ljh1rg6srmxa","time":1607768896,"event":{"mods":["AchievementEnabler","BaseMod","Colored Powertips","Hermit","Infinite Spire","Minty Spire (QoL Compilation)","Replay The Spire","StSLib"],"gold_per_floor":[117,117,132,307,307,333,350,366,366,366,143,143,143,161,161,161,161],"floor_reached":16,"playtime":927,"items_purged":["ReplayTheSpireMod:Doomed"],"score":125,"play_id":"5d84a1d9-b36f-487f-ba46-146be89f19e6","local_time":"20201212112816","is_ascension_mode":false,"campfire_choices":[{"data":"infinitespire:FutureSight","floor":10,"key":"SMITH"},{"data":"ReplayTheSpireMod:Restless Dread","floor":15,"key":"PURGE"}],"circlet_count":0,"master_deck":["hermit:Strike_Hermit+1","hermit:Strike_Hermit","hermit:Strike_Hermit","hermit:Strike_Hermit","hermit:Defend_Hermit","hermit:Defend_Hermit","hermit:Defend_Hermit+1","hermit:Defend_Hermit","hermit:Snapshot+1","hermit:Covet","hermit:Midnight","hermit:Headshot","Doubt","infinitespire:FutureSight+1","hermit:Snipe","hermit:TakeAim","hermit:Ricochet","hermit:Vantage"],"relics":["hermit:Momento","NeowsBlessing","Mummified Hand","HornCleat","PrismaticShard","Replay:Multitool"],"acts_visited":["Exordium"],"potions_floor_usage":[16],"damage_taken":[{"damage":0,"enemies":"2 Louse","floor":1,"turns":1},{"damage":0,"enemies":"Small Slimes","floor":3,"turns":1},{"damage":0,"enemies":"Replay:BlueRogue","floor":6,"turns":1},{"damage":0,"enemies":"Jaw Worm","floor":7,"turns":3},{"damage":9,"enemies":"Blue Slaver","floor":8,"turns":4},{"damage":1,"enemies":"2 Fungi Beasts","floor":14,"turns":2},{"damage":40,"enemies":"Hexaghost","floor":16,"turns":13}],"seed_played":"-2687377736796038665","potions_obtained":[{"floor":8,"key":"AttackPotion"},{"floor":14,"key":"Flashbang"}],"is_trial":false,"path_per_floor":["M","?","M","?","?","E","M","M","T","R","$","?","T","M","R","B"],"character_chosen":"HERMIT","items_purchased":["PrismaticShard"],"campfire_rested":0,"item_purchase_floors":[11],"current_hp_per_floor":[75,75,75,75,75,75,75,66,66,66,66,51,51,50,50,10,10],"gold":161,"neow_bonus":"THREE_ENEMY_KILL","is_daily":false,"chose_seed":false,"campfire_upgraded":1,"win_rate":0.0,"timestamp":1607768896,"path_taken":["M","?","M","?","?","E","M","?","T","R","$","?","?","M","R","BOSS"],"items_purchased_type":["Relic"],"build_version":"2020-11-30","purchased_purges":1,"victory":false,"max_hp_per_floor":[75,75,75,75,75,75,75,75,75,75,75,75,75,75,75,75,75],"card_choices":[{"not_picked":["hermit:WideOpen","hermit:EyeOfTheStorm"],"picked":"hermit:Midnight","floor":1},{"not_picked":["hermit:Showdown","hermit:Horror"],"picked":"hermit:Headshot","floor":3},{"not_picked":["infinitespire:SevenWalls","infinitespire:Starlight"],"picked":"infinitespire:FutureSight","floor":5},{"not_picked":["hermit:Combo","hermit:HoleUp"],"picked":"hermit:Snipe","floor":6},{"not_picked":["hermit:Ricochet","hermit:Headshot"],"picked":"hermit:TakeAim","floor":7},{"not_picked":["hermit:Manifest","hermit:Misfire"],"picked":"hermit:Ricochet","floor":8},{"not_picked":["Ball Lightning","Wild Strike"],"picked":"hermit:Vantage","floor":14}],"player_experience":208881,"relics_obtained":[{"floor":6,"key":"Mummified Hand"},{"floor":9,"key":"HornCleat"},{"floor":13,"key":"Replay:Multitool"}],"event_choices":[{"damage_healed":0,"gold_gain":0,"player_choice":"Grow","damage_taken":0,"max_hp_gain":0,"max_hp_loss":0,"event_name":"Living Wall","floor":2,"gold_loss":0,"cards_upgraded":["hermit:Snapshot"]},{"damage_healed":0,"gold_gain":175,"player_choice":"AGREE","damage_taken":0,"max_hp_gain":0,"max_hp_loss":0,"event_name":"Liars Game","floor":4,"gold_loss":0,"cards_obtained":["Doubt"]},{"damage_healed":0,"gold_gain":0,"player_choice":"Entered Light","damage_taken":15,"max_hp_gain":0,"max_hp_loss":0,"event_name":"Shining Light","floor":12,"gold_loss":0,"cards_upgraded":["hermit:Strike_Hermit","hermit:Defend_Hermit"]}],"is_beta":false,"boss_relics":[],"items_purged_floors":[11],"is_endless":false,"potions_floor_spawned":[8,14],"killed_by":"Hexaghost","ascension_level":0}}