{"host":"4qkvkh7pd9qr2mca","time":1607784506,"event":{"mods":["AchievementEnabler","BaseMod","Colored Map","Colored Powertips","Highlight Path","Minty Spire (QoL Compilation)","Permanent Neow","Quick Restart","StSLib","SuperFastMode"],"gold_per_floor":[109,109,74,86,105,105,116,146,146,146,146],"floor_reached":10,"playtime":246,"items_purged":[],"score":136,"play_id":"ddbf1332-35d8-4b71-96b4-0aa632807a74","local_time":"20201212154826","is_ascension_mode":true,"campfire_choices":[{"data":"Footwork","floor":6,"key":"SMITH"}],"circlet_count":0,"master_deck":["AscendersBane","Strike_G","Strike_G","Strike_G","Strike_G","Strike_G","Defend_G","Defend_G","Defend_G","Defend_G","Defend_G","Survivor","Neutralize","Corpse Explosion","Escape Plan","Catalyst","Footwork+1","Footwork"],"relics":["Ring of the Snake","InkBottle","The Courier","Gremlin Horn"],"acts_visited":["Exordium"],"potions_floor_usage":[5,10],"damage_taken":[{"damage":8,"enemies":"Jaw Worm","floor":1,"turns":4},{"damage":0,"enemies":"2 Louse","floor":4,"turns":2},{"damage":4,"enemies":"Small Slimes","floor":5,"turns":4},{"damage":1,"enemies":"2 Fungi Beasts","floor":7,"turns":4},{"damage":17,"enemies":"Lagavulin","floor":8,"turns":9},{"damage":32,"enemies":"Gremlin Nob","floor":10,"turns":3}],"seed_played":"-8836324262937703511","potions_obtained":[{"floor":1,"key":"Energy Potion"},{"floor":7,"key":"Block Potion"}],"is_trial":false,"path_per_floor":["M","?","?","M","M","R","M","E","T","E"],"character_chosen":"THE_SILENT","items_purchased":[],"campfire_rested":0,"item_purchase_floors":[],"current_hp_per_floor":[36,31,47,47,43,43,42,25,25,0,0],"gold":146,"neow_bonus":"THREE_RARE_CARDS","is_daily":false,"chose_seed":false,"campfire_upgraded":1,"win_rate":0.0,"timestamp":1607784506,"path_taken":["M","?","?","M","M","R","M","E","T","E"],"items_purchased_type":[],"build_version":"2020-11-30","purchased_purges":0,"victory":false,"max_hp_per_floor":[66,66,66,66,66,66,66,66,66,66,66],"card_choices":[{"not_picked":["Wraith Form v2","Die Die Die"],"picked":"Corpse Explosion","floor":0},{"not_picked":["Cloak And Dagger","Deflect"],"picked":"Escape Plan","floor":1},{"not_picked":["Sucker Punch","Backflip"],"picked":"Catalyst","floor":4},{"not_picked":["Bane","Masterful Stab"],"picked":"Footwork","floor":5},{"not_picked":["Infinite Blades","Heel Hook","Crippling Poison"],"picked":"SKIP","floor":7},{"not_picked":["Setup","Underhanded Strike"],"picked":"Footwork","floor":8}],"player_experience":301152,"relics_obtained":[{"floor":8,"key":"The Courier"},{"floor":9,"key":"Gremlin Horn"}],"event_choices":[{"damage_healed":0,"gold_gain":0,"player_choice":"Success","damage_taken":5,"relics_obtained":["InkBottle"],"max_hp_gain":0,"max_hp_loss":0,"event_name":"Scrap Ooze","floor":2,"gold_loss":0},{"damage_healed":16,"gold_gain":0,"player_choice":"Healed","damage_taken":0,"max_hp_gain":0,"max_hp_loss":0,"event_name":"The Cleric","floor":3,"gold_loss":35}],"is_beta":false,"boss_relics":[],"items_purged_floors":[],"is_endless":false,"potions_floor_spawned":[1,7],"killed_by":"Gremlin Nob","ascension_level":20}}