{"host":"nvwxkcurnqq848ao","time":1607753788,"event":{"mods":["BaseMod","Block Reminder","Downfall","Infinite Spire","Minty Spire (QoL Compilation)","Relic Sorter","Replay The Spire","StSLib"],"gold_per_floor":[110,35,230,246,256,256,282,294,294,294,349,230,257,270,287,301,301,397,397,414,428,343,6,16,16,29,43,89,89,89],"floor_reached":29,"playtime":1987,"items_purged":[],"score":349,"play_id":"7f1b4d49-10c9-461a-9a2b-4daa0642df3f","local_time":"20201212001628","is_ascension_mode":true,"campfire_choices":[{"data":"Fire Breathing","floor":6,"key":"SMITH"},{"floor":25,"key":"REST"}],"circlet_count":0,"master_deck":["Strike_R","Strike_R","Defend_R","Defend_R","Defend_R","Defend_R","Bash","Sword Boomerang+1","Headbutt+1","Bloodletting+1","Burning Pact","Life Link","ReplayTheSpireMod:Splinters","Fire Breathing+1","Cleave","Flex","Havoc","ReplayReversal","Midas Touch","ReplayTheSpireMod:Private Reserves","expansioncontent:DarkVoid","Seeing Red","Second Wind+1","Wild Strike","Dark Embrace","Corruption","sneckomod:Bewildered","sneckomod:SnekBite","Feed","Replay:SS_fish_2","infinitespire:Fortify","Wild Strike","ReplayTheSpireMod:Strike From Hell","Shrug It Off","Metallicize","Burning Pact","Whirlwind+1","Fiend Fire","Pot Of Greed","Pot Of Greed","Pot Of Greed","Pot Of Greed"],"relics":["Astrolabe","Mirror","Bronze Scales","ReplayTheSpireMod:ShopPack","Divine Protection","ReplayTheSpireMod:SealedPack","Shovel","Toolbox","Grinning Jar"],"acts_visited":["Exordium","TheCity"],"potions_floor_usage":[8,13,14,15,16,24],"damage_taken":[{"damage":2,"enemies":"Jaw Worm","floor":1,"turns":3},{"damage":1,"enemies":"2 Louse","floor":4,"turns":2},{"damage":0,"enemies":"Small Slimes","floor":5,"turns":3},{"damage":18,"enemies":"Gremlin Nob","floor":7,"turns":3},{"damage":15,"enemies":"3 Louse","floor":8,"turns":4},{"damage":36,"enemies":"Replay:BlueRogue","floor":13,"turns":5},{"damage":0,"enemies":"Blue Slaver","floor":14,"turns":2},{"damage":2,"enemies":"2 Fungi Beasts","floor":15,"turns":2},{"damage":5,"enemies":"Gremlin Gang","floor":16,"turns":3},{"damage":20,"enemies":"Slime Boss","floor":18,"turns":7},{"damage":20,"enemies":"Shell Parasite","floor":20,"turns":5},{"damage":33,"enemies":"2 Thieves","floor":21,"turns":4},{"damage":6,"enemies":"Centurion and Healer","floor":24,"turns":7},{"damage":25,"enemies":"Snecko","floor":26,"turns":4},{"damage":28,"enemies":"Shelled Parasite and Fungi","floor":27,"turns":5},{"damage":12,"enemies":"Snake Plant","floor":29,"turns":2}],"seed_played":"5450384648073786249","potions_obtained":[{"floor":4,"key":"Venom Potion"},{"floor":5,"key":"LiquidMemories"},{"floor":7,"key":"Adrenaline Potion"},{"floor":13,"key":"PowerPotion"},{"floor":15,"key":"SkillPotion"},{"floor":20,"key":"Elixir"},{"floor":21,"key":"GamblersBrew"}],"is_trial":false,"path_per_floor":["M","$","?","M","M","R","E","M","PTL","PTL","T","$","E","M","M","M","R","B",null,"M","M","?","$","M","R","M","M","T","M"],"character_chosen":"IRONCLAD","items_purchased":["Life Link","ReplayTheSpireMod:ShopPack","Toolbox","Shrug It Off","Metallicize","Burning Pact"],"campfire_rested":1,"item_purchase_floors":[2,12,23,23,23,23],"current_hp_per_floor":[78,78,78,77,77,77,59,44,44,44,44,44,8,8,6,1,25,5,61,49,27,27,27,32,57,32,12,12,0,0],"gold":89,"neow_bonus":"BOSS_RELIC","is_daily":false,"chose_seed":false,"campfire_upgraded":1,"win_rate":0.0,"timestamp":1607753788,"path_taken":["M","$","?","M","M","R","E","M","PTL","PTL","T","$","E","M","M","M","R","BOSS","M","M","?","$","M","R","M","M","T","M"],"items_purchased_type":["Card","Relic","Relic","Card","Card","Card"],"build_version":"2020-11-30","purchased_purges":0,"victory":false,"max_hp_per_floor":[80,80,80,80,80,80,80,80,80,80,80,80,80,80,80,80,80,80,80,80,83,83,83,86,86,86,86,86,86,86],"card_choices":[{"not_picked":["Flame Barrier","Metallicize"],"picked":"Burning Pact","floor":1},{"not_picked":["Inflame","Twin Strike"],"picked":"Fire Breathing","floor":3},{"not_picked":["Body Slam","Intimidate"],"picked":"Cleave","floor":4},{"not_picked":["Replay:Undeath\u0027s Touch","Clothesline"],"picked":"Flex","floor":5},{"not_picked":["Ghostly Armor","Intimidate"],"picked":"Havoc","floor":7},{"not_picked":["Flex","Iron Wave"],"picked":"ReplayReversal","floor":8},{"not_picked":["Violence","Chrysalis"],"picked":"Midas Touch","floor":12},{"not_picked":["expansioncontent:Flail","Madness"],"picked":"ReplayTheSpireMod:Private Reserves","floor":12},{"not_picked":["HandOfGreed","Replay:SS_hec_4"],"picked":"expansioncontent:DarkVoid","floor":12},{"not_picked":["Shockwave","Rampage"],"picked":"Seeing Red","floor":13},{"not_picked":["Perfected Strike","Twin Strike"],"picked":"Second Wind","floor":14},{"not_picked":["Clash","Warcry"],"picked":"Wild Strike","floor":15},{"not_picked":["Life Link","Clash"],"picked":"Dark Embrace","floor":16},{"not_picked":["Barricade","Brutality"],"picked":"Corruption","floor":18},{"not_picked":["Slimebound:CorrosiveSpit","Dualcast"],"picked":"sneckomod:SnekBite","floor":19},{"not_picked":["Double Tap","Replay:Many Hands"],"picked":"Feed","floor":19},{"not_picked":["Mind Blast","Purity"],"picked":"Replay:SS_fish_2","floor":19},{"not_picked":["infinitespire:Menacing","infinitespire:FinalStrike"],"picked":"infinitespire:Fortify","floor":19},{"not_picked":["ReplayTheSpireMod:Corrosion Curse","Thunderclap"],"picked":"Wild Strike","floor":20},{"not_picked":["Sword Boomerang","Replay:Undeath\u0027s Touch"],"picked":"ReplayTheSpireMod:Strike From Hell","floor":21},{"not_picked":["Shockwave","Clash","Blood for Blood"],"picked":"SKIP","floor":24},{"not_picked":["ReplayTheSpireMod:LeadingStrike+1","Run Through"],"picked":"Whirlwind+1","floor":26},{"not_picked":["Wild Strike","Sever Soul"],"picked":"Fiend Fire","floor":27}],"player_experience":509563,"relics_obtained":[{"floor":7,"key":"Mirror"},{"floor":11,"key":"Bronze Scales"},{"floor":13,"key":"Divine Protection"},{"floor":28,"key":"Grinning Jar"}],"event_choices":[{"damage_healed":0,"gold_gain":0,"player_choice":"Obtained Relic","damage_taken":0,"relics_obtained":["Shovel"],"max_hp_gain":0,"max_hp_loss":0,"event_name":"Addict","floor":22,"gold_loss":85}],"is_beta":false,"boss_relics":[{"not_picked":["Replay:Bronze Core","Velvet Choker"],"picked":"ReplayTheSpireMod:SealedPack"}],"items_purged_floors":[],"is_endless":false,"potions_floor_spawned":[4,5,7,13,15,20,21],"killed_by":"Snake Plant","ascension_level":5}}