{"host":"ehwj6oc29l3x8nvc","time":1607807714,"event":{"mods":["Act Like it!","BaseMod","BetterRewards","Downfall","Hallownest","Minty Spire (QoL Compilation)","StSLib","The Bug Knight","The Disciple","Transform Curses"],"gold_per_floor":[119,44,56,56,67,67,92,108,135,135,151,39,39,39,39,39,39],"floor_reached":16,"playtime":1289,"items_purged":[],"score":100,"play_id":"effabe3c-82ad-449c-a419-9a0ea2dc0f1f","local_time":"20201212141514","is_ascension_mode":false,"campfire_choices":[{"data":"HollowMod:HowlingWraiths","floor":6,"key":"SMITH"},{"floor":15,"key":"REST"}],"circlet_count":0,"master_deck":["HollowMod:NailStrikeStart","HollowMod:NailStrikeStart+1","HollowMod:NailStrikeStart","HollowMod:NailStrikeStart","HollowMod:QuickDashStart","HollowMod:QuickDashStart","HollowMod:QuickDashStart","HollowMod:QuickDashStart","HollowMod:FocusHealStart","HollowMod:PogoStrike","HollowMod:HowlingWraiths+1","HollowMod:SoulStrike+1","HollowMod:CloakDash","HollowMod:NewLittleFool","HollowMod:SoulVessel","HollowMod:CycloneSlash","HollowMod:ZotesMagnificence"],"relics":["HollowMod:VesselMask","Hallownest:BankAccountRelic","HollowMod:MillibellesNoteRelic","Whetstone","HollowMod:MantisClawRelic","Hallownest:DreamNailRelic","Kunai"],"acts_visited":["Hallownest:Greenpath"],"potions_floor_usage":[16,16],"damage_taken":[{"damage":0,"enemies":"Hallownest:monsterHuskWarrior","floor":1,"turns":2},{"damage":11,"enemies":"Hallownest:2_Baldur","floor":3,"turns":3},{"damage":4,"enemies":"Hallownest:monsterHuskGuard","floor":5,"turns":4},{"damage":32,"enemies":"Hallownest:eliteMossKnight","floor":7,"turns":10},{"damage":37,"enemies":"Hallownest:1_Ooma_and_2_Uuma","floor":8,"turns":6},{"damage":19,"enemies":"Hallownest:MossCreep_and_Mosskin","floor":11,"turns":5},{"damage":50,"enemies":"Hallownest:BossBrokenVessel","floor":16,"turns":7}],"seed_played":"8692400951217149278","potions_obtained":[{"floor":7,"key":"Swift Potion"},{"floor":8,"key":"SkillPotion"},{"floor":11,"key":"Fire Potion"}],"is_trial":false,"path_per_floor":["M","?","M","?","M","R","E","M","T","T","M","$","?","T","R","B"],"character_chosen":"THE_BUGKNIGHT","items_purchased":["HollowMod:ZotesMagnificence"],"campfire_rested":1,"item_purchase_floors":[12],"current_hp_per_floor":[82,82,71,82,78,78,52,25,25,25,12,12,12,12,36,0,0],"gold":39,"neow_bonus":"TEN_PERCENT_HP_BONUS","is_daily":false,"chose_seed":false,"campfire_upgraded":1,"win_rate":0.0,"timestamp":1607807714,"path_taken":["M","?","M","?","?","R","E","M","T","?","M","?","?","?","R","BOSS"],"items_purchased_type":["Card"],"build_version":"2020-11-30","purchased_purges":0,"victory":false,"max_hp_per_floor":[82,82,82,82,82,82,82,82,82,82,82,82,82,82,82,82,82],"card_choices":[{"not_picked":["HollowMod:GoodIntentions","HollowMod:NewLittleFool"],"picked":"HollowMod:HowlingWraiths","floor":1},{"not_picked":["HollowMod:InfectedCysts","HollowMod:CrystalDash"],"picked":"HollowMod:SoulStrike","floor":3},{"not_picked":["HollowMod:theNailsmith","HollowMod:HuntersJournal"],"picked":"HollowMod:CloakDash","floor":5},{"not_picked":["HollowMod:InfectedCysts","HollowMod:InfectedAttack"],"picked":"HollowMod:NewLittleFool","floor":7},{"not_picked":["HollowMod:HuntersJournal","HollowMod:PerfectDash"],"picked":"HollowMod:SoulVessel","floor":8},{"not_picked":["HollowMod:HuntersJournal","HollowMod:VengefulVoid"],"picked":"HollowMod:CycloneSlash","floor":11}],"player_experience":13066,"relics_obtained":[{"floor":7,"key":"HollowMod:MillibellesNoteRelic"},{"floor":9,"key":"Whetstone"},{"floor":10,"key":"HollowMod:MantisClawRelic"},{"floor":14,"key":"Kunai"}],"event_choices":[],"is_beta":false,"boss_relics":[],"items_purged_floors":[],"is_endless":false,"potions_floor_spawned":[5,7,8,11],"killed_by":"Hallownest:BossBrokenVessel","ascension_level":0}}