{"host":"6fbjdsiu9jij34p7","time":1607737282,"event":{"mods":["2.2 Compatiblity","AchievementEnabler","BaseMod","Colored Map","DeckTracker","Highlight Path","Keyboard Shortcuts","Minty Spire (QoL Compilation)","Permanent Neow","Quick Restart","StSLib","SuperFastMode"],"gold_per_floor":[119,129,10,85,85,85,105,5,87,121,43,43,60,72,72,72,72],"floor_reached":16,"playtime":369,"items_purged":["Strike_B","Regret"],"score":180,"play_id":"42b9a27a-4432-4128-8a86-fb089d77c2ed","local_time":"20201212104122","is_ascension_mode":true,"campfire_choices":[{"floor":6,"key":"REST"},{"data":"Dualcast","floor":12,"key":"SMITH"},{"floor":15,"key":"REST"}],"circlet_count":0,"master_deck":["AscendersBane","Strike_B","Strike_B","Strike_B","Defend_B","Defend_B","Defend_B","Defend_B","Zap","Dualcast+1","Ball Lightning","Self Repair","Rip and Tear","Melter","Stack","Capacitor","Hologram","Defragment"],"relics":["Cracked Core","NeowsBlessing","Question Card","Gremlin Horn","Nunchaku"],"acts_visited":["Exordium"],"potions_floor_usage":[10,16,16],"damage_taken":[{"damage":0,"enemies":"2 Louse","floor":1,"turns":1},{"damage":0,"enemies":"Small Slimes","floor":2,"turns":1},{"damage":0,"enemies":"Jaw Worm","floor":7,"turns":1},{"damage":16,"enemies":"3 Sentries","floor":10,"turns":6},{"damage":35,"enemies":"Exordium Thugs","floor":13,"turns":4},{"damage":17,"enemies":"Red Slaver","floor":14,"turns":4},{"damage":64,"enemies":"Slime Boss","floor":16,"turns":8}],"seed_played":"1849217205141258320","potions_obtained":[{"floor":2,"key":"BlessingOfTheForge"},{"floor":10,"key":"FocusPotion"},{"floor":14,"key":"Regen Potion"}],"is_trial":false,"path_per_floor":["M","M","$","?","?","R","M","$","T","E","$","R","M","M","R","B"],"character_chosen":"DEFECT","items_purchased":["Rip and Tear","Capacitor"],"campfire_rested":2,"item_purchase_floors":[3,11],"current_hp_per_floor":[64,64,64,53,53,71,71,71,71,62,62,62,34,24,45,0,0],"gold":72,"neow_bonus":"THREE_ENEMY_KILL","is_daily":false,"chose_seed":false,"campfire_upgraded":1,"win_rate":0.0,"timestamp":1607737282,"path_taken":["M","M","$","?","?","R","?","$","T","E","?","R","M","M","R","BOSS"],"items_purchased_type":["Card","Card"],"build_version":"2020-11-30","purchased_purges":2,"victory":false,"max_hp_per_floor":[71,71,71,71,71,71,71,71,71,71,71,71,71,71,71,71,71],"card_choices":[{"not_picked":["Static Discharge","Fusion"],"picked":"Ball Lightning","floor":1},{"not_picked":["Consume","Auto Shields"],"picked":"Self Repair","floor":2},{"not_picked":["Beam Cell","Consume","White Noise"],"picked":"Melter","floor":7},{"not_picked":["Ball Lightning","Go for the Eyes","Double Energy"],"picked":"Stack","floor":10},{"not_picked":["Stack","Streamline","Beam Cell"],"picked":"Hologram","floor":13},{"not_picked":["Rip and Tear","Ball Lightning","Beam Cell"],"picked":"Defragment","floor":14}],"player_experience":222133,"relics_obtained":[{"floor":9,"key":"Gremlin Horn"},{"floor":10,"key":"Nunchaku"}],"event_choices":[{"damage_healed":0,"gold_gain":75,"player_choice":"Gather Gold","damage_taken":11,"max_hp_gain":0,"max_hp_loss":0,"event_name":"World of Goop","floor":4,"gold_loss":0},{"damage_healed":0,"gold_gain":0,"player_choice":"Box","damage_taken":0,"relics_obtained":["Question Card"],"max_hp_gain":0,"max_hp_loss":0,"event_name":"Big Fish","floor":5,"gold_loss":0,"cards_obtained":["Regret"]}],"is_beta":false,"boss_relics":[],"items_purged_floors":[3,8],"is_endless":false,"potions_floor_spawned":[2,10,14],"killed_by":"Slime Boss","ascension_level":16}}