{"host":"re9xirrjoezsqg3h","time":1607795192,"event":{"mods":["AchievementEnabler","BaseMod","Dota2Spire","Downfall","GifTheSpireLib","Hermit","Luminous","Minty Spire (QoL Compilation)","Replay The Spire","Robot Space Explorer","StSLib","The Administrix","The Bug Knight","The Cursed","[IsaacMod]ÒÔÈö¼âËþ"],"gold_per_floor":[114,128,140,190,190,190,202,202,229,240,240,240,240,259,259,358,358,368,668,668,476,492,492,518,518,542,555,474,491,502,518,518,618,668,684,684,702,702,752,752,765,765,765,572,582,597,351,367,367,367],"floor_reached":51,"playtime":2865,"items_purged":["Defend_P","Strike_P","Strike_P","Defend_P"],"score":686,"play_id":"c82c90e6-131f-474b-8bc2-0441d755740e","local_time":"20201213014632","is_ascension_mode":false,"campfire_choices":[{"data":"Eruption","floor":6.0,"key":"SMITH"},{"data":"CutThroughFate","floor":8.0,"key":"SMITH"},{"data":"CarveReality","floor":12.0,"key":"SMITH"},{"data":"JustLucky","floor":15.0,"key":"SMITH"},{"data":"DeusExMachina","floor":23.0,"key":"SMITH"},{"data":"DevaForm","floor":32.0,"key":"SMITH"},{"data":"Replay:Cycle","floor":40.0,"key":"SMITH"},{"data":"Scrawl","floor":42.0,"key":"SMITH"},{"data":"CutThroughFate","floor":49.0,"key":"SMITH"}],"circlet_count":0,"master_deck":["Strike_P","Strike_P","Defend_P","Defend_P","Eruption+1","Vigilance","CarveReality+1","CutThroughFate+1","Replay:DivineShield+1","Replay:Cycle+1","FearNoEvil","JustLucky+1","DeusExMachina+1","ClearTheMind+1","DevaForm+1","SignatureMove+1","ThirdEye","Wireheading","Scrawl+1","FollowUp+1","JustLucky+1","FollowUp+1","CutThroughFate+1","Secret Weapon"],"relics":["PureWater","HushsDoor","SteamSale","NeowsBlessing","DoctorsRemote","Replay:Rubber Ducky","Dota2Spire:ShadowBlade","Replay:WaspNest","Coffee Dripper","Gambling Chip","Dota2Spire:ShivaGuard","Dota2Spire:LotusOrb","Tiny House","Incense Burner","ReplayTheSpireMod:TigerMarble","ReplayTheSpireMod:Ninjato","Dota2Spire:PhaseBoots"],"acts_visited":["Exordium","TheCity","TheBeyond"],"potions_floor_usage":[50],"damage_taken":[{"damage":0.0,"enemies":"Cultist","floor":1.0,"turns":1.0},{"damage":0.0,"enemies":"Small Slimes","floor":2.0,"turns":1.0},{"damage":0.0,"enemies":"Jaw Worm","floor":3.0,"turns":1.0},{"damage":0.0,"enemies":"Hiden Room Battle","floor":4.0,"turns":2.0},{"damage":0.0,"enemies":"Blue Slaver","floor":7.0,"turns":2.0},{"damage":0.0,"enemies":"Exordium Thugs","floor":10.0,"turns":4.0},{"damage":0.0,"enemies":"2 Fungi Beasts","floor":14.0,"turns":2.0},{"damage":53.0,"enemies":"Fading Forest","floor":16.0,"turns":11.0},{"damage":2.0,"enemies":"3 Byrds","floor":18.0,"turns":4.0},{"damage":1.0,"enemies":"Chosen","floor":22.0,"turns":5.0},{"damage":32.0,"enemies":"Slavers","floor":24.0,"turns":6.0},{"damage":0.0,"enemies":"Sentry and Sphere","floor":27.0,"turns":4.0},{"damage":0.0,"enemies":"Centurion and Healer","floor":29.0,"turns":2.0},{"damage":0.0,"enemies":"Snake Plant","floor":30.0,"turns":1.0},{"damage":0.0,"enemies":"Sentry and Sphere","floor":31.0,"turns":3.0},{"damage":9.0,"enemies":"Collector","floor":33.0,"turns":7.0},{"damage":0.0,"enemies":"3 Darklings","floor":35.0,"turns":4.0},{"damage":0.0,"enemies":"Orb Walker","floor":37.0,"turns":1.0},{"damage":16.0,"enemies":"Mind Bloom Boss Battle","floor":39.0,"turns":4.0},{"damage":0.0,"enemies":"Maw","floor":41.0,"turns":6.0},{"damage":13.0,"enemies":"Writhing Mass","floor":45.0,"turns":3.0},{"damage":0.0,"enemies":"Jaw Worm Horde","floor":46.0,"turns":1.0},{"damage":0.0,"enemies":"Maw","floor":48.0,"turns":3.0},{"damage":29,"enemies":"Time Eater","floor":50,"turns":6}],"seed_played":"-5534687033925324092","potions_obtained":[{"floor":1.0,"key":"SteroidPotion"},{"floor":3.0,"key":"AttackPotion"},{"floor":16.0,"key":"SteroidPotion"},{"floor":22.0,"key":"Energy Potion"},{"floor":24.0,"key":"LifebloodPotion"},{"floor":27.0,"key":"Fire Potion"},{"floor":37.0,"key":"Adrenaline Potion"}],"is_trial":false,"path_per_floor":["M","M","M","?","?","R","M","R","T","M","?","R","?","M","R","B",null,"M","?","?","$","M","R","E","?","T","M","$","M","M","M","R","B",null,"M","?","M","?","?","R","M","R","T","$","M","M","$","M","R","B",null],"character_chosen":"WATCHER","items_purchased":["Gambling Chip","SignatureMove+1","ReplayTheSpireMod:Ninjato","Dota2Spire:PhaseBoots","Secret Weapon"],"campfire_rested":0,"item_purchase_floors":[21,28,44,47,47],"current_hp_per_floor":[72,72,72,72,72,72,72,72,72,72,30,30,54,54,54,21,72,70,70,70,70,69,69,37,37,37,37,37,37,37,37,37,28,77,77,77,77,77,61,61,61,61,61,61,48,48,48,48,48,19],"gold":367,"neow_bonus":"THREE_ENEMY_KILL","is_daily":false,"chose_seed":false,"campfire_upgraded":9,"win_rate":0.0,"timestamp":1607795192,"path_taken":["M","?","M","?","?","R","?","R","T","M","?","R","?","M","R","BOSS","M","?","?","?","M","R","E","?","T","M","$","M","?","M","R","BOSS","M","?","M","?","?","R","M","R","T","$","?","M","$","M","R","BOSS"],"items_purchased_type":["Relic","Card","Relic","Relic","Card"],"build_version":"2020-11-30","purchased_purges":4,"victory":true,"max_hp_per_floor":[72,72,72,72,72,72,72,72,72,72,72,72,72,72,72,72,72,72,72,72,72,72,72,72,72,72,72,72,72,72,72,72,72,77,77,77,77,77,77,77,77,77,77,77,77,77,77,77,77,77],"card_choices":[{"not_picked":[],"picked":"Bomb","floor":0.0},{"not_picked":["BowlingBash","Halt"],"picked":"Tantrum","floor":1.0},{"not_picked":["Weave","Consecrate"],"picked":"CarveReality","floor":2.0},{"not_picked":["Swivel","Replay:Anticipation"],"picked":"Bomb","floor":3.0},{"not_picked":["TalkToTheHand","EmptyBody"],"picked":"CutThroughFate","floor":4.0},{"not_picked":["JustLucky","Prostrate"],"picked":"Replay:Cycle","floor":7.0},{"not_picked":["Replay:Vibes","Replay:AtTheReady"],"picked":"FearNoEvil","floor":10.0},{"not_picked":["Sanctity","Evaluate"],"picked":"JustLucky","floor":14.0},{"not_picked":["Omniscience","Replay:AllIn"],"picked":"DeusExMachina","floor":16.0},{"not_picked":["WreathOfFlame","Protect"],"picked":"ClearTheMind","floor":18.0},{"not_picked":["Consecrate","Replay:ManipulateFuture","EmptyMind"],"picked":"SKIP","floor":22.0},{"not_picked":["SignatureMove","EmptyBody+1"],"picked":"DevaForm","floor":24.0},{"not_picked":["Replay:ManipulateFuture","Replay:AtTheReady","Collect"],"picked":"SKIP","floor":27.0},{"not_picked":["Evaluate","BowlingBash"],"picked":"ThirdEye","floor":29.0},{"not_picked":["Scrawl","CrushJoints+1"],"picked":"Wireheading","floor":30.0},{"not_picked":["ForeignInfluence","Fasting2","FlyingSleeves"],"picked":"SKIP","floor":31.0},{"not_picked":["Wish","SpiritShield"],"picked":"Scrawl","floor":33.0},{"not_picked":["Consecrate+1","Prostrate"],"picked":"FollowUp+1","floor":35.0},{"not_picked":["Protect","Worship+1"],"picked":"JustLucky+1","floor":37.0},{"not_picked":["Prostrate","CrushJoints+1"],"picked":"FollowUp+1","floor":39.0},{"not_picked":["BowlingBash","Fasting2","ThirdEye+1"],"picked":"SKIP","floor":41.0},{"not_picked":["PathToVictory","Wireheading+1"],"picked":"CutThroughFate","floor":45.0},{"not_picked":["Swivel+1","Evaluate+1","Wireheading+1"],"picked":"SKIP","floor":46.0},{"not_picked":["Prostrate","BowlingBash","Replay:Hum"],"picked":"SKIP","floor":48.0}],"player_experience":268295,"relics_obtained":[{"floor":4.0,"key":"DoctorsRemote"},{"floor":4.0,"key":"Replay:Rubber Ducky"},{"floor":9.0,"key":"Dota2Spire:ShadowBlade"},{"floor":24.0,"key":"Dota2Spire:ShivaGuard"},{"floor":26.0,"key":"Dota2Spire:LotusOrb"},{"floor":39.0,"key":"Incense Burner"},{"floor":43.0,"key":"ReplayTheSpireMod:TigerMarble"}],"event_choices":[{"damage_healed":0.0,"max_hp_gain":0.0,"max_hp_loss":0.0,"gold_gain":0.0,"event_name":"HidenRoomEvent","player_choice":"Fight","floor":4.0,"gold_loss":0.0,"damage_taken":0.0},{"damage_healed":0.0,"max_hp_gain":0.0,"max_hp_loss":0.0,"gold_gain":0.0,"event_name":"Scrap Ooze","player_choice":"Success","floor":11.0,"gold_loss":0.0,"damage_taken":42.0,"relics_obtained":["Replay:WaspNest"]},{"damage_healed":24.0,"max_hp_gain":0.0,"max_hp_loss":0.0,"gold_gain":0.0,"event_name":"Big Fish","player_choice":"Banana","floor":13.0,"gold_loss":0.0,"damage_taken":0.0},{"damage_healed":0.0,"max_hp_gain":0.0,"max_hp_loss":0.0,"gold_gain":0.0,"event_name":"Ghosts","player_choice":"Ignored","floor":20.0,"gold_loss":0.0,"damage_taken":0.0},{"damage_healed":0.0,"max_hp_gain":0.0,"max_hp_loss":0.0,"gold_gain":0.0,"event_name":"SensoryStone","player_choice":"Memory 1","floor":38.0,"gold_loss":0.0,"damage_taken":0.0},{"damage_healed":0.0,"max_hp_gain":0.0,"max_hp_loss":0.0,"gold_gain":0.0,"event_name":"MindBloom","player_choice":"Fight","floor":39.0,"gold_loss":0.0,"damage_taken":0.0}],"is_beta":false,"boss_relics":[{"not_picked":["Honey Jar","SacredBark"],"picked":"Coffee Dripper"},{"not_picked":[]},{"not_picked":["Pandora\u0027s Box","Replay:Grab Bag"],"picked":"Tiny House"},{"not_picked":[]}],"items_purged_floors":[21,28,44,47],"is_endless":false,"potions_floor_spawned":[1,3,16,22,24,27,33,37,39,41,46],"ascension_level":0}}