{"host":"6fbjdsiu9jij34p7","time":1607737985,"event":{"mods":["2.2 Compatiblity","AchievementEnabler","BaseMod","Colored Map","DeckTracker","Highlight Path","Keyboard Shortcuts","Minty Spire (QoL Compilation)","Permanent Neow","Quick Restart","StSLib","SuperFastMode"],"gold_per_floor":[117,134,134,20,37,37,65,65,65,65,65,65,65,35,35,128,128,146,169,9,9,23,23,73,89,168,184,184,207,3,3,3],"floor_reached":31,"playtime":638,"items_purged":["Injury"],"score":444,"play_id":"27bcdd0d-1244-4bdb-a6f4-7c91f9037774","local_time":"20201212105305","is_ascension_mode":true,"campfire_choices":[{"floor":6.0,"key":"REST"},{"floor":8.0,"key":"REST"},{"data":"Defragment","floor":11.0,"key":"SMITH"},{"data":"Defragment","floor":13.0,"key":"SMITH"},{"data":"Sweeping Beam","floor":15.0,"key":"SMITH"},{"data":"Defragment","floor":23.0,"key":"SMITH"},{"floor":28.0,"key":"REST"}],"circlet_count":0,"master_deck":["AscendersBane","Strike_B","Strike_B","Strike_B","Defend_B+1","Defend_B","Defend_B","Defend_B","Zap","Dualcast+1","Defragment+1","Sweeping Beam+1","Defragment+1","Glacier","FTL","Streamline","Defragment+1","Defragment+1","Regret","Writhe","Stack+1","BootSequence","HandOfGreed"],"relics":["Cracked Core","Thread and Needle","MealTicket","Eternal Feather","InkBottle","Golden Idol","Cursed Key","Anchor","Symbiotic Virus"],"acts_visited":["Exordium","TheCity"],"potions_floor_usage":[],"damage_taken":[{"damage":0.0,"enemies":"Jaw Worm","floor":1.0,"turns":3.0},{"damage":0.0,"enemies":"2 Louse","floor":2.0,"turns":3.0},{"damage":0.0,"enemies":"Cultist","floor":5.0,"turns":3.0},{"damage":16.0,"enemies":"3 Sentries","floor":7.0,"turns":6.0},{"damage":0.0,"enemies":"Looter","floor":14.0,"turns":4.0},{"damage":17.0,"enemies":"Slime Boss","floor":16.0,"turns":13.0},{"damage":9.0,"enemies":"2 Thieves","floor":18.0,"turns":4.0},{"damage":0.0,"enemies":"Spheric Guardian","floor":19.0,"turns":4.0},{"damage":14.0,"enemies":"3 Cultists","floor":22.0,"turns":5.0},{"damage":3.0,"enemies":"Sentry and Sphere","floor":25.0,"turns":6.0},{"damage":28.0,"enemies":"Centurion and Healer","floor":27.0,"turns":5.0},{"damage":3.0,"enemies":"3 Cultists","floor":29.0,"turns":4.0},{"damage":71,"enemies":"Masked Bandits","floor":31,"turns":3}],"seed_played":"-402219834306557949","potions_obtained":[{"floor":5.0,"key":"Fire Potion"},{"floor":7.0,"key":"DuplicationPotion"},{"floor":27.0,"key":"EssenceOfDarkness"},{"floor":29.0,"key":"SpeedPotion"}],"is_trial":false,"path_per_floor":["M","M","?","?","M","R","E","R","T","?","R","?","R","M","R","B",null,"M","M","$","T","M","R","?","M","T","M","R","M","$","?"],"character_chosen":"DEFECT","items_purchased":["Defragment","HandOfGreed"],"campfire_rested":3,"item_purchase_floors":[20,30],"current_hp_per_floor":[46,46,25,25,25,46,30,60,60,60,69,69,71,71,71,54,67,58,58,71,71,57,66,59,56,56,28,61,58,71,0,0],"gold":3,"neow_bonus":"ONE_RARE_RELIC","is_daily":false,"chose_seed":false,"campfire_upgraded":4,"win_rate":0.0,"timestamp":1607737985,"path_taken":["M","M","?","?","?","R","E","R","T","?","R","?","R","M","R","BOSS","M","M","$","?","?","R","?","M","T","M","R","M","?","?"],"items_purchased_type":["Card","Card"],"build_version":"2020-11-30","purchased_purges":1,"victory":false,"max_hp_per_floor":[71,71,71,71,71,71,71,71,71,71,71,71,71,71,71,71,71,71,71,71,71,71,71,71,71,71,71,71,71,71,71,71],"card_choices":[{"not_picked":["Beam Cell","Steam"],"picked":"Defragment","floor":1.0},{"not_picked":["Rebound","BootSequence"],"picked":"Sweeping Beam","floor":2.0},{"not_picked":["Steam","Stack"],"picked":"Defragment","floor":5.0},{"not_picked":["Sweeping Beam","Turbo"],"picked":"Glacier","floor":7.0},{"not_picked":["Beam Cell","Streamline","White Noise"],"picked":"SKIP","floor":14.0},{"not_picked":["Beam Cell","White Noise"],"picked":"Streamline","floor":14.0},{"not_picked":["Lockon","Beam Cell","Redo"],"picked":"SKIP","floor":18.0},{"not_picked":["Stack","Gash"],"picked":"Defragment+1","floor":19.0},{"not_picked":["Rebound","Steam Power","Recycle"],"picked":"SKIP","floor":22.0},{"not_picked":["Conserve Battery+1","Go for the Eyes+1","Skim"],"picked":"SKIP","floor":25.0},{"not_picked":["Seek","Gash"],"picked":"Stack+1","floor":27.0},{"not_picked":["Turbo","Chaos"],"picked":"BootSequence","floor":29.0}],"player_experience":222505,"relics_obtained":[{"floor":7.0,"key":"Eternal Feather"},{"floor":9.0,"key":"InkBottle"},{"floor":21.0,"key":"Anchor"},{"floor":26.0,"key":"Symbiotic Virus"}],"event_choices":[{"damage_healed":0.0,"max_hp_gain":0.0,"max_hp_loss":0.0,"gold_gain":0.0,"event_name":"Shining Light","player_choice":"Entered Light","floor":3.0,"gold_loss":0.0,"damage_taken":21.0,"cards_upgraded":["Dualcast","Defend_B"]},{"damage_healed":0.0,"max_hp_gain":0.0,"max_hp_loss":0.0,"gold_gain":0.0,"event_name":"WeMeetAgain","player_choice":"Paid Gold","floor":4.0,"gold_loss":114.0,"damage_taken":0.0,"relics_obtained":["MealTicket"]},{"damage_healed":0.0,"max_hp_gain":0.0,"max_hp_loss":0.0,"gold_gain":0.0,"event_name":"Golden Idol","player_choice":"Take Wound","floor":10.0,"gold_loss":0.0,"damage_taken":0.0,"relics_obtained":["Golden Idol"],"cards_obtained":["Injury"]},{"damage_healed":0.0,"max_hp_gain":0.0,"max_hp_loss":0.0,"gold_gain":0.0,"cards_transformed":["Strike_B"],"event_name":"Transmorgrifier","player_choice":"Transformed","floor":12.0,"gold_loss":0.0,"damage_taken":0.0,"cards_obtained":["FTL"]},{"damage_healed":0.0,"max_hp_gain":0.0,"max_hp_loss":0.0,"gold_gain":50.0,"event_name":"FaceTrader","player_choice":"Touch","floor":24.0,"gold_loss":0.0,"damage_taken":7.0},{"damage_healed":0,"gold_gain":0,"player_choice":"Fought Bandits","damage_taken":0,"max_hp_gain":0,"max_hp_loss":0,"event_name":"Masked Bandits","floor":31,"gold_loss":0}],"is_beta":false,"boss_relics":[{"not_picked":["Ectoplasm","Busted Crown"],"picked":"Cursed Key"}],"items_purged_floors":[20],"is_endless":false,"potions_floor_spawned":[5,7,27,29],"killed_by":"Masked Bandits","ascension_level":16}}