{"host":"9d9dhukr2jywmy0f","time":1607769996,"event":{"mods":["2.2 Compatiblity","Alarm Clock","BaseMod","Bestiary","Block Reminder","Colored Map","Colored Powertips","Curses Come First","DeckTracker","Displayed Cursed Tome","Highlight Path","Key Reminder","Keyboard Shortcuts","Marisa£®ÏF”Í°°ƒß¿Ì…≥£©","Minty Spire (QoL Compilation)","MonsterHotkey","Potion Indicator Mod","Quick Restart","RNG Fix","Rare Cards Sparkle","Relic Sorter","Relic Stats","Spire Birthday Party","StSLib","Synergy Search","Unceasing Turn Reminder","Unknown Chances"],"gold_per_floor":[113,16,16,47,72,72,126,126,126,178,216,257,257,308,308,430,430,469,379,423,177,245,330,330,393,417,417,46,46,110,171,171,317,317,386,450,450,262,262,262,337,397,397,475,575,248,326,390,390,390,390,390,15,73,73],"floor_reached":56,"playtime":4539,"items_purged":["Strike_MRS","Strike_MRS","Strike_MRS+1","Defend_MRS","Defend_MRS","WitchOfGreed+1"],"score":1875,"play_id":"c51cf3f8-256d-4a9e-b26d-ed27b7982496","local_time":"20201212184636","is_ascension_mode":true,"campfire_choices":[{"data":"WitchOfGreed","floor":6.0,"key":"SMITH"},{"data":"MasterSpark","floor":8.0,"key":"SMITH"},{"data":"6A","floor":13.0,"key":"SMITH"},{"data":"EventHorizon","floor":15.0,"key":"SMITH"},{"data":"AbsoluteMagnitude","floor":24.0,"key":"SMITH"},{"data":"UpSweep","floor":27.0,"key":"SMITH"},{"data":"6A","floor":32.0,"key":"SMITH"},{"floor":40.0,"key":"RECALL"},{"data":"Defend_MRS","floor":49.0,"key":"SMITH"}],"circlet_count":0,"master_deck":["Defend_MRS+1","UpSweep+1","6A+1","OneTimeOff+1","GalacticHalo+1","MilkyWay+1","ManaConvection+1","AbsoluteMagnitude+1","WitchOfGreed+1","MagicAbsorber+1","MilkyWay+1","Deep Breath+1","PowerUp+1","6A+1","Singularity+1","GalacticHalo+1","ChargingUp+1","Orbital+1","UltimateShortwave+1","MilkyWay+1","MagicChant+1","Acceleration+1","Deep Breath+1"],"relics":["MiniHakkero","Gremlin Horn","Toxic Egg 2","Mummified Hand","Matryoshka","AmplifyWand","Coffee Dripper","Omamori","ShroomBag","Strawberry","TheAbacus","Empty Cage","Ginger","Toy Ornithopter","Meat on the Bone","Darkstone Periapt","CatCart","Orrery","Singing Bowl","DollysMirror","Gambling Chip"],"acts_visited":["Exordium","TheCity","TheBeyond","TheEnding"],"potions_floor_usage":[54,55,55],"damage_taken":[{"damage":0.0,"enemies":"2 Louse","floor":1.0,"turns":3.0},{"damage":0.0,"enemies":"Small Slimes","floor":4.0,"turns":4.0},{"damage":0.0,"enemies":"Cultist","floor":5.0,"turns":4.0},{"damage":23.0,"enemies":"Lagavulin","floor":7.0,"turns":7.0},{"damage":7.0,"enemies":"Gremlin Nob","floor":10.0,"turns":3.0},{"damage":0.0,"enemies":"Red Slaver","floor":11.0,"turns":4.0},{"damage":0.0,"enemies":"Large Slime","floor":12.0,"turns":5.0},{"damage":8.0,"enemies":"Lagavulin","floor":14.0,"turns":6.0},{"damage":4.0,"enemies":"Slime Boss","floor":16.0,"turns":9.0},{"damage":0.0,"enemies":"Shell Parasite","floor":18.0,"turns":4.0},{"damage":0.0,"enemies":"Chosen","floor":20.0,"turns":4.0},{"damage":0.0,"enemies":"3 Cultists","floor":22.0,"turns":5.0},{"damage":48.0,"enemies":"Slavers","floor":23.0,"turns":11.0},{"damage":0.0,"enemies":"Centurion and Healer","floor":25.0,"turns":4.0},{"damage":0.0,"enemies":"Snake Plant","floor":30.0,"turns":4.0},{"damage":1.0,"enemies":"Sentry and Sphere","floor":31.0,"turns":6.0},{"damage":0.0,"enemies":"Champ","floor":33.0,"turns":6.0},{"damage":0.0,"enemies":"3 Shapes","floor":35.0,"turns":4.0},{"damage":0.0,"enemies":"Orb Walker","floor":36.0,"turns":3.0},{"damage":2.0,"enemies":"Reptomancer","floor":41.0,"turns":6.0},{"damage":1.0,"enemies":"Transient","floor":42.0,"turns":5.0},{"damage":18.0,"enemies":"Nemesis","floor":44.0,"turns":3.0},{"damage":0.0,"enemies":"Orin","floor":45.0,"turns":6.0},{"damage":0.0,"enemies":"Giant Head","floor":47.0,"turns":4.0},{"damage":7.0,"enemies":"4 Shapes","floor":48.0,"turns":4.0},{"damage":0,"enemies":"Time Eater","floor":50,"turns":3},{"damage":0,"enemies":"Shield and Spear","floor":54,"turns":3},{"damage":41,"enemies":"The Heart","floor":55,"turns":6}],"seed_played":"-7566126373527345819","potions_obtained":[{"floor":4.0,"key":"BottledSpark"},{"floor":4.0,"key":"GamblersBrew"},{"floor":5.0,"key":"Block Potion"},{"floor":7.0,"key":"EssenceOfSteel"},{"floor":7.0,"key":"DuplicationPotion"},{"floor":10.0,"key":"BottledSpark"},{"floor":10.0,"key":"SteroidPotion"},{"floor":11.0,"key":"CultistPotion"},{"floor":16.0,"key":"LiquidMemories"},{"floor":18.0,"key":"Swift Potion"},{"floor":23.0,"key":"BlessingOfTheForge"},{"floor":23.0,"key":"DistilledChaos"},{"floor":25.0,"key":"LiquidMemories"},{"floor":25.0,"key":"Weak Potion"},{"floor":30.0,"key":"Fruit Juice"},{"floor":31.0,"key":"BlessingOfTheForge"},{"floor":31.0,"key":"SpeedPotion"},{"floor":33.0,"key":"Weak Potion"},{"floor":35.0,"key":"AttackPotion"},{"floor":36.0,"key":"Energy Potion"},{"floor":41.0,"key":"DuplicationPotion"},{"floor":41.0,"key":"GamblersBrew"},{"floor":42.0,"key":"Energy Potion"},{"floor":44.0,"key":"SneckoOil"},{"floor":48.0,"key":"Swift Potion"},{"floor":54,"key":"SneckoOil"}],"is_trial":false,"path_per_floor":["M","$","T","M","M","R","E","R","T","E","M","M","R","E","R","B",null,"M","?","M","$","M","E","R","M","T","R","$","?","M","M","R","B",null,"M","M","?","$","?","R","E","M","T","E","?","$","E","M","R","B",null,"R","$","E","B",null],"character_chosen":"MARISA","items_purchased":["WitchOfGreed","Omamori","Deep Breath+1","TheAbacus","ChargingUp+1","Orrery","Acceleration+1","DollysMirror"],"campfire_rested":0,"item_purchase_floors":[2,21,28,28,38,46,53,53],"current_hp_per_floor":[75,75,75,75,75,75,52,52,52,45,45,45,45,37,37,33,70,70,70,70,70,70,22,22,22,29,29,29,12,17,16,16,16,78,78,78,78,78,78,78,76,75,75,62,62,62,62,62,62,62,91,91,91,98,67],"gold":73,"neow_bonus":"TEN_PERCENT_HP_BONUS","is_daily":false,"chose_seed":false,"campfire_upgraded":8,"win_rate":0.0,"timestamp":1607769996,"path_taken":["M","$","?","M","M","R","E","R","T","E","M","M","R","E","R","BOSS","M","?","M","$","?","E","R","M","T","R","$","?","M","M","R","BOSS","BOSS","M","?","?","$","?","R","E","M","T","E","?","$","E","?","R","BOSS","R","$","E","BOSS"],"items_purchased_type":["Card","Relic","Card","Relic","Card","Relic","Card","Relic"],"build_version":"2020-11-30","purchased_purges":6,"victory":true,"max_hp_per_floor":[82,82,82,82,82,82,82,82,82,82,82,82,82,82,82,82,82,82,82,82,82,82,82,82,82,89,89,89,94,99,99,99,99,99,99,99,99,99,99,99,99,99,99,99,99,99,99,101,101,101,101,101,101,103,103],"relic_stats":{"Darkstone Periapt":0,"TheAbacus":[234],"Gremlin Horn":[23,23],"Singing Bowl":4,"counters":[28,136],"Mummified Hand":[62],"Gambling Chip":[3],"Ginger":[4],"obtain_stats":[{"AmplifyWand":14,"Darkstone Periapt":44,"Gremlin Horn":3,"Singing Bowl":47,"Omamori":21,"Ginger":41,"Empty Cage":34,"keyreminder:keyreminder":23,"ShroomBag":23,"Matryoshka":10,"TheAbacus":28,"Mummified Hand":9,"DollysMirror":53,"Strawberry":26,"Gambling Chip":54,"Orrery":46,"Coffee Dripper":17,"MiniHakkero":0,"Toxic Egg 2":7,"CatCart":45,"Toy Ornithopter":43,"Meat on the Bone":43},{"AmplifyWand":8,"Darkstone Periapt":22,"Gremlin Horn":1,"Singing Bowl":24,"Omamori":11,"Ginger":20,"Empty Cage":17,"keyreminder:keyreminder":13,"ShroomBag":13,"Matryoshka":5,"TheAbacus":14,"Mummified Hand":4,"DollysMirror":26,"Strawberry":14,"Gambling Chip":27,"Orrery":23,"Coffee Dripper":9,"MiniHakkero":0,"Toxic Egg 2":4,"CatCart":23,"Toy Ornithopter":21,"Meat on the Bone":21},{"AmplifyWand":36,"Darkstone Periapt":110,"Gremlin Horn":3,"Singing Bowl":120,"Omamori":53,"Ginger":102,"Empty Cage":89,"keyreminder:keyreminder":69,"ShroomBag":69,"Matryoshka":21,"TheAbacus":73,"Mummified Hand":18,"DollysMirror":127,"Strawberry":73,"Gambling Chip":130,"Orrery":116,"Coffee Dripper":45,"MiniHakkero":0,"Toxic Egg 2":18,"CatCart":116,"Toy Ornithopter":107,"Meat on the Bone":107}],"Toy Ornithopter":25,"Meat on the Bone":0},"card_choices":[{"not_picked":["DC","AlicesGift"],"picked":"EventHorizon","floor":1.0},{"not_picked":["GrandCross","OpenUniverse"],"picked":"6A","floor":4.0},{"not_picked":["NonDirectionalLaser","DoubleSpark","FairyDestructionRay"],"picked":"SKIP","floor":5.0},{"not_picked":["6A","ShootTheMoon"],"picked":"OneTimeOff+1","floor":7.0},{"not_picked":["DarkMatter+1","DoubleSpark"],"picked":"GalacticHalo+1","floor":10.0},{"not_picked":["ShootingEcho","IllusionStar+1"],"picked":"MilkyWay+1","floor":11.0},{"not_picked":["AlicesGift","JA","UnstableBomb"],"picked":"SKIP","floor":12.0},{"not_picked":["OortCloud","DarkSpark"],"picked":"ManaConvection+1","floor":14.0},{"not_picked":["CollectingQuirk","ManaRampage+1"],"picked":"AbsoluteMagnitude","floor":16.0},{"not_picked":["MachineGunSpark","DC","UnstableBomb"],"picked":"SKIP","floor":18.0},{"not_picked":["GrandCross","NonDirectionalLaser"],"picked":"WitchOfGreed+1","floor":20.0},{"not_picked":["AsteroidBelt+1","FairyDestructionRay"],"picked":"MagicAbsorber+1","floor":22.0},{"not_picked":["WitchLeyline+1","Occultation+1"],"picked":"MilkyWay+1","floor":23.0},{"not_picked":["IllusionStar+1","GrandCross","ShootingEcho+1"],"picked":"SKIP","floor":25.0},{"not_picked":["MilkyWay+1","SporeBomb+1"],"picked":"PowerUp+1","floor":30.0},{"not_picked":["MillisecondPulsars","SuperPerseids+1"],"picked":"6A","floor":31.0},{"not_picked":["DoubleSpark+1","6A+1"],"picked":"Singularity","floor":35.0},{"not_picked":["WitchOfGreed+1","DoubleSpark"],"picked":"GalacticHalo+1","floor":36.0},{"not_picked":["NonDirectionalLaser+1","BlazingStar","MeteoricShower+1"],"picked":"SKIP","floor":41.0},{"not_picked":["PowerUp+1","MysteriousBeam","WitchOfGreed+1"],"picked":"SKIP","floor":42.0},{"not_picked":["MysteriousBeam+1","WitchLeyline+1","ShootingEcho"],"picked":"SKIP","floor":44.0},{"not_picked":["AsteroidBelt+1","SprinkleStarSeal+1"],"picked":"Orbital+1","floor":45.0},{"not_picked":["IllusionStar+1","GrandCross"],"picked":"UltimateShortwave+1","floor":46.0},{"not_picked":["NonDirectionalLaser+1","DoubleSpark+1"],"picked":"MilkyWay+1","floor":46.0},{"not_picked":["GalacticHalo+1","SprinkleStarSeal+1"],"picked":"MagicChant+1","floor":47.0},{"not_picked":["DeepEcoloBomb+1","BlazeAway+1","DoubleSpark"],"picked":"Singing Bowl","floor":48.0},{"not_picked":["Occultation+1","WitchLeyline+1","PowerUp+1"],"picked":"Singing Bowl","floor":54}],"player_experience":711214,"relics_obtained":[{"floor":3.0,"key":"Gremlin Horn"},{"floor":7.0,"key":"Toxic Egg 2"},{"floor":9.0,"key":"Mummified Hand"},{"floor":10.0,"key":"Matryoshka"},{"floor":14.0,"key":"AmplifyWand"},{"floor":23.0,"key":"ShroomBag"},{"floor":26.0,"key":"Strawberry"},{"floor":41.0,"key":"Ginger"},{"floor":43.0,"key":"Toy Ornithopter"},{"floor":43.0,"key":"Meat on the Bone"},{"floor":44.0,"key":"Darkstone Periapt"},{"floor":45.0,"key":"CatCart"},{"floor":47.0,"key":"Singing Bowl"},{"floor":54,"key":"Gambling Chip"}],"event_choices":[{"cards_removed":["Strike_MRS"],"damage_healed":0.0,"max_hp_gain":0.0,"max_hp_loss":0.0,"gold_gain":0.0,"event_name":"Designer","player_choice":"Upgrade and Remove","floor":19.0,"gold_loss":90.0,"damage_taken":0.0,"cards_upgraded":["Strike_MRS"]},{"damage_healed":0.0,"max_hp_gain":5.0,"max_hp_loss":0.0,"gold_gain":0.0,"event_name":"Forgotten Altar","player_choice":"Shed Blood","floor":29.0,"gold_loss":0.0,"damage_taken":22.0},{"cards_removed":["EventHorizon"],"damage_healed":0.0,"max_hp_gain":0.0,"max_hp_loss":0.0,"gold_gain":0.0,"event_name":"Falling","player_choice":"Removed Power","floor":37.0,"gold_loss":0.0,"damage_taken":0.0},{"damage_healed":0.0,"max_hp_gain":0.0,"max_hp_loss":0.0,"gold_gain":0.0,"event_name":"Accursed Blacksmith","player_choice":"Forge","floor":39.0,"gold_loss":0.0,"damage_taken":0.0,"cards_upgraded":["Singularity"]},{"damage_healed":0.0,"max_hp_gain":0.0,"max_hp_loss":0.0,"gold_gain":0.0,"event_name":"OrinTheCat","player_choice":"Fight","floor":45.0,"gold_loss":0.0,"damage_taken":0.0}],"is_beta":false,"boss_relics":[{"not_picked":["Tiny House","Runic Pyramid"],"picked":"Coffee Dripper"},{"not_picked":["Astrolabe","Busted Crown"],"picked":"Empty Cage"}],"items_purged_floors":[2,21,28,38,46,53],"is_endless":false,"potions_floor_spawned":[4,7,10,18,22,36,45,54],"ascension_level":8}}