{"host":"wbdly04l9mkn9nrc","time":1607752323,"event":{"mods":["AchievementEnabler","BaseMod","BetterRewards","Minty Spire (QoL Compilation)","StSLib","[IsaacMod]ÒÔÈö¼âËþ"],"gold_per_floor":[112,124,299,299,56,56,88,106,132,167,167,194,93,7,7,103,103,117,117,136,154,4,4,23,23,48,68,68,83,83,100,100,100,100],"floor_reached":33,"playtime":1550,"items_purged":["Defend_B","Doubt","Strike_B"],"score":305,"play_id":"a901236b-08b1-4c99-9469-de6748bf612a","local_time":"20201212135203","is_ascension_mode":true,"campfire_choices":[{"floor":6.0,"key":"REST"},{"data":"ElectricPowerLearning","floor":15.0,"key":"SMITH"},{"data":"Creative AI","floor":23.0,"key":"SMITH"},{"data":"Stack","floor":28,"key":"SMITH"},{"data":"Barrage","floor":30,"key":"SMITH"},{"data":"Double Energy","floor":32,"key":"SMITH"}],"circlet_count":0,"master_deck":["Strike_B+1","Defend_B","Defend_B","Zap","Dualcast+1","Ball Lightning","Auto Shields","Doom and Gloom","Hologram","Lockon","Leap","Rebound","Sweeping Beam","ElectricPowerLearning+1","Stack+1","Ball Lightning","Redo","Conserve Battery","Creative AI+1","Gash+1","Beam Cell+1","Meteor Strike+1","Barrage+1","Turbo","Turbo+1","FTL+1","Rebound+1","Defragment","Double Energy+1"],"relics":["Cracked Core","HushsDoor","YumHeart","SteamSale","Peace Pipe","Happy Flower","Lantern","Ancient Tea Set","Orichalcum","Bronze Scales","Astrolabe","Pen Nib","Vajra","Bag of Marbles"],"acts_visited":["Exordium","TheCity"],"potions_floor_usage":[27,31,33],"damage_taken":[{"damage":0.0,"enemies":"Small Slimes","floor":1.0,"turns":3.0},{"damage":0.0,"enemies":"Cultist","floor":2.0,"turns":3.0},{"damage":20.0,"enemies":"Gremlin Nob","floor":7.0,"turns":4.0},{"damage":0.0,"enemies":"2 Louse","floor":8.0,"turns":1.0},{"damage":14.0,"enemies":"Lagavulin","floor":10.0,"turns":5.0},{"damage":1.0,"enemies":"Gremlin Nob","floor":12.0,"turns":3.0},{"damage":25.0,"enemies":"Hexaghost","floor":16.0,"turns":5.0},{"damage":11.0,"enemies":"Shell Parasite","floor":18.0,"turns":4.0},{"damage":0.0,"enemies":"Spheric Guardian","floor":20.0,"turns":2.0},{"damage":8.0,"enemies":"Snake Plant","floor":21.0,"turns":3.0},{"damage":12,"enemies":"Snecko","floor":24,"turns":3},{"damage":13,"enemies":"Centurion and Healer","floor":27,"turns":3},{"damage":4,"enemies":"3 Cultists","floor":29,"turns":4},{"damage":8,"enemies":"Sentry and Sphere","floor":31,"turns":3},{"damage":65,"enemies":"Automaton","floor":33,"turns":6}],"seed_played":"-2052931458995345387","potions_obtained":[{"floor":7.0,"key":"Fire Potion"},{"floor":8.0,"key":"BlessingOfTheForge"},{"floor":10.0,"key":"LiquidMemories"},{"floor":12.0,"key":"ColorlessPotion"},{"floor":21.0,"key":"EssenceOfSteel"},{"floor":27,"key":"Fire Potion"},{"floor":29,"key":"ColorlessPotion"},{"floor":31,"key":"SmokeBomb"}],"is_trial":false,"path_per_floor":["M","M","?","?","$","R","E","M","T","E","?","E","$","$","R","B",null,"M","$","M","M","$","R","M","?","T","M","R","M","R","M","R","B"],"character_chosen":"DEFECT","items_purchased":["SteamSale","Ball Lightning","Auto Shields","Doom and Gloom","Leap","Peace Pipe","Rebound","Ball Lightning","Redo","Bronze Scales","Conserve Battery","Pen Nib","Vajra"],"campfire_rested":1,"item_purchase_floors":[0,0,0,0,5,5,5,13,13,14,14,22,22],"current_hp_per_floor":[40,40,40,25,25,72,52,52,52,38,38,37,62,62,62,37,75,64,64,64,56,56,56,44,44,44,56,56,52,52,44,44,0,0],"gold":100,"neow_bonus":"","is_daily":false,"chose_seed":false,"campfire_upgraded":5,"win_rate":0.0,"timestamp":1607752323,"path_taken":["M","M","?","?","$","R","E","?","T","E","?","E","?","$","R","BOSS","M","$","M","M","$","R","?","?","T","M","R","M","R","M","R","BOSS"],"items_purchased_type":["Relic","Card","Card","Card","Card","Relic","Card","Card","Card","Relic","Card","Relic","Relic"],"build_version":"2020-11-30","purchased_purges":3,"victory":false,"max_hp_per_floor":[75,75,75,75,75,75,75,75,75,75,75,75,75,75,75,75,75,75,75,75,75,75,75,75,75,75,75,75,75,75,75,75,75,75],"card_choices":[{"not_picked":["BootSequence","Gash"],"picked":"Hologram","floor":1.0},{"not_picked":["Auto Shields","Doom and Gloom"],"picked":"Lockon","floor":2.0},{"not_picked":["Lockon","Doom and Gloom"],"picked":"Sweeping Beam","floor":7.0},{"not_picked":["Melter","Rebound"],"picked":"ElectricPowerLearning","floor":8.0},{"not_picked":["Rip and Tear","Beam Cell"],"picked":"Stack","floor":10.0},{"not_picked":["Recycle","Hologram","Sweeping Beam"],"picked":"SKIP","floor":12.0},{"not_picked":["Buffer","Amplify"],"picked":"Creative AI","floor":16.0},{"not_picked":["Stack","Genetic Algorithm"],"picked":"Barrage","floor":18.0},{"not_picked":["Chill+1","Rebound"],"picked":"Turbo","floor":20.0},{"not_picked":["Scrape","Leap+1"],"picked":"Turbo+1","floor":21.0},{"not_picked":["Steam Power","Sweeping Beam"],"picked":"FTL+1","floor":24},{"not_picked":["Lockon+1","Chaos"],"picked":"Rebound+1","floor":27},{"not_picked":["Auto Shields","White Noise"],"picked":"Defragment","floor":29},{"not_picked":["Redo","Undo+1"],"picked":"Double Energy","floor":31}],"player_experience":70848,"relics_obtained":[{"floor":7.0,"key":"Happy Flower"},{"floor":9.0,"key":"Lantern"},{"floor":10.0,"key":"Ancient Tea Set"},{"floor":12.0,"key":"Orichalcum"},{"floor":26,"key":"Bag of Marbles"}],"event_choices":[{"damage_healed":0.0,"max_hp_gain":0.0,"max_hp_loss":0.0,"gold_gain":175.0,"event_name":"Liars Game","player_choice":"AGREE","floor":3.0,"gold_loss":0.0,"damage_taken":0.0,"cards_obtained":["Doubt"]},{"damage_healed":0.0,"max_hp_gain":0.0,"max_hp_loss":0.0,"gold_gain":0.0,"event_name":"Shining Light","player_choice":"Entered Light","floor":4.0,"gold_loss":0.0,"damage_taken":15.0,"cards_upgraded":["Dualcast","Strike_B"]},{"damage_healed":0.0,"max_hp_gain":0.0,"max_hp_loss":0.0,"gold_gain":0.0,"event_name":"Dead Adventurer","player_choice":"Searched \u00270\u0027 times","floor":11.0,"gold_loss":0.0,"damage_taken":0.0}],"is_beta":false,"boss_relics":[{"not_picked":["Inserter","Snecko Eye"],"picked":"Astrolabe"},{"not_picked":[]}],"items_purged_floors":[0,5,13],"is_endless":false,"potions_floor_spawned":[7,8,10,12,21,27,29,31],"killed_by":"Automaton","ascension_level":3}}