{"host":"3c27c697js19kaoo","time":1607775809,"event":{"mods":["BaseMod","Dota2Spire","Minty Spire (QoL Compilation)","Quick Restart","Reimu£®≤©¿ˆ¡È√Œ£©","Remilia£®¿Ÿ√◊¿Ú—«£©","Replay The Spire","StSLib","The Cursed","The Gatherer","The Servant 0.9.4","°æ“≈ŒÔø®≈∆°øREMEMod"],"gold_per_floor":[119,119,119,329,344,344,375,385,430,449,449,449,476,170,170,272,272,190,190,190],"floor_reached":19,"playtime":729,"items_purged":[],"score":230,"play_id":"abf51e13-17c9-4e87-9843-81af57388f37","local_time":"20201212202329","is_ascension_mode":true,"campfire_choices":[{"floor":6,"key":"REST"},{"data":"Embodiment","floor":11,"key":"SMITH"},{"floor":15,"key":"REST"}],"circlet_count":0,"master_deck":["Strike_S","Strike_S","Strike_S","Strike_S","Defend_S","Defend_S","Defend_S","Defend_S","KidneyShot","Exchange","Embodiment+1","BottledTime","Regret","SilverBlades+1","Luminosity","FloweringNight"],"relics":["Uniform","REME_ComplimentaryCards","NeowsBlessing","Dota2Spire:UrnOfShadows","REME_PuzzleBoxRelic","Blood Vial","Omamori","Replay:Towering Pillar of Hats","RedLine:ReiMu"],"acts_visited":["Exordium","TheCity"],"potions_floor_usage":[16,16],"damage_taken":[{"damage":0,"enemies":"2 Louse","floor":1,"turns":1},{"damage":0,"enemies":"Jaw Worm","floor":5,"turns":1},{"damage":0,"enemies":"Gremlin Nob","floor":7,"turns":1},{"damage":2,"enemies":"Small Slimes","floor":8,"turns":3},{"damage":2,"enemies":"Looter","floor":10,"turns":3},{"damage":26,"enemies":"3 Sentries","floor":13,"turns":9},{"damage":16,"enemies":"The Guardian","floor":16,"turns":8},{"damage":19,"enemies":"Chosen","floor":18,"turns":5},{"damage":0,"enemies":"Shell Parasite","floor":19,"turns":1}],"seed_played":"5194005344797278993","potions_obtained":[{"floor":5,"key":"Venom Potion"},{"floor":8,"key":"LifebloodPotion"},{"floor":13,"key":"GamblersBrew"}],"is_trial":false,"path_per_floor":["M","?","$","?","M","R","E","M","T","M","R","?","E","$","R","B",null,"M","M"],"character_chosen":"THE_SERVANT","items_purchased":["Replay:Towering Pillar of Hats"],"campfire_rested":2,"item_purchase_floors":[14],"current_hp_per_floor":[65,65,65,39,39,58,58,56,56,56,56,56,38,38,57,43,65,46,46,46],"gold":190,"neow_bonus":"THREE_ENEMY_KILL","is_daily":false,"chose_seed":false,"campfire_upgraded":1,"win_rate":0.0,"timestamp":1607775809,"path_taken":["M","?","$","?","M","R","E","M","T","M","R","?","E","$","R","BOSS","M","M"],"items_purchased_type":["Relic"],"build_version":"2020-11-30","purchased_purges":0,"victory":false,"max_hp_per_floor":[65,65,65,65,65,65,65,65,65,65,65,65,65,65,65,65,65,65,65,65],"card_choices":[{"not_picked":["Rearm","DoubleEdge"],"picked":"BottledTime","floor":1},{"not_picked":["Ricochet","Sabotage"],"picked":"SilverBlades","floor":4},{"not_picked":["Rearm","Revamp","Rewind"],"picked":"SKIP","floor":5},{"not_picked":["Rewind","Collapse"],"picked":"Luminosity","floor":7},{"not_picked":["DualDimension","Comet","Misdirection"],"picked":"SKIP","floor":8},{"not_picked":["TimeWarp","Defy","Misdirection"],"picked":"SKIP","floor":10},{"not_picked":["BottledTime","StarChef","Moonlight"],"picked":"SKIP","floor":13},{"not_picked":["Deny","SoulSculpture"],"picked":"FloweringNight","floor":16},{"not_picked":["Barrier","TimeTheft","FastForward"],"picked":"SKIP","floor":18}],"player_experience":108594,"relics_obtained":[{"floor":7,"key":"REME_PuzzleBoxRelic"},{"floor":9,"key":"Blood Vial"},{"floor":13,"key":"Omamori"}],"event_choices":[{"damage_healed":0,"gold_gain":0,"player_choice":"Box","damage_taken":0,"relics_obtained":["Dota2Spire:UrnOfShadows"],"max_hp_gain":0,"max_hp_loss":0,"event_name":"Big Fish","floor":2,"gold_loss":0,"cards_obtained":["Regret"]},{"damage_healed":0,"gold_gain":0,"player_choice":"Grow","damage_taken":0,"max_hp_gain":0,"max_hp_loss":0,"event_name":"Living Wall","floor":12,"gold_loss":0,"cards_upgraded":["SilverBlades"]}],"is_beta":false,"boss_relics":[{"not_picked":["Cursed Key","SlaversCollar"],"picked":"RedLine:ReiMu"}],"items_purged_floors":[],"is_endless":false,"potions_floor_spawned":[5,8,13],"killed_by":"Shell Parasite","ascension_level":3}}