{"host":"ipcfr4ajj2jkxvg7","time":1607742941,"event":{"mods":["BaseMod","Colored Powertips","GifTheSpireLib","Marisa（F雨　魔理沙）","Minty Spire (QoL Compilation)","Quick Restart","Remilia（蕾米莉亚）","Replay The Spire","RumiaBox-露米娅的神秘盒子","StSLib"],"gold_per_floor":[112,123,123,123,135,162,177,197,197,277,294,311,311,328,328,403,403,416,466,466,240,256,290,304,334,359,388,313,333,359,359,359,432,432,450,450,217,242,257,292,302,337,407,436,436,447,462,337,337,337,337,337,337,110,144,144],"floor_reached":57,"playtime":2310,"items_purged":["Writhe","Defend_RM","Strike_RM","Strike_RM"],"score":2448,"play_id":"a60fe6fd-157b-4dc0-b7e7-6f20d2c99da3","local_time":"20201212111541","is_ascension_mode":true,"campfire_choices":[{"data":"DiffusionOfMisfortune","floor":13.0,"key":"SMITH"},{"data":"NightLord","floor":15.0,"key":"SMITH"},{"data":"DemonKingCradle","floor":32.0,"key":"SMITH"},{"floor":49.0,"key":"RECALL"},{"data":"EternalNight","floor":53.0,"key":"SMITH"}],"circlet_count":0,"master_deck":["AscendersBane","Strike_RM","Defend_RM","RedMoon","ScarletShoot","VampireKiss","NightLord+1","KillingBlow","BombardNight","DiffusionOfMisfortune+1","BloodHunter","DemonKingCradle+1","LeisurelyOfLord","DevilSight","BloodAndWine","DevilSight+1","CeilingFear","VampireSweep","SuperhumanBloodyKnife","ForecastOfChange","EternalNight+1","NightDance","VampirishNight","RedNightlessCastle+1","BloodHunter","HunterOfTheNight","SuperhumanBloodyKnife"],"relics":["ScarletHat","NeowsBlessing","AddBug","SecretRecord","SecretRecord","SecretRecord","SecretRecord","SecretRecord","SecretRecord","SecretRecord"],"acts_visited":["TheEnding"],"potions_floor_usage":[],"damage_taken":[{"damage":0.0,"enemies":"Cultist","floor":1.0,"turns":1.0},{"damage":0.0,"enemies":"Small Slimes","floor":2.0,"turns":1.0},{"damage":0.0,"enemies":"Jaw Worm","floor":5.0,"turns":1.0},{"damage":18.0,"enemies":"3 Sentries","floor":6.0,"turns":9.0},{"damage":7.0,"enemies":"Looter","floor":7.0,"turns":3.0},{"damage":1.0,"enemies":"2 Fungi Beasts","floor":8.0,"turns":3.0},{"damage":11.0,"enemies":"3 Louse","floor":11.0,"turns":3.0},{"damage":0.0,"enemies":"Lots of Slimes","floor":12.0,"turns":1.0},{"damage":0.0,"enemies":"2 Fungi Beasts","floor":14.0,"turns":2.0},{"damage":19.0,"enemies":"Hexaghost","floor":16.0,"turns":8.0},{"damage":7.0,"enemies":"Chosen","floor":18.0,"turns":3.0},{"damage":29.0,"enemies":"Shell Parasite","floor":22.0,"turns":7.0},{"damage":25.0,"enemies":"Book of Stabbing","floor":23.0,"turns":4.0},{"damage":0.0,"enemies":"Centurion and Healer","floor":24.0,"turns":6.0},{"damage":24.0,"enemies":"Slavers","floor":25.0,"turns":2.0},{"damage":0.0,"enemies":"Book of Stabbing","floor":27.0,"turns":8.0},{"damage":0.0,"enemies":"Chosen and Byrds","floor":29.0,"turns":2.0},{"damage":2.0,"enemies":"Gremlin Leader","floor":30.0,"turns":7.0},{"damage":12.0,"enemies":"Collector","floor":33.0,"turns":9.0},{"damage":27.0,"enemies":"3 Shapes","floor":35.0,"turns":9.0},{"damage":0.0,"enemies":"Mind Bloom Boss Battle","floor":38.0,"turns":2.0},{"damage":37.0,"enemies":"3 Darklings","floor":39.0,"turns":4.0},{"damage":14.0,"enemies":"Reptomancer","floor":40.0,"turns":4.0},{"damage":7.0,"enemies":"4 Shapes","floor":41.0,"turns":2.0},{"damage":0.0,"enemies":"Nemesis","floor":42.0,"turns":3.0},{"damage":45.0,"enemies":"Reptomancer","floor":44.0,"turns":3.0},{"damage":0.0,"enemies":"Maw","floor":46.0,"turns":4.0},{"damage":0.0,"enemies":"Spire Growth","floor":47.0,"turns":2.0},{"damage":46.0,"enemies":"Awakened One","floor":50.0,"turns":13.0},{"damage":56.0,"enemies":"Replay:Hell Engine","floor":51.0,"turns":5.0},{"damage":50.0,"enemies":"Shield and Spear","floor":55.0,"turns":9.0},{"damage":185,"enemies":"The Heart","floor":56,"turns":7}],"seed_played":"3999567673839087905","potions_obtained":[{"floor":5.0,"key":"SkillPotion"},{"floor":11.0,"key":"Weak Potion"},{"floor":12.0,"key":"Explosive Potion"},{"floor":18.0,"key":"SneckoOil"},{"floor":22.0,"key":"Strength Potion"},{"floor":25.0,"key":"FairyPotion"},{"floor":33.0,"key":"GamblersBrew"},{"floor":42.0,"key":"Milkshake"},{"floor":44.0,"key":"SteroidPotion"}],"is_trial":false,"path_per_floor":["M","M","?","?","M","E","M","M","T","T","M","M","R","M","R","B",null,"M","?","?","$","M","E","M","E","T","E","?","M","E","?","R","B",null,"M","?","$","?","M","E","M","E","T","E","?","M","M","$","R","B","B",null,"R","$","E","B",null],"character_chosen":"REMILIA","items_purchased":["LeisurelyOfLord","DevilSight","EternalNight","NightDance","HunterOfTheNight"],"campfire_rested":0,"item_purchase_floors":[21,21,37,37,54],"current_hp_per_floor":[63,63,56,56,56,39,36,36,36,36,25,25,25,27,27,22,58,59,59,59,59,35,17,24,3,3,8,8,17,19,19,19,22,58,34,34,34,41,12,25,26,37,37,3,3,16,23,23,23,27,4,54,54,54,21,28],"gold":144,"neow_bonus":"THREE_ENEMY_KILL","is_daily":false,"chose_seed":false,"campfire_upgraded":4,"win_rate":0.0,"timestamp":1607742941,"path_taken":["M","M","?","?","?","E","M","M","T","?","M","M","R","M","R","BOSS","M","?","?","$","?","E","M","E","T","E","?","M","E","?","R","BOSS","M","?","$","?","M","E","M","E","T","E","?","?","M","$","R","BOSS","BOSS","R","$","E","BOSS"],"items_purchased_type":["Card","Card","Card","Card","Card"],"build_version":"2020-11-30","purchased_purges":4,"victory":true,"max_hp_per_floor":[70,70,70,70,70,70,70,70,70,70,70,70,70,70,70,70,70,70,70,70,70,70,70,70,70,70,70,70,70,70,70,70,70,70,70,70,70,70,70,70,70,70,70,70,70,70,70,70,70,70,70,70,70,70,70,70],"card_choices":[{"not_picked":["BlasphemousPunishment","ScarletDream"],"picked":"VampireKiss","floor":1.0},{"not_picked":["AfternoonTea","EmergencyRegeneration"],"picked":"NightLord","floor":2.0},{"not_picked":["FavorOfDestiny","RedMagic","Stigmanizer"],"picked":"SKIP","floor":5.0},{"not_picked":["EndlessAdversity","UnstableMagic"],"picked":"KillingBlow","floor":6.0},{"not_picked":["ScarletImprint","FavorOfDestiny"],"picked":"BombardNight","floor":7.0},{"not_picked":["ScarletSymphony","RedMagic"],"picked":"DiffusionOfMisfortune","floor":8.0},{"not_picked":["ScarletImprint","MastersStateliness"],"picked":"BloodHunter","floor":11.0},{"not_picked":["Stigmanizer","UnderTheZenith","ScarletImprint"],"picked":"SKIP","floor":12.0},{"not_picked":["BlasphemousPunishment","Septette","UnstableMagic"],"picked":"SKIP","floor":14.0},{"not_picked":["BloodRain","BloodyHallows"],"picked":"DemonKingCradle","floor":16.0},{"not_picked":["DiffusionOfMisfortune","ReincarnationDial","EmergencyRegeneration"],"picked":"SKIP","floor":18.0},{"not_picked":["ScarletDevil","Ultimatum+1","MillenniumVampire"],"picked":"SKIP","floor":22.0},{"not_picked":["EmergencyRegeneration+1","BloodyTrap"],"picked":"BloodAndWine","floor":23.0},{"not_picked":["UnstableMagic","CharismaGuard"],"picked":"DevilSight+1","floor":24.0},{"not_picked":["StarOfDavid","UnderTheZenith+1"],"picked":"CeilingFear","floor":25.0},{"not_picked":["ChaoticDestiny","Septette"],"picked":"VampireSweep","floor":27.0},{"not_picked":["ScarletImprint","RedRainbow"],"picked":"SuperhumanBloodyKnife","floor":29.0},{"not_picked":["CharismaGuard","ScarletDevil","MillenniumVampire"],"picked":"SKIP","floor":30.0},{"not_picked":["ChaoticDestiny","BloodyCatastrophe"],"picked":"ForecastOfChange","floor":33.0},{"not_picked":["StarOfDavid","FavorOfDestiny+1","MastersStateliness"],"picked":"SKIP","floor":35.0},{"not_picked":["StarOfDavid","NightDance+1"],"picked":"VampirishNight","floor":39.0},{"not_picked":["ScarletImprint","MillenniumVampire","FavorOfDestiny"],"picked":"SKIP","floor":40.0},{"not_picked":["MiserableFate+1","AfternoonTea","EndlessAdversity"],"picked":"SKIP","floor":41.0},{"not_picked":["ChaoticDestiny","ScarletDevil","DiffusionOfMisfortune"],"picked":"SKIP","floor":42.0},{"not_picked":["VampireKiss","VampireSweep"],"picked":"RedNightlessCastle+1","floor":44.0},{"not_picked":["ForbiddenFruit","FavorOfDestiny","UnderTheZenith"],"picked":"SKIP","floor":46.0},{"not_picked":["MillenniumVampire","RedNightlessCastle"],"picked":"BloodHunter","floor":47.0},{"not_picked":["ReincarnationDial","RedMagic"],"picked":"SuperhumanBloodyKnife","floor":55.0}],"player_experience":351450,"relics_obtained":[{"floor":1.0,"key":"AddBug"},{"floor":6.0,"key":"HornCleat"},{"floor":10.0,"key":"Snack Pack"},{"floor":12.0,"key":"SecretRecord"},{"floor":23.0,"key":"Sundial"},{"floor":24.0,"key":"SecretRecord"},{"floor":25.0,"key":"CaptainsWheel"},{"floor":26.0,"key":"Replay:Wax Seal"},{"floor":27.0,"key":"Lantern"},{"floor":29.0,"key":"SecretRecord"},{"floor":30.0,"key":"Blood Vial"},{"floor":33.0,"key":"ReplayTheSpireMod:Lightbulb"},{"floor":38.0,"key":"Pocketwatch"},{"floor":38.0,"key":"SecretRecord"},{"floor":40.0,"key":"SecretRecord"},{"floor":40.0,"key":"MealTicket"},{"floor":42.0,"key":"Boot"},{"floor":43.0,"key":"Question Card"},{"floor":44.0,"key":"SecretRecord"},{"floor":44.0,"key":"Blue Doll"},{"floor":55.0,"key":"Letter Opener"}],"event_choices":[{"cards_removed":["Defend_RM"],"damage_healed":0.0,"max_hp_gain":0.0,"max_hp_loss":0.0,"gold_gain":0.0,"event_name":"Golden Wing","player_choice":"Card Removal","floor":3.0,"gold_loss":0.0,"damage_taken":7.0},{"cards_removed":["Defend_RM"],"damage_healed":0.0,"max_hp_gain":0.0,"max_hp_loss":0.0,"gold_gain":0.0,"event_name":"Purifier","player_choice":"Purged","floor":4.0,"gold_loss":0.0,"damage_taken":0.0},{"damage_healed":0.0,"max_hp_gain":0.0,"max_hp_loss":0.0,"gold_gain":50.0,"event_name":"Nest","player_choice":"Stole From Cult","floor":19.0,"gold_loss":0.0,"damage_taken":0.0},{"damage_healed":0.0,"max_hp_gain":0.0,"max_hp_loss":0.0,"gold_gain":0.0,"event_name":"The Mausoleum","player_choice":"Opened","floor":20.0,"gold_loss":0.0,"damage_taken":0.0,"relics_obtained":["Ginger"],"cards_obtained":["Writhe"]},{"cards_removed":["Strike_RM"],"damage_healed":0.0,"max_hp_gain":0.0,"max_hp_loss":0.0,"gold_gain":0.0,"event_name":"Beggar","player_choice":"Gave Gold","floor":28.0,"gold_loss":75.0,"damage_taken":0.0},{"damage_healed":0.0,"max_hp_gain":0.0,"max_hp_loss":0.0,"gold_gain":0.0,"event_name":"Drug Dealer","player_choice":"Inject Mutagens","floor":31.0,"gold_loss":0.0,"damage_taken":0.0,"relics_obtained":["MutagenicStrength"]},{"damage_healed":0.0,"max_hp_gain":0.0,"max_hp_loss":0.0,"gold_gain":0.0,"event_name":"The Moai Head","player_choice":"Ignored","floor":36.0,"gold_loss":0.0,"damage_taken":0.0},{"damage_healed":0.0,"max_hp_gain":0.0,"max_hp_loss":0.0,"gold_gain":0.0,"event_name":"MindBloom","player_choice":"Fight","floor":38.0,"gold_loss":0.0,"damage_taken":0.0},{"damage_healed":0.0,"max_hp_gain":0.0,"max_hp_loss":0.0,"gold_gain":0.0,"event_name":"Match and Keep!","player_choice":"0 cards matched","floor":45.0,"gold_loss":0.0,"damage_taken":0.0,"cards_obtained":[]}],"is_beta":false,"boss_relics":[{"not_picked":["Astrolabe","Tiny House"],"picked":"Velvet Choker"},{"not_picked":["SlaversCollar","Replay:Grab Bag"],"picked":"Replay:Ancient Bell"}],"items_purged_floors":[21,37,48,54],"is_endless":false,"potions_floor_spawned":[5,11,12,14,18,22,25,29,33,38,42,44],"ascension_level":20}}