{"host":"z9grmtg2w0nmz8n1","time":1607751727,"event":{"mods":["Aspiration","BaseMod","Better Third Choice","BetterRewards","CCEM","Colored Map","GifTheSpireLib","Highlight Path","Hubris","Infinite Spire","Jedi Mod","Jorbs\u0027s Wanderer Trilogy","Minty Spire (QoL Compilation)","Permanent Neow","Replay The Spire","Spicy Shops","StSLib","Stuff the Spire","The Bug Knight"],"gold_per_floor":[115,131,145,68,87,87,114,133,133,133,144,144,179,192,192,192,192],"floor_reached":16,"playtime":875,"items_purged":[],"score":114,"play_id":"c2dc81ca-2226-41f4-b23c-bf3bce41e727","local_time":"20201212034207","is_ascension_mode":false,"campfire_choices":[{"floor":6,"key":"RECALL"},{"data":"Rampage","floor":10,"key":"SMITH"},{"data":"infinitespire:OneForAll","floor":15,"key":"SMITH"}],"circlet_count":0,"master_deck":["Strike_R","Strike_R","Strike_R","Strike_R","Strike_R","Defend_R","Defend_R","Defend_R","Defend_R","Bash","Clash","Shrug It Off+1","Rupture","Clash","Rampage+1","Battle Trance","infinitespire:OneForAll+1"],"relics":["Burning Blood","aspiration:Nostalgia","Cracked Core","hubris:Potato","hubris:Zylophone"],"acts_visited":["Exordium"],"potions_floor_usage":[7,16],"damage_taken":[{"damage":1,"enemies":"Jaw Worm","floor":1,"turns":3},{"damage":0,"enemies":"Cultist","floor":2,"turns":2},{"damage":2,"enemies":"2 Louse","floor":3,"turns":2},{"damage":10,"enemies":"Looter","floor":5,"turns":3},{"damage":27,"enemies":"Lagavulin","floor":7,"turns":5},{"damage":0,"enemies":"2 Fungi Beasts","floor":8,"turns":3},{"damage":13,"enemies":"Gremlin Gang","floor":11,"turns":5},{"damage":21,"enemies":"3 Sentries","floor":13,"turns":9},{"damage":8,"enemies":"Red Slaver","floor":14,"turns":4},{"damage":42,"enemies":"Slime Boss","floor":16,"turns":8}],"seed_played":"-8878973203854061893","potions_obtained":[{"floor":5,"key":"ColorlessPotion"},{"floor":11,"key":"Milkshake"},{"floor":13,"key":"SkillPotion"}],"is_trial":false,"path_per_floor":["M","M","M","$","M","R","E","M","T","R","M","?","E","M","R","B"],"character_chosen":"IRONCLAD","items_purchased":["Rupture"],"campfire_rested":0,"item_purchase_floors":[4],"current_hp_per_floor":[80,80,80,80,76,76,55,61,61,61,54,54,39,37,37,0,0],"gold":192,"neow_bonus":"NOSTALGIA","is_daily":false,"chose_seed":false,"campfire_upgraded":2,"win_rate":0.0,"timestamp":1607751727,"path_taken":["M","M","M","$","M","R","E","M","T","R","M","?","E","M","R","BOSS"],"items_purchased_type":["Card"],"build_version":"2020-11-30","purchased_purges":0,"victory":false,"max_hp_per_floor":[80,80,80,80,80,80,80,80,80,80,80,80,80,80,80,80,80],"card_choices":[{"not_picked":["Warcry","Clothesline"],"picked":"Clash","floor":1},{"not_picked":["Warcry","StuffTheSpire:RagingBull","StuffTheSpire:Pyroclast"],"picked":"SKIP","floor":2},{"not_picked":["Havoc","ReplayReversal"],"picked":"Shrug It Off","floor":3},{"not_picked":["Second Wind","StuffTheSpire:Slingshot"],"picked":"Clash","floor":5},{"not_picked":["Fire Breathing","Feed"],"picked":"Rampage","floor":7},{"not_picked":["Warcry","Fire Breathing"],"picked":"Battle Trance","floor":8},{"not_picked":["Entrench","Massacre","Warcry"],"picked":"SKIP","floor":11},{"not_picked":["jedi:suffering","jedi:controlledanger"],"picked":"infinitespire:OneForAll","floor":13},{"not_picked":["StuffTheSpire:Slingshot","Warcry","ReplayTheSpireMod:Strike From Hell"],"picked":"SKIP","floor":14}],"player_experience":535785,"relics_obtained":[{"floor":7,"key":"hubris:Potato"},{"floor":13,"key":"hubris:Zylophone"}],"event_choices":[{"damage_healed":0,"gold_gain":0,"player_choice":"Forge","damage_taken":0,"max_hp_gain":0,"max_hp_loss":0,"event_name":"Accursed Blacksmith","floor":12,"gold_loss":0,"cards_upgraded":["Shrug It Off"]}],"is_beta":false,"boss_relics":[],"items_purged_floors":[],"is_endless":false,"potions_floor_spawned":[5,11,13],"killed_by":"Slime Boss","ascension_level":0}}