{"host":"2461dio7vetlq1z3","time":1607801542,"event":{"mods":["AchievementEnabler","Aspiration","BaseMod","Hermit","Lobotomy","Minty Spire (QoL Compilation)","Relic Stats","Spicy Shops","StSLib","Waifu the Spire"],"gold_per_floor":[114,114,39,57,74,108,108,133,160,191,28,28,28,45,45,144,144,160,160,170,95,105,105,135,135,189,203,218,246,345,356,356,461,461,477,477,477,89,109,109,134,146,198,198,215,248,148,162,162,162,162,162,21,61,61,61],"floor_reached":55,"playtime":2862,"items_purged":["Defend_P","Strike_P","Strike_P"],"score":992,"play_id":"35239dae-391c-4267-95bd-cbfd1e1f66cf","local_time":"20201212203222","is_ascension_mode":true,"campfire_choices":[{"data":"Blasphemy","floor":7,"key":"SMITH"},{"data":"Wallop","floor":12,"key":"SMITH"},{"data":"Vigilance","floor":15,"key":"SMITH"},{"data":"Ragnarok","floor":23,"key":"SMITH"},{"data":"Meditate","floor":25,"key":"SMITH"},{"data":"ConjureBlade","floor":32,"key":"SMITH"},{"data":"1","floor":40,"key":"LIFT"},{"floor":44,"key":"RECALL"},{"data":"2","floor":49,"key":"LIFT"},{"data":"3","floor":52,"key":"LIFT"}],"circlet_count":0,"master_deck":["Defend_P","Defend_P","Defend_P","Eruption","Vigilance+1","Blasphemy+1","FlyingSleeves","EmptyFist","Consecrate","Wallop+1","Ragnarok+1","Violence","EmptyBody","Establishment","DeceiveReality+1","Meditate+1","ConjureBlade+1","BattleHymn+1","Vault","Alpha","MasterReality","Protect","DevaForm"],"relics":["PureWater","TungstenRod","Calipers","Blood Vial","aspiration:RitualDagger","Nloth\u0027s Gift","aspiration:Stabinomicon","Potion Belt","aspiration:StickyExplosives_weak","Fusion Hammer","Girya","FossilizedHelix","Art of War","CeramicFish","aspiration:Lifesprig"],"acts_visited":["Exordium","TheCity","TheBeyond","TheEnding"],"potions_floor_usage":[6,8,22,22,24,29,50,50,55,55],"damage_taken":[{"damage":0,"enemies":"Jaw Worm","floor":1,"turns":1},{"damage":1,"enemies":"Cultist","floor":4,"turns":4},{"damage":0,"enemies":"2 Louse","floor":5,"turns":1},{"damage":14,"enemies":"3 Sentries","floor":6,"turns":7},{"damage":9,"enemies":"Gremlin Nob","floor":8,"turns":3},{"damage":10,"enemies":"3 Sentries","floor":10,"turns":4},{"damage":0,"enemies":"Gremlin Gang","floor":14,"turns":1},{"damage":36,"enemies":"The Guardian","floor":16,"turns":13},{"damage":12,"enemies":"3 Byrds","floor":18,"turns":5},{"damage":6,"enemies":"2 Thieves","floor":20,"turns":2},{"damage":33,"enemies":"Cultist and Chosen","floor":22,"turns":6},{"damage":15,"enemies":"Book of Stabbing","floor":24,"turns":4},{"damage":20,"enemies":"Snake Plant","floor":27,"turns":3},{"damage":6,"enemies":"Chosen and Byrds","floor":28,"turns":3},{"damage":23,"enemies":"Slavers","floor":29,"turns":3},{"damage":17,"enemies":"Centurion and Healer","floor":31,"turns":5},{"damage":63,"enemies":"Collector","floor":33,"turns":8},{"damage":51,"enemies":"3 Darklings","floor":35,"turns":6},{"damage":16,"enemies":"Orb Walker","floor":39,"turns":4},{"damage":39,"enemies":"Giant Head","floor":41,"turns":7},{"damage":15,"enemies":"3 Darklings","floor":42,"turns":4},{"damage":14,"enemies":"Sphere and 2 Shapes","floor":45,"turns":4},{"damage":44,"enemies":"Nemesis","floor":46,"turns":5},{"damage":32,"enemies":"4 Shapes","floor":48,"turns":7},{"damage":46,"enemies":"Time Eater","floor":50,"turns":8},{"damage":47,"enemies":"Shield and Spear","floor":54,"turns":4},{"damage":101,"enemies":"The Heart","floor":55,"turns":5}],"seed_played":"-1729958569846001106","potions_obtained":[{"floor":4,"key":"DistilledChaos"},{"floor":5,"key":"SneckoOil"},{"floor":10,"key":"ColorlessPotion"},{"floor":16,"key":"Fruit Juice"},{"floor":18,"key":"LiquidMemories"},{"floor":24,"key":"BlessingOfTheForge"},{"floor":28,"key":"Swift Potion"},{"floor":33,"key":"EssenceOfSteel"},{"floor":41,"key":"Strength Potion"},{"floor":46,"key":"FearPotion"},{"floor":54,"key":"Explosive Potion"}],"is_trial":false,"path_per_floor":["M","?","$","M","M","E","R","E","T","E","$","R","?","M","R","B",null,"M","?","M","?","M","R","E","R","T","M","M","E","?","M","R","B",null,"M","?","?","$","M","R","E","M","T","R","M","E","$","M","R","B",null,"R","$","E","B"],"character_chosen":"WATCHER","items_purchased":["Violence","Girya","FossilizedHelix","Protect"],"campfire_rested":0,"item_purchase_floors":[11,38,38,53],"current_hp_per_floor":[65,65,65,64,64,50,50,41,41,31,46,46,51,53,53,19,63,53,53,49,49,18,18,10,10,10,82,82,77,77,77,77,55,75,50,50,58,58,57,57,77,82,82,82,80,62,62,53,53,70,79,79,79,60,0,0],"gold":61,"neow_bonus":"ONE_RANDOM_RARE_CARD","is_daily":false,"chose_seed":false,"campfire_upgraded":6,"win_rate":0.0,"timestamp":1607801542,"path_taken":["M","?","$","M","M","E","R","E","T","E","?","R","?","M","R","BOSS","M","?","?","?","M","R","E","R","T","M","M","E","?","M","R","BOSS","M","?","?","$","M","R","E","M","T","R","M","E","$","M","R","BOSS","R","$","E","BOSS"],"items_purchased_type":["Card","Relic","Relic","Card"],"build_version":"2020-11-30","purchased_purges":3,"victory":false,"max_hp_per_floor":[72,72,72,72,72,72,72,72,72,72,72,72,77,77,77,77,77,77,77,77,77,77,77,82,82,82,82,82,82,82,82,82,82,82,82,82,82,82,82,82,82,82,82,82,82,82,82,82,82,82,82,82,82,82,82,82],"relic_stats":{"Blood Vial":36,"counters":[27,127],"CeramicFish":18,"Nloth\u0027s Gift":5,"Art of War":[11],"obtain_stats":[{"Potion Belt":26,"Girya":38,"aspiration:Lifesprig":54,"Calipers":8,"CeramicFish":46,"aspiration:Stabinomicon":24,"aspiration:StickyExplosives_weak":29,"Blood Vial":10,"MealTicket":9,"Fusion Hammer":34,"Nloth\u0027s Gift":19,"Art of War":41,"aspiration:RitualDagger":17,"PureWater":0,"TungstenRod":6,"FossilizedHelix":38},{"Potion Belt":12,"Girya":18,"aspiration:Lifesprig":26,"Calipers":5,"CeramicFish":23,"aspiration:Stabinomicon":12,"aspiration:StickyExplosives_weak":15,"Blood Vial":6,"MealTicket":5,"Fusion Hammer":17,"Nloth\u0027s Gift":9,"Art of War":20,"aspiration:RitualDagger":8,"PureWater":0,"TungstenRod":4,"FossilizedHelix":18},{"Potion Belt":51,"Girya":79,"aspiration:Lifesprig":122,"Calipers":16,"CeramicFish":103,"aspiration:Stabinomicon":51,"aspiration:StickyExplosives_weak":60,"Blood Vial":20,"MealTicket":16,"Fusion Hammer":73,"Nloth\u0027s Gift":39,"Art of War":90,"aspiration:RitualDagger":34,"PureWater":0,"TungstenRod":13,"FossilizedHelix":79}],"TungstenRod":178},"card_choices":[{"not_picked":["Halt","EmptyFist"],"picked":"FlyingSleeves","floor":1},{"not_picked":["Prostrate","Study"],"picked":"EmptyFist","floor":4},{"not_picked":["Adaptation","EmptyBody"],"picked":"Consecrate","floor":5},{"not_picked":["CrushJoints","EmptyBody"],"picked":"Wallop","floor":6},{"not_picked":["Pray","Study"],"picked":"Ragnarok","floor":8},{"not_picked":["Crescendo","SashWhip","FlyingSleeves"],"picked":"SKIP","floor":10},{"not_picked":["PathToVictory","FollowUp"],"picked":"EmptyBody","floor":14},{"not_picked":["Brilliance","DeusExMachina"],"picked":"Establishment","floor":16},{"not_picked":["WheelKick","InnerPeace"],"picked":"DeceiveReality+1","floor":18},{"not_picked":["FlyingSleeves","EmptyBody","Prostrate"],"picked":"SKIP","floor":20},{"not_picked":["Vengeance","FollowUp+1"],"picked":"Meditate","floor":22},{"not_picked":["SignatureMove","DeusExMachina"],"picked":"ConjureBlade","floor":24},{"not_picked":["FearNoEvil","Worship","CarveReality"],"picked":"SKIP","floor":27},{"not_picked":["FearNoEvil","Worship"],"picked":"CarveReality","floor":27},{"not_picked":["Prostrate","Evaluate"],"picked":"BattleHymn+1","floor":28},{"not_picked":["SpiritShield","ReachHeaven+1"],"picked":"Vault","floor":29},{"not_picked":["CutThroughFate","PathToVictory","FearNoEvil+1"],"picked":"SKIP","floor":31},{"not_picked":["WreathOfFlame","FollowUp+1","FlyingSleeves"],"picked":"SKIP","floor":35},{"not_picked":["PathToVictory","FollowUp+1","FlurryOfBlows+1"],"picked":"SKIP","floor":39},{"not_picked":["Alpha","CutThroughFate","FlurryOfBlows"],"picked":"SKIP","floor":41},{"not_picked":["CutThroughFate","FlurryOfBlows"],"picked":"Alpha","floor":41},{"not_picked":["Evaluate+1","WaveOfTheHand","SandsOfTime"],"picked":"SKIP","floor":42},{"not_picked":["SignatureMove+1","CutThroughFate+1"],"picked":"MasterReality","floor":45},{"not_picked":["JustLucky","CutThroughFate","Crescendo+1"],"picked":"SKIP","floor":46},{"not_picked":["Prostrate","Crescendo","InnerPeace"],"picked":"SKIP","floor":48},{"not_picked":["Vengeance","Study"],"picked":"DevaForm","floor":54}],"player_experience":655983,"relics_obtained":[{"floor":6,"key":"TungstenRod"},{"floor":8,"key":"Calipers"},{"floor":9,"key":"MealTicket"},{"floor":10,"key":"Blood Vial"},{"floor":24,"key":"aspiration:Stabinomicon"},{"floor":26,"key":"Potion Belt"},{"floor":29,"key":"aspiration:StickyExplosives_weak"},{"floor":41,"key":"Art of War"},{"floor":46,"key":"CeramicFish"},{"floor":54,"key":"aspiration:Lifesprig"}],"event_choices":[{"cards_removed":["Strike_P"],"damage_healed":0,"gold_gain":0,"player_choice":"Purged","damage_taken":0,"max_hp_gain":0,"max_hp_loss":0,"event_name":"Purifier","floor":2,"gold_loss":0},{"damage_healed":0,"gold_gain":0,"player_choice":"Donut","damage_taken":0,"max_hp_gain":5,"max_hp_loss":0,"event_name":"Big Fish","floor":13,"gold_loss":0},{"damage_healed":0,"gold_gain":0,"player_choice":"Traded Relic","damage_taken":0,"relics_obtained":["Nloth\u0027s Gift"],"max_hp_gain":0,"max_hp_loss":0,"event_name":"N\u0027loth","floor":19,"relics_lost":["MealTicket"],"gold_loss":0},{"cards_removed":["Strike_P"],"damage_healed":0,"gold_gain":0,"player_choice":"Gave Gold","damage_taken":0,"max_hp_gain":0,"max_hp_loss":0,"event_name":"Beggar","floor":21,"gold_loss":75},{"damage_healed":0,"gold_gain":99,"player_choice":"Stole From Cult","damage_taken":0,"max_hp_gain":0,"max_hp_loss":0,"event_name":"Nest","floor":30,"gold_loss":0},{"cards_removed":["CarveReality"],"damage_healed":0,"gold_gain":0,"player_choice":"Removed Attack","damage_taken":0,"max_hp_gain":0,"max_hp_loss":0,"event_name":"Falling","floor":36,"gold_loss":0}],"is_beta":false,"boss_relics":[{"not_picked":["aspiration:PoetsPen_weak","Runic Pyramid"],"picked":"aspiration:RitualDagger"},{"not_picked":["Snecko Eye","SacredBark"],"picked":"Fusion Hammer"}],"items_purged_floors":[3,47,53],"is_endless":false,"potions_floor_spawned":[4,5,10,16,18,24,28,33,41,46,54],"killed_by":"The Heart","ascension_level":7}}