{"host":"wqsqub3crsxqknzv","time":1607784574,"event":{"mods":["BaseMod","Better Third Choice","Colored Powertips","Minty Spire (QoL Compilation)","StSLib","Yuri Mod"],"gold_per_floor":[116,66,83,96,112,112,144,144,144,157,212,28,48,67,67,67,67],"floor_reached":16,"playtime":538,"items_purged":["yuri:yuriStrike"],"score":104,"play_id":"eff0643c-741b-483e-8af6-7ad884f6cdff","local_time":"20201212164934","is_ascension_mode":false,"campfire_choices":[{"data":"yuri:ChibiInvasion","floor":6,"key":"SMITH"},{"data":"yuri:RecklessStrike","floor":8,"key":"SMITH"},{"floor":15,"key":"REST"}],"circlet_count":0,"master_deck":["yuri:yuriStrike","yuri:yuriStrike","yuri:yuriStrike","yuri:yuriDefend","yuri:yuriDefend","yuri:yuriDefend","yuri:yuriDefend","yuri:yuriDefend","yuri:Oolong","yuri:yuriStab","yuri:ChibiInvasion+1","yuri:BookBlue","yuri:CorruptHitbox","yuri:RecklessStrike+1","yuri:ConsumeGlitch","yuri:BrokenCode","yuri:ThrowingKnives","yuri:BookPurple","yuri:RemoveSafetyChecks"],"relics":["yuri:yuriKnife","Boot","Bag of Marbles","Eternal Feather","Membership Card"],"acts_visited":["Exordium"],"potions_floor_usage":[7,11],"damage_taken":[{"damage":5,"enemies":"Small Slimes","floor":1,"turns":3},{"damage":11,"enemies":"Jaw Worm","floor":3,"turns":5},{"damage":0,"enemies":"2 Louse","floor":4,"turns":1},{"damage":12,"enemies":"Exordium Thugs","floor":5,"turns":4},{"damage":23,"enemies":"Lagavulin","floor":7,"turns":4},{"damage":0,"enemies":"Lots of Slimes","floor":10,"turns":1},{"damage":16,"enemies":"Gremlin Nob","floor":11,"turns":4},{"damage":0,"enemies":"Gremlin Gang","floor":13,"turns":1},{"damage":13,"enemies":"Red Slaver","floor":14,"turns":2},{"damage":58,"enemies":"The Guardian","floor":16,"turns":7}],"seed_played":"-5365425681139287588","potions_obtained":[{"floor":4,"key":"Weak Potion"},{"floor":5,"key":"DuplicationPotion"},{"floor":11,"key":"FearPotion"}],"is_trial":false,"path_per_floor":["M","?","M","M","M","R","E","R","T","M","?","$","M","M","R","B"],"character_chosen":"YURI","items_purchased":["Membership Card"],"campfire_rested":1,"item_purchase_floors":[12],"current_hp_per_floor":[76,76,69,69,61,61,42,42,42,42,30,30,30,17,50,0,0],"gold":67,"neow_bonus":"","is_daily":false,"chose_seed":false,"campfire_upgraded":2,"win_rate":0.0,"timestamp":1607784574,"path_taken":["M","?","M","M","M","R","E","R","T","M","?","$","?","M","R","BOSS"],"items_purchased_type":["Relic"],"build_version":"2020-11-29","purchased_purges":1,"victory":false,"max_hp_per_floor":[80,80,80,80,80,80,80,80,80,80,80,80,80,80,80,84,84],"card_choices":[{"not_picked":["yuri:Spin","yuri:BookRed"],"picked":"yuri:ChibiInvasion","floor":1},{"not_picked":["yuri:yuriHeavyStrike","yuri:Skip"],"picked":"yuri:BookBlue","floor":3},{"not_picked":["yuri:RecklessStrike","yuri:Stare"],"picked":"yuri:CorruptHitbox","floor":4},{"not_picked":["yuri:Stalk","yuri:InsanityDefense"],"picked":"yuri:RecklessStrike","floor":5},{"not_picked":["yuri:ThornRemove","yuri:CalmingAura"],"picked":"yuri:ConsumeGlitch","floor":7},{"not_picked":["yuri:RecklessStrike","yuri:yuriHeavyStrike"],"picked":"yuri:BrokenCode","floor":10},{"not_picked":["yuri:BookRed","yuri:Skip"],"picked":"yuri:ThrowingKnives","floor":11},{"not_picked":["yuri:MPose","yuri:BookBlue"],"picked":"yuri:BookPurple","floor":13},{"not_picked":["yuri:yuriQuickStrike","yuri:CalmingAura"],"picked":"yuri:RemoveSafetyChecks","floor":14}],"player_experience":0,"relics_obtained":[{"floor":7,"key":"Boot"},{"floor":9,"key":"Bag of Marbles"},{"floor":11,"key":"Eternal Feather"}],"event_choices":[{"cards_removed":["yuri:yuriStrike"],"damage_healed":0,"gold_gain":0,"player_choice":"Card Removal","damage_taken":0,"max_hp_gain":0,"max_hp_loss":0,"event_name":"The Cleric","floor":2,"gold_loss":50},{"damage_healed":0,"gold_gain":0,"player_choice":"Searched \u00272\u0027 times","damage_taken":0,"max_hp_gain":0,"max_hp_loss":0,"event_name":"Dead Adventurer","floor":11,"gold_loss":0}],"is_beta":false,"boss_relics":[],"items_purged_floors":[12],"is_endless":false,"potions_floor_spawned":[4,5,11],"killed_by":"The Guardian","ascension_level":0}}