{"host":"8eddgt5t5e8es31j","time":1607808627,"event":{"mods":["2.2 Compatiblity","AchievementEnabler","BaseMod","Downfall","Hermit","Hubris","Infinite Spire","Minty Spire (QoL Compilation)","Quick Restart","Replay The Spire","StSLib"],"gold_per_floor":[111,123,135,148,168,168,195,215,215,247,29,43,8,58,58,78,78],"floor_reached":16,"playtime":630,"items_purged":[],"score":198,"play_id":"4e3d96cb-f60b-4d94-aeec-a55e60cbb9f5","local_time":"20201212153027","is_ascension_mode":true,"campfire_choices":[{"data":"Flex","floor":6,"key":"SMITH"},{"floor":15,"key":"DIG"}],"circlet_count":0,"master_deck":["Strike_R","Strike_R","Strike_R","Strike_R","Strike_R","Defend_R","Defend_R","Defend_R","Defend_R","Bash","Flex+1","Twin Strike","Twin Strike","Thunderclap","Infernal Blade","Sickly"],"relics":["Burning Blood","Replay:Rubber Ducky","infinitespire:FocusingShard","Strawberry","Pen Nib","Ring of Misfortune","Ring of Greed","Smiling Mask","Replay:Bandana","hubris:ChampionShield"],"acts_visited":["Exordium"],"potions_floor_usage":[7,7,8,16,16],"damage_taken":[{"damage":0,"enemies":"Cultist","floor":1,"turns":4},{"damage":19,"enemies":"Jaw Worm","floor":2,"turns":5},{"damage":0,"enemies":"2 Louse","floor":3,"turns":3},{"damage":9,"enemies":"2 Fungi Beasts","floor":4,"turns":3},{"damage":0,"enemies":"Looter","floor":5,"turns":4},{"damage":12,"enemies":"Lagavulin","floor":7,"turns":2},{"damage":15,"enemies":"Large Slime","floor":8,"turns":6},{"damage":44,"enemies":"3 Sentries","floor":10,"turns":8},{"damage":6,"enemies":"Lots of Slimes","floor":12,"turns":2}],"seed_played":"-1306244916196788040","potions_obtained":[{"floor":0,"key":"Death Potion"},{"floor":0,"key":"Block Potion"},{"floor":0,"key":"hexamod:EctoCoolerPotion"},{"floor":8,"key":"Cursed Concoction"},{"floor":10,"key":"Explosive Potion"}],"is_trial":false,"path_per_floor":["M","M","M","M","M","R","E","M","T","E","$","M","?","?","R","B"],"character_chosen":"IRONCLAD","items_purchased":["Pen Nib","Infernal Blade"],"campfire_rested":0,"item_purchase_floors":[11,11],"current_hp_per_floor":[80,67,73,70,76,76,70,61,61,30,30,30,51,51,51,0,0],"gold":78,"neow_bonus":"THREE_SMALL_POTIONS","is_daily":false,"chose_seed":false,"campfire_upgraded":1,"win_rate":0.0,"timestamp":1607808627,"path_taken":["M","M","M","M","?","R","E","M","T","E","$","M","?","?","R","BOSS"],"items_purchased_type":["Relic","Card"],"build_version":"2020-11-30","purchased_purges":0,"victory":false,"max_hp_per_floor":[80,80,80,80,80,80,80,80,80,87,87,87,87,87,87,87,87],"card_choices":[{"not_picked":["Wild Strike","Headbutt","Run Through"],"picked":"SKIP","floor":1},{"not_picked":["Spot Weakness","Warcry"],"picked":"Flex","floor":2},{"not_picked":["Pommel Strike","Replay:Undeath\u0027s Touch"],"picked":"Twin Strike","floor":3},{"not_picked":["Headbutt","Power Through","hubris:ReadiedAction"],"picked":"SKIP","floor":4},{"not_picked":["Clothesline","Carnage","Replay:Undeath\u0027s Touch"],"picked":"SKIP","floor":5},{"not_picked":["Barricade","Shrug It Off","ReplayTheSpireMod:LeadingStrike"],"picked":"SKIP","floor":7},{"not_picked":["Combust","Havoc"],"picked":"Twin Strike","floor":8},{"not_picked":["Rampage","Dark Embrace"],"picked":"Thunderclap","floor":10},{"not_picked":["Clash","Clothesline","Warcry"],"picked":"SKIP","floor":12}],"player_experience":39556,"relics_obtained":[{"floor":7,"key":"Replay:Rubber Ducky"},{"floor":9,"key":"infinitespire:FocusingShard"},{"floor":10,"key":"Strawberry"},{"floor":14,"key":"Ring of Misfortune"},{"floor":14,"key":"Ring of Greed"},{"floor":14,"key":"Smiling Mask"},{"floor":14,"key":"Replay:Bandana"},{"floor":15,"key":"hubris:ChampionShield"}],"event_choices":[{"damage_healed":21,"gold_gain":0,"player_choice":"Healed","damage_taken":0,"max_hp_gain":0,"max_hp_loss":0,"event_name":"The Cleric","floor":13,"gold_loss":35}],"is_beta":false,"boss_relics":[],"items_purged_floors":[],"is_endless":false,"potions_floor_spawned":[1,4,5,8,10],"killed_by":"The Guardian","ascension_level":1}}