{"host":"jxajaf4sdikd2b60","time":1607815018,"event":{"mods":["AchievementEnabler","BaseMod","Better Match","Better Note","Better Skull","Better Third Choice","BetterRewards","Colored Powertips","Conspire","Custom Start","Downfall","Infinite Spire","Minty Spire (QoL Compilation)","Quick Restart","Random Character Button","Replay The Spire","Spicy Shops","StSLib","The Blue Laboratory"],"gold_per_floor":[114,129,129,149,149,149,149,149,149,149,162,17,28,4,4,103,103,113,130,149,167,182,214,228,228,252,262,262,19,19,33,33,130,130,147,164,164,175,175,175,186,186,212,241,241,256,269,279,279,279],"floor_reached":51,"playtime":2383,"items_purged":["Strike_G","Strike_G"],"score":1225,"play_id":"8b9fdf55-53dc-4bdb-a07e-e1ef471ca84c","local_time":"20201212181658","is_ascension_mode":true,"campfire_choices":[{"floor":6.0,"key":"REST"},{"data":"Deflect","floor":8.0,"key":"SMITH"},{"data":"Blade Dance","floor":10.0,"key":"SMITH"},{"data":"Strike_G","floor":15.0,"key":"PURGE"},{"floor":32,"key":"REST"},{"data":"After Image","floor":40,"key":"SMITH"},{"data":"Cloak And Dagger","floor":42,"key":"SMITH"},{"floor":49,"key":"REST"}],"circlet_count":0,"master_deck":["Strike_G","Defend_G+1","Defend_G","Defend_G","Defend_G+1","Survivor","Neutralize","Acrobatics+1","Noxious Fumes","Blade Dance+1","Blade Dance","Deflect+1","Deflect","Deflect","Blade Dance","Backstab","Cloak And Dagger+1","Phantasmal Killer","Accuracy+1","Footwork","Writhe","After Image+1","Acrobatics+1"],"relics":["Ring of the Snake","Shuriken","DollysMirror","infinitespire:EmpoweringShard","Painkiller Herb","Art of War","Toy Ornithopter","infinitespire:BottledMercury","Regal Pillow","conspire:SpecialSausage","MealTicket","Pen Nib"],"acts_visited":["Exordium","TheCity","TheBeyond"],"potions_floor_usage":[33,33,41,47],"damage_taken":[{"damage":0.0,"enemies":"2 Louse","floor":1.0,"turns":2.0},{"damage":0.0,"enemies":"Jaw Worm","floor":2.0,"turns":3.0},{"damage":0.0,"enemies":"Small Slimes","floor":4.0,"turns":4.0},{"damage":0.0,"enemies":"3 Louse","floor":11.0,"turns":2.0},{"damage":0.0,"enemies":"Blue Slaver","floor":13.0,"turns":2.0},{"damage":10.0,"enemies":"Hexaghost","floor":16.0,"turns":6.0},{"damage":0.0,"enemies":"Shell Parasite","floor":18.0,"turns":2.0},{"damage":0.0,"enemies":"3 Byrds","floor":19.0,"turns":4.0},{"damage":0.0,"enemies":"3 Cultists","floor":20.0,"turns":4.0},{"damage":10.0,"enemies":"Snecko","floor":21.0,"turns":3.0},{"damage":0.0,"enemies":"Shelled Parasite and Fungi","floor":22.0,"turns":2.0},{"damage":0.0,"enemies":"conspire:SneckoGhost","floor":23.0,"turns":5.0},{"damage":0.0,"enemies":"conspire:HollyBat","floor":24.0,"turns":5.0},{"damage":0.0,"enemies":"Snake Plant","floor":27.0,"turns":2.0},{"damage":0,"enemies":"3 Cultists","floor":31,"turns":4},{"damage":41,"enemies":"Pondfish","floor":33,"turns":10},{"damage":0,"enemies":"Orb Walker","floor":35,"turns":3},{"damage":0,"enemies":"3 Shapes","floor":36,"turns":3},{"damage":2,"enemies":"Jaw Worm Horde","floor":38,"turns":3},{"damage":11,"enemies":"Transient","floor":41,"turns":5},{"damage":7,"enemies":"R_Hoarder","floor":44,"turns":6},{"damage":32,"enemies":"Writhing Mass","floor":46,"turns":5},{"damage":10,"enemies":"Spire Growth","floor":47,"turns":4},{"damage":0,"enemies":"Maw","floor":48,"turns":4},{"damage":12,"enemies":"Donu and Deca","floor":50,"turns":7}],"seed_played":"-1469301496270137587","potions_obtained":[{"floor":1.0,"key":"Block Potion"},{"floor":16.0,"key":"Block Potion"},{"floor":18.0,"key":"ColorlessPotion"},{"floor":24.0,"key":"Weak Potion"},{"floor":27.0,"key":"hexamod:EctoCoolerPotion"},{"floor":33,"key":"Doom Potion"},{"floor":35,"key":"blueLaboratory:HorrorPotion"},{"floor":47,"key":"blueLaboratory:PhilterOfMotion"}],"is_trial":false,"path_per_floor":["M","M","?","M","?","R","?","R","T","R","M","$","M","$","R","B",null,"?","?","?","?","?","E","?","?","T","?","?","T","?","?","T","B",null,"?","?","?","?","?","T","?","T","T","E","AVR","?","?","?","T","B",null],"character_chosen":"THE_SILENT","items_purchased":["Acrobatics+1","Noxious Fumes","Shuriken","Blade Dance","DollysMirror","Deflect","Backstab","Cloak And Dagger","infinitespire:BottledMercury"],"campfire_rested":3,"item_purchase_floors":[0,0,0,0,0,0,12,14,29],"current_hp_per_floor":[31,31,17,17,17,38,38,38,38,38,38,38,38,38,38,28,60,60,60,60,50,50,50,50,50,50,50,50,50,50,50,70,34,61,61,61,61,59,59,59,53,53,53,46,46,14,9,9,45,33],"gold":279,"neow_bonus":"","is_daily":false,"chose_seed":false,"campfire_upgraded":4,"win_rate":0.0,"timestamp":1607815018,"path_taken":["M","M","?","M","?","R","?","R","T","R","M","$","M","?","R","BOSS","?","?","?","?","?","E","?","?","T","?","?","T","?","?","T","BOSS","?","?","?","?","?","T","?","T","T","E","AVR","?","?","?","T","BOSS"],"items_purchased_type":["Card","Card","Relic","Card","Relic","Card","Card","Card","Relic"],"build_version":"2020-11-30","purchased_purges":2,"victory":true,"max_hp_per_floor":[70,70,70,70,70,70,70,70,70,70,70,70,70,70,70,70,70,70,70,70,70,70,70,70,70,70,70,70,70,70,70,70,70,70,70,70,70,70,70,70,70,70,70,70,70,70,70,70,70,70],"card_choices":[{"not_picked":["ReplayTheSpireMod:Scrap Shanks","Outmaneuver","Quick Slash"],"picked":"SKIP","floor":1.0},{"not_picked":["Sucker Punch","Outmaneuver"],"picked":"Deflect","floor":2.0},{"not_picked":["Outmaneuver","Atom Bomb"],"picked":"Blade Dance","floor":4.0},{"not_picked":["Expertise","Deflect","Blade Dance"],"picked":"SKIP","floor":11.0},{"not_picked":["Quick Slash","Dagger Throw","Dodge and Roll"],"picked":"SKIP","floor":13.0},{"not_picked":["After Image","Bullet Time"],"picked":"Phantasmal Killer","floor":16.0},{"not_picked":["Prepared","Bane","Masterful Stab+1"],"picked":"SKIP","floor":18.0},{"not_picked":["conspire:PoisonWeapons+1","Backflip","ReplayTheSpireMod:Shiv Toss"],"picked":"SKIP","floor":19.0},{"not_picked":["Dash","Quick Slash","ReplayTheSpireMod:Scrap Shanks+1"],"picked":"SKIP","floor":20.0},{"not_picked":["Well Laid Plans+1","Terror"],"picked":"Accuracy+1","floor":21.0},{"not_picked":["Poisoned Stab","Leg Sweep"],"picked":"Footwork","floor":22.0},{"not_picked":["Hidden Blade","Setup","Prepared+1"],"picked":"SKIP","floor":23.0},{"not_picked":["Backflip","Distraction","Cloak And Dagger+1"],"picked":"SKIP","floor":24.0},{"not_picked":["ReplayTheSpireMod:The Works","Deflect","PiercingWail+1"],"picked":"SKIP","floor":27.0},{"not_picked":["Footwork+1","Draining Mist+1","Sucker Punch"],"picked":"SKIP","floor":31},{"not_picked":["Bane","Cloak And Dagger+1","Endless Agony+1"],"picked":"SKIP","floor":35},{"not_picked":["Slice+1","Bane+1","Underhanded Strike+1"],"picked":"SKIP","floor":36},{"not_picked":["Dodge and Roll+1","Outmaneuver"],"picked":"After Image","floor":38},{"not_picked":["Sucker Punch","Noxious Fumes","Blade Dance"],"picked":"SKIP","floor":41},{"not_picked":["Noxious Fumes+1","Bouncing Flask","Blur"],"picked":"SKIP","floor":44},{"not_picked":["Leg Sweep+1","Finisher+1","Choke+1"],"picked":"SKIP","floor":46},{"not_picked":["Tactician","Deflect","All Out Attack"],"picked":"SKIP","floor":47},{"not_picked":["Crippling Poison+1","Deadly Poison+1","Hidden Blade+1"],"picked":"SKIP","floor":48}],"player_experience":567991,"relics_obtained":[{"floor":9.0,"key":"infinitespire:EmpoweringShard"},{"floor":23.0,"key":"Art of War"},{"floor":26.0,"key":"Toy Ornithopter"},{"floor":43,"key":"MealTicket"},{"floor":44,"key":"Pen Nib"}],"event_choices":[{"damage_healed":31.0,"max_hp_gain":0.0,"max_hp_loss":70.0,"gold_gain":0.0,"event_name":"betterThird:BetterShining","player_choice":"Upgrade","floor":3.0,"gold_loss":0.0,"damage_taken":14.0,"cards_upgraded":["Defend_G","Defend_G"]},{"damage_healed":0.0,"max_hp_gain":0.0,"max_hp_loss":0.0,"gold_gain":0.0,"event_name":"Vampires","player_choice":"Ignored","floor":25.0,"gold_loss":0.0,"damage_taken":0.0},{"damage_healed":0,"gold_gain":0,"player_choice":"Opened","damage_taken":0,"relics_obtained":["Regal Pillow"],"max_hp_gain":0,"max_hp_loss":0,"event_name":"The Mausoleum","floor":30,"gold_loss":0,"cards_obtained":["Writhe"]},{"damage_healed":0,"gold_gain":0,"player_choice":"Leave","damage_taken":0,"max_hp_gain":0,"max_hp_loss":0,"event_name":"conspire:Investor","floor":37,"gold_loss":0},{"damage_healed":0,"gold_gain":0,"player_choice":"Copied","damage_taken":0,"max_hp_gain":0,"max_hp_loss":0,"event_name":"Duplicator","floor":39,"gold_loss":0,"cards_obtained":["Acrobatics"]}],"is_beta":false,"boss_relics":[{"not_picked":["Coffee Dripper","Fusion Hammer"],"picked":"Painkiller Herb"},{"not_picked":["ReplayTheSpireMod:SealedPack","Replay:Bronze Core"],"picked":"conspire:SpecialSausage"}],"items_purged_floors":[12,45],"is_endless":false,"potions_floor_spawned":[1,16,18,24,27,31,33,35,47],"ascension_level":7}}