{"host":"inrqn0jglgjaorlx","time":1607784714,"event":{"mods":["2.2 Compatiblity","Abigail Mod","AchievementEnabler","Act Like it!","BaseMod","CapriCore","Friendly Minions","Gensokyo","Marisa（霧雨　魔理沙）","Minty Spire (QoL Compilation)","Prisma Mod","Reimu（博??梦）","Remilia（蕾米莉?）","StSLib","SuperFastMode","The Alterego","The Immortal"],"gold_per_floor":[114,126,206,206,224,254,354,354,354,284,317,327,352,277,277,374,374,389,97,97,97,57,85,98,129,155,155,170,170,16,36,36,136,136,148,168,186,213,213,246,246,263,263,282,30,30,30,45,45,45],"floor_reached":51,"playtime":2575,"items_purged":["MokouMod:Strike","MokouMod:Strike"],"score":819,"play_id":"8d4e9d3d-c374-4276-98fe-53388d8286d7","local_time":"20201212145154","is_ascension_mode":true,"campfire_choices":[{"data":"MokouMod:SearingShot","floor":8,"key":"SMITH"},{"floor":15,"key":"REST"},{"data":"MokouMod:Overheat","floor":27,"key":"SMITH"},{"data":"MokouMod:FujiyamaVolcano","floor":29,"key":"SMITH"},{"data":"Sadistic Nature","floor":32,"key":"SMITH"},{"data":"MokouMod:HouraiForge","floor":41,"key":"SMITH"},{"floor":46,"key":"REST"},{"data":"MokouMod:ResonatingAura","floor":49,"key":"SMITH"}],"circlet_count":0,"master_deck":["MokouMod:Strike+1","MokouMod:Defend","MokouMod:Defend","MokouMod:Defend","MokouMod:Defend","MokouMod:HeatSpark","MokouMod:SearingShot+1","MokouMod:FlickeringFlame","MokouMod:ThermalPressure+1","MokouMod:TemporalFireSeal","MokouMod:ResonanceReactor+1","MokouMod:FujiyamaVolcano+1","MokouMod:Geothermal","MokouMod:FujiyamaVolcano+1","Sadistic Nature+1","MokouMod:ScorchedEarth","MokouMod:CrimsonArmoury","MokouMod:SearingShot+1","MokouMod:Overheat+1","MokouMod:GuidingSmoke+1","MokouMod:Ventilation","MokouMod:HouraiForge+1","MokouMod:BurningDraft+1","MokouMod:ResonatingAura+1"],"relics":["MokouMod:PhoenixFeather","Calipers","Bottled Lightning","Strawberry","Ancient Tea Set","Velvet Choker","Toy Ornithopter","Eternal Feather","Tiny Chest","Blood Vial","Philosopher\u0027s Stone","Bronze Scales","Anchor","StoneCalendar","Kunai"],"acts_visited":["Exordium","Gensokyo:Gensokyo","TheBeyond"],"potions_floor_usage":[13,13,23,25,28,33,36,40],"damage_taken":[{"damage":2,"enemies":"Gensokyo:Python","floor":1,"turns":4},{"damage":12,"enemies":"Gensokyo:Gryphon","floor":2,"turns":4},{"damage":0,"enemies":"Gensokyo:2_Kodama","floor":5,"turns":2},{"damage":39,"enemies":"Gensokyo:Cirno","floor":6,"turns":6},{"damage":28,"enemies":"Gensokyo:Aya","floor":11,"turns":6},{"damage":9,"enemies":"Gensokyo:VengefulSpirit","floor":12,"turns":4},{"damage":2,"enemies":"Gensokyo:Mamizou","floor":13,"turns":7},{"damage":48,"enemies":"Gensokyo:Reimu","floor":16,"turns":10},{"damage":23,"enemies":"Gensokyo:AngelMirror","floor":18,"turns":3},{"damage":67,"enemies":"Gensokyo:Tenshi","floor":23,"turns":4},{"damage":2,"enemies":"Gensokyo:2_Gloops","floor":24,"turns":3},{"damage":9,"enemies":"Gensokyo:Reisen","floor":25,"turns":5},{"damage":0,"enemies":"Gensokyo:Monolith_and_Dog","floor":28,"turns":2},{"damage":0,"enemies":"Gensokyo:3_Gloops","floor":31,"turns":2},{"damage":53,"enemies":"Gensokyo:Eternal_Rivals","floor":33,"turns":7},{"damage":15,"enemies":"Orb Walker","floor":35,"turns":4},{"damage":14,"enemies":"3 Shapes","floor":36,"turns":3},{"damage":14,"enemies":"3 Darklings","floor":37,"turns":3},{"damage":18,"enemies":"Giant Head","floor":40,"turns":7},{"damage":17,"enemies":"Jaw Worm Horde","floor":42,"turns":3},{"damage":14,"enemies":"4 Shapes","floor":44,"turns":6},{"damage":14,"enemies":"Spire Growth","floor":48,"turns":4},{"damage":59,"enemies":"Donu and Deca","floor":50,"turns":6}],"seed_played":"4218099120089117408","potions_obtained":[{"floor":6,"key":"Weak Potion"},{"floor":11,"key":"SpeedPotion"},{"floor":16,"key":"Explosive Potion"},{"floor":18,"key":"SneckoOil"},{"floor":24,"key":"Regen Potion"},{"floor":28,"key":"ZuzhouPotion:ReiMu"},{"floor":31,"key":"PowerPotion"},{"floor":33,"key":"Swift Potion"},{"floor":35,"key":"Energy Potion"},{"floor":36,"key":"FairyPotion"},{"floor":44,"key":"LiquidMemories"}],"is_trial":false,"path_per_floor":["M","M","?","?","M","E","?","R","T","?","E","M","E","$","R","B",null,"M","$","?","?","?","E","M","E","T","R","M","R","$","M","R","B",null,"M","M","M","T","?","E","R","M","T","M","$","R","$","M","R","B",null],"character_chosen":"MKU","items_purchased":["Sadistic Nature","Blood Vial","Kunai"],"campfire_rested":2,"item_purchase_floors":[19,30,45],"current_hp_per_floor":[73,61,61,61,61,22,22,22,22,22,19,10,8,8,32,13,82,59,59,59,59,59,20,18,28,28,37,42,51,51,53,65,19,82,67,60,48,48,48,37,49,34,34,22,22,58,58,46,58,1],"gold":45,"neow_bonus":"REMOVE_CARD","is_daily":false,"chose_seed":false,"campfire_upgraded":6,"win_rate":0.0,"timestamp":1607784714,"path_taken":["M","M","?","?","M","E","?","R","T","?","E","?","E","?","R","BOSS","M","$","?","?","?","E","M","E","T","R","?","R","?","M","R","BOSS","M","M","?","?","?","E","R","M","T","M","$","R","?","M","R","BOSS"],"items_purchased_type":["Card","Relic","Relic"],"build_version":"2020-11-30","purchased_purges":2,"victory":true,"max_hp_per_floor":[75,75,75,75,75,75,75,75,75,75,82,82,82,82,82,82,82,82,82,82,82,82,82,82,82,82,82,82,82,82,82,82,82,82,82,82,82,82,82,82,82,82,82,82,82,82,82,82,82,82],"card_choices":[{"not_picked":["MokouMod:Sear","MokouMod:ImperishableFlame"],"picked":"MokouMod:SearingShot","floor":1},{"not_picked":["MokouMod:IndiscriminateIgnition","MokouMod:Meltdown"],"picked":"MokouMod:FlickeringFlame","floor":2},{"not_picked":["MokouMod:AdaptivePyromancy","MokouMod:IcarusDive"],"picked":"MokouMod:ThermalPressure","floor":5},{"not_picked":["MokouMod:EternalBurstReactor","MokouMod:InfernalWave","MokouMod:SubterraneanCore"],"picked":"SKIP","floor":6},{"not_picked":["MokouMod:InfernalWave","MokouMod:ThermalPressure"],"picked":"MokouMod:TemporalFireSeal","floor":11},{"not_picked":["MokouMod:SpontaneousHumanCombustion","MokouMod:AdaptivePyromancy"],"picked":"MokouMod:ResonanceReactor","floor":12},{"not_picked":["MokouMod:Ember","MokouMod:ResonanceReactor"],"picked":"MokouMod:FujiyamaVolcano","floor":13},{"not_picked":["MokouMod:HouraiForge","MokouMod:Extinguish"],"picked":"MokouMod:Geothermal","floor":16},{"not_picked":["MokouMod:PhoenixFeathers","MokouMod:Firecracker+1"],"picked":"MokouMod:FujiyamaVolcano+1","floor":18},{"not_picked":["MokouMod:TemporalFireSeal","MokouMod:ShiftIgnition"],"picked":"MokouMod:CrimsonArmoury","floor":23},{"not_picked":["MokouMod:Sear","MokouMod:IndiscriminateIgnition"],"picked":"MokouMod:SearingShot+1","floor":24},{"not_picked":["MokouMod:Singe","MokouMod:FlickeringFlame"],"picked":"MokouMod:Overheat","floor":25},{"not_picked":["MokouMod:SearingShot","MokouMod:ScorchingColumn","MokouMod:BurningDraft"],"picked":"SKIP","floor":28},{"not_picked":["MokouMod:FusionFlare","MokouMod:HeatFactory+1"],"picked":"MokouMod:GuidingSmoke+1","floor":31},{"not_picked":["MokouMod:ExplosiveFlame","MokouMod:ProfanedFlare"],"picked":"MokouMod:Ventilation","floor":33},{"not_picked":["MokouMod:UncontrollableSolarReaction+1","MokouMod:IndiscriminateIgnition","MokouMod:Singe"],"picked":"SKIP","floor":35},{"not_picked":["MokouMod:Ember+1","MokouMod:UncontrollableSolarReaction+1","MokouMod:ThermalPressure+1"],"picked":"SKIP","floor":36},{"not_picked":["MokouMod:Ember+1","MokouMod:BurningDraft","MokouMod:RoaringFlare+1"],"picked":"SKIP","floor":37},{"not_picked":["MokouMod:ResoluteFlare","MokouMod:BlazingComet"],"picked":"MokouMod:HouraiForge","floor":40},{"not_picked":["MokouMod:FlickeringFlame+1","MokouMod:Firecracker","MokouMod:BlazingComet"],"picked":"SKIP","floor":42},{"not_picked":["MokouMod:AdaptivePyromancy+1","MokouMod:EternalBurstReactor+1"],"picked":"MokouMod:BurningDraft+1","floor":44},{"not_picked":["MokouMod:AdaptivePyromancy+1","MokouMod:Firecracker"],"picked":"MokouMod:ResonatingAura","floor":48}],"player_experience":362209,"relics_obtained":[{"floor":6,"key":"Calipers"},{"floor":9,"key":"Bottled Lightning"},{"floor":11,"key":"Strawberry"},{"floor":13,"key":"Ancient Tea Set"},{"floor":23,"key":"Toy Ornithopter"},{"floor":25,"key":"Eternal Feather"},{"floor":26,"key":"Tiny Chest"},{"floor":38,"key":"Bronze Scales"},{"floor":40,"key":"Anchor"},{"floor":43,"key":"StoneCalendar"}],"event_choices":[{"damage_healed":0,"gold_gain":0,"player_choice":"Ignored","damage_taken":0,"max_hp_gain":0,"max_hp_loss":0,"event_name":"Tomb of Lord Red Mask","floor":39,"gold_loss":0}],"is_beta":false,"boss_relics":[{"not_picked":["Cursed Key","SlaversCollar"],"picked":"Velvet Choker"},{"not_picked":["Snecko Eye","Fusion Hammer"],"picked":"Philosopher\u0027s Stone"}],"items_purged_floors":[14,19],"is_endless":false,"potions_floor_spawned":[6,11,16,18,24,28,31,33,35,36,44],"ascension_level":2}}