{"host":"2ttsipbxjlhedj1t","time":1607797963,"event":{"mods":["2.2 Compatiblity","Act Like it!","BaseMod","Colored Map","Colored Powertips","Highlight Path","Minty Spire (QoL Compilation)","Quick Restart","Shop Mod","StSLib"],"gold_per_floor":[115,31,99,113,113,113,143,18,18,18,37,37,53,64,64,166,166,177,177,187,43,43,43,43,43],"floor_reached":24,"playtime":2710,"items_purged":[],"score":243,"play_id":"2830f7c9-cb27-4c9d-8dfa-8af5534f38e8","local_time":"20201212133243","is_ascension_mode":true,"campfire_choices":[{"data":"Dualcast","floor":6,"key":"SMITH"},{"data":"Hologram","floor":15,"key":"SMITH"},{"data":"Blind","floor":23,"key":"SMITH"}],"circlet_count":0,"master_deck":["Strike_B","Strike_B","Strike_B","Strike_B","Defend_B","Defend_B","Defend_B","Defend_B","Zap+1","Dualcast+1","Streamline","Blind+1","Core Surge","Coolheaded+1","Undo","Hologram+1","Reboot","Recycle+1"],"relics":["Cracked Core","Sundial","Pantograph","MealTicket","SlaversCollar","Sling"],"acts_visited":["Exordium","TheCity"],"potions_floor_usage":[13,16,16,16,20,24],"damage_taken":[{"damage":5,"enemies":"Small Slimes","floor":1,"turns":3},{"damage":0,"enemies":"2 Louse","floor":4,"turns":2},{"damage":25,"enemies":"3 Sentries","floor":7,"turns":6},{"damage":2,"enemies":"Jaw Worm","floor":11,"turns":3},{"damage":0,"enemies":"2 Fungi Beasts","floor":13,"turns":2},{"damage":10,"enemies":"3 Louse","floor":14,"turns":3},{"damage":24,"enemies":"Slime Boss","floor":16,"turns":10},{"damage":3,"enemies":"Chosen","floor":18,"turns":6},{"damage":6,"enemies":"3 Byrds","floor":20,"turns":5},{"damage":35,"enemies":"Shelled Parasite and Fungi","floor":24,"turns":5}],"seed_played":"-2027228254920733036","potions_obtained":[{"floor":11,"key":"AttackPotion"},{"floor":13,"key":"PotionOfCapacity"},{"floor":14,"key":"LiquidMemories"},{"floor":18,"key":"FocusPotion"},{"floor":19,"key":"Energy Potion"},{"floor":19,"key":"EssenceOfSteel"}],"is_trial":false,"path_per_floor":["M","$","?","M","?","R","E","$","T","?","M","?","M","M","R","B",null,"M","?","M","$","?","R","M"],"character_chosen":"DEFECT","items_purchased":["Blind","Regen Potion","FocusPotion","Sling"],"campfire_rested":0,"item_purchase_floors":[2,8,8,21],"current_hp_per_floor":[70,70,70,70,75,75,50,50,50,32,30,30,30,20,20,36,69,66,66,60,75,75,75,40,40],"gold":43,"neow_bonus":"UPGRADE_CARD","is_daily":false,"chose_seed":false,"campfire_upgraded":3,"win_rate":0.0,"timestamp":1607797963,"path_taken":["M","$","?","M","?","R","E","?","T","?","M","?","M","?","R","BOSS","M","?","M","?","?","R","M"],"items_purchased_type":["Card","Potion","Potion","Relic"],"build_version":"2020-11-30","purchased_purges":0,"victory":false,"max_hp_per_floor":[75,75,75,75,80,80,80,80,80,80,80,80,80,80,80,80,80,80,80,80,80,80,80,80,80],"card_choices":[{"not_picked":["Stack","Cold Snap"],"picked":"Streamline","floor":1},{"not_picked":["Fusion","Steam","Reprogram"],"picked":"SKIP","floor":4},{"not_picked":["Compile Driver","Gash"],"picked":"Core Surge","floor":7},{"not_picked":["Steam","Ball Lightning"],"picked":"Coolheaded","floor":11},{"not_picked":["Sweeping Beam","Static Discharge"],"picked":"Undo","floor":13},{"not_picked":["Gash","Coolheaded"],"picked":"Hologram","floor":14},{"not_picked":["Creative AI","All For One"],"picked":"Reboot","floor":16},{"not_picked":["Barrage","Redo"],"picked":"Recycle+1","floor":18},{"not_picked":["Tempest+1","Reprogram+1","Coolheaded"],"picked":"SKIP","floor":20}],"player_experience":328891,"relics_obtained":[{"floor":7,"key":"Sundial"},{"floor":9,"key":"Pantograph"}],"event_choices":[{"damage_healed":0,"gold_gain":68,"player_choice":"Gained Gold","damage_taken":0,"max_hp_gain":0,"max_hp_loss":0,"event_name":"Golden Wing","floor":3,"gold_loss":0},{"damage_healed":0,"gold_gain":0,"player_choice":"Donut","damage_taken":0,"max_hp_gain":5,"max_hp_loss":0,"event_name":"Big Fish","floor":5,"gold_loss":0},{"damage_healed":0,"gold_gain":0,"player_choice":"Success","damage_taken":18,"relics_obtained":["MealTicket"],"max_hp_gain":0,"max_hp_loss":0,"event_name":"Scrap Ooze","floor":10,"gold_loss":0},{"damage_healed":0,"gold_gain":0,"player_choice":"Forge","damage_taken":0,"max_hp_gain":0,"max_hp_loss":0,"event_name":"Accursed Blacksmith","floor":12,"gold_loss":0,"cards_upgraded":["Coolheaded"]},{"damage_healed":0,"gold_gain":0,"player_choice":"Got Potions","damage_taken":0,"max_hp_gain":0,"max_hp_loss":0,"event_name":"Lab","floor":19,"gold_loss":0}],"is_beta":false,"boss_relics":[{"not_picked":["Sozu","Runic Dome"],"picked":"SlaversCollar"}],"items_purged_floors":[],"is_endless":false,"potions_floor_spawned":[11,13,14,18],"killed_by":"Shelled Parasite and Fungi","ascension_level":5}}