{"host":"2n2g1vowfllvjtvi","time":1607769172,"event":{"mods":["AchievementEnabler","BaseMod","Custom Start","GifTheSpireLib","Keyboard Shortcuts","Minty Spire (QoL Compilation)","Quick Restart","Rare Cards Sparkle","StSLib","SuperFastMode"],"gold_per_floor":[119,44,44,44,54,54,86,86,113,138,138,165,165,247,247,380,380,403,328,83,98,120,120,173,195,195,195,195,238,238,238,238,378,378,396,417,202,225,225,225,250,250,276,318,318,318,342,386,386,386],"floor_reached":51,"playtime":1362,"items_purged":["Strike_G","Strike_G","Strike_G"],"score":1300,"play_id":"109cb3cc-2732-4ac8-b2f5-74d3c2415772","local_time":"20201212193252","is_ascension_mode":true,"campfire_choices":[{"data":"Crippling Poison","floor":6.0,"key":"SMITH"},{"data":"Eviscerate","floor":8.0,"key":"SMITH"},{"data":"Prepared","floor":11.0,"key":"SMITH"},{"data":"Bane","floor":15.0,"key":"SMITH"},{"data":"Reflex","floor":23.0,"key":"SMITH"},{"data":"Venomology","floor":27.0,"key":"SMITH"},{"data":"Leg Sweep","floor":30,"key":"SMITH"},{"data":"Neutralize","floor":32,"key":"SMITH"},{"data":"A Thousand Cuts","floor":40,"key":"SMITH"},{"data":"Envenom","floor":45,"key":"SMITH"},{"data":"Footwork","floor":49,"key":"SMITH"}],"circlet_count":0,"master_deck":["Defend_G+1","Defend_G","Defend_G","Defend_G","Defend_G","Survivor","Neutralize+1","Crippling Poison+1","Eviscerate+1","Acrobatics+1","Prepared+1","Poisoned Stab","Venomology+1","Backflip","Reflex+1","Dash+1","Leg Sweep+1","Escape Plan","A Thousand Cuts+1","Blur","Footwork+1","Adrenaline","Envenom+1"],"relics":["Ring of the Snake","NeowsBlessing","Pantograph","Blood Vial","CeramicFish","Golden Idol","Nunchaku","HoveringKite","OrangePellets","War Paint","Pear","Calipers","Enchiridion","Philosopher\u0027s Stone","Orichalcum","Snake Skull","Meat on the Bone"],"acts_visited":["Exordium","TheCity","TheBeyond"],"potions_floor_usage":[33,36,36,36,38,41,46,47,48,48,48,50,50],"damage_taken":[{"damage":0.0,"enemies":"2 Louse","floor":1.0,"turns":1.0},{"damage":0.0,"enemies":"Cultist","floor":5.0,"turns":1.0},{"damage":0.0,"enemies":"3 Sentries","floor":7.0,"turns":1.0},{"damage":1.0,"enemies":"Jaw Worm","floor":10.0,"turns":6.0},{"damage":0.0,"enemies":"Blue Slaver","floor":12.0,"turns":7.0},{"damage":27.0,"enemies":"3 Sentries","floor":14.0,"turns":10.0},{"damage":13.0,"enemies":"Hexaghost","floor":16.0,"turns":8.0},{"damage":1.0,"enemies":"2 Thieves","floor":18.0,"turns":3.0},{"damage":0.0,"enemies":"Chosen","floor":21.0,"turns":3.0},{"damage":0.0,"enemies":"Snecko","floor":22.0,"turns":3.0},{"damage":15.0,"enemies":"Book of Stabbing","floor":24.0,"turns":4.0},{"damage":3.0,"enemies":"Cultist and Chosen","floor":25.0,"turns":4.0},{"damage":17.0,"enemies":"Gremlin Leader","floor":29.0,"turns":6.0},{"damage":19,"enemies":"Automaton","floor":33,"turns":11},{"damage":0,"enemies":"Orb Walker","floor":35,"turns":3},{"damage":0,"enemies":"3 Darklings","floor":36,"turns":5},{"damage":0,"enemies":"Writhing Mass","floor":38,"turns":7},{"damage":0,"enemies":"4 Shapes","floor":41,"turns":3},{"damage":0,"enemies":"Giant Head","floor":44,"turns":9},{"damage":0,"enemies":"Jaw Worm Horde","floor":46,"turns":1},{"damage":0,"enemies":"Maw","floor":47,"turns":7},{"damage":1,"enemies":"Reptomancer","floor":48,"turns":7},{"damage":0,"enemies":"Donu and Deca","floor":50,"turns":8}],"seed_played":"4577834219147170291","potions_obtained":[{"floor":1.0,"key":"Fire Potion"},{"floor":7.0,"key":"DuplicationPotion"},{"floor":12.0,"key":"Strength Potion"},{"floor":16.0,"key":"SteroidPotion"},{"floor":21.0,"key":"SteroidPotion"},{"floor":24.0,"key":"CultistPotion"},{"floor":25.0,"key":"Energy Potion"},{"floor":35,"key":"LiquidBronze"},{"floor":47,"key":"FearPotion"}],"is_trial":false,"path_per_floor":["M","$","?","?","M","R","E","R","T","M","R","M","?","?","R","B",null,"M","?","$","M","M","R","E","M","T","R","?","E","R","?","R","B",null,"M","M","$","M","?","R","M","?","T","E","R","M","M","E","R","B",null],"character_chosen":"THE_SILENT","items_purchased":["OrangePellets","Blur","Footwork"],"campfire_rested":0,"item_purchase_floors":[20,37,37],"current_hp_per_floor":[63,63,63,63,63,63,63,63,63,64,64,66,49,24,24,38,62,63,63,63,65,67,67,54,53,63,63,63,48,48,32,32,40,70,72,74,74,76,76,76,78,76,76,76,76,76,76,75,75,76],"gold":386,"neow_bonus":"THREE_ENEMY_KILL","is_daily":false,"chose_seed":false,"campfire_upgraded":11,"win_rate":0.0,"timestamp":1607769172,"path_taken":["M","$","?","?","M","R","E","R","T","?","R","M","?","?","R","BOSS","M","?","$","M","M","R","E","M","T","R","?","E","R","?","R","BOSS","M","M","$","M","?","R","M","?","T","E","R","M","M","E","R","BOSS"],"items_purchased_type":["Relic","Card","Card"],"build_version":"2020-11-30","purchased_purges":3,"victory":true,"max_hp_per_floor":[70,70,70,70,70,70,70,70,70,70,70,70,70,70,70,70,70,70,70,70,70,70,70,70,70,80,80,80,80,80,80,80,80,80,80,80,80,80,80,80,80,76,76,76,76,76,76,76,76,76],"card_choices":[{"not_picked":["Eviscerate","Skewer"],"picked":"Crippling Poison","floor":1.0},{"not_picked":["Concentrate","All Out Attack"],"picked":"Eviscerate","floor":5.0},{"not_picked":["Finisher","Venomology"],"picked":"Acrobatics","floor":7.0},{"not_picked":["Blade Dance","Skewer"],"picked":"Prepared","floor":10.0},{"not_picked":["Blade Dance","Terror"],"picked":"Poisoned Stab","floor":12.0},{"not_picked":["Deflect","Backstab"],"picked":"Bane","floor":14.0},{"not_picked":["Storm of Steel","Glass Knife"],"picked":"Venomology","floor":16.0},{"not_picked":["Dagger Spray","Bane"],"picked":"Backflip","floor":18.0},{"not_picked":["Deflect","Bane","Doppelganger"],"picked":"SKIP","floor":21.0},{"not_picked":["Caltrops","Sucker Punch"],"picked":"Reflex","floor":22.0},{"not_picked":["Flying Knee+1","Choke"],"picked":"Dash+1","floor":24.0},{"not_picked":["Riddle With Holes","Bane"],"picked":"Leg Sweep","floor":25.0},{"not_picked":["Bane","Sucker Punch"],"picked":"Escape Plan","floor":29.0},{"not_picked":["Glass Knife","Night Terror"],"picked":"A Thousand Cuts","floor":33},{"not_picked":["Escape Plan+1","Accuracy","Blade Dance+1"],"picked":"SKIP","floor":35},{"not_picked":["Concentrate","Expertise","Leg Sweep+1"],"picked":"SKIP","floor":36},{"not_picked":["Poisoned Stab+1","Deflect"],"picked":"Adrenaline","floor":38},{"not_picked":["Heel Hook","Concentrate+1","Blade Dance+1"],"picked":"SKIP","floor":41},{"not_picked":["Dagger Throw+1","Backflip"],"picked":"Envenom","floor":44},{"not_picked":["Backflip+1","Quick Slash+1","Sucker Punch"],"picked":"SKIP","floor":47},{"not_picked":["Cloak And Dagger+1","Poisoned Stab+1","Backflip+1"],"picked":"SKIP","floor":48}],"player_experience":443811,"relics_obtained":[{"floor":7.0,"key":"Blood Vial"},{"floor":9.0,"key":"CeramicFish"},{"floor":24.0,"key":"War Paint"},{"floor":26.0,"key":"Pear"},{"floor":29.0,"key":"Calipers"},{"floor":31,"key":"Enchiridion"},{"floor":43,"key":"Orichalcum"},{"floor":44,"key":"Snake Skull"},{"floor":48,"key":"Meat on the Bone"}],"event_choices":[{"damage_healed":0.0,"max_hp_gain":0.0,"max_hp_loss":0.0,"gold_gain":0.0,"event_name":"The Cleric","player_choice":"Leave","floor":3.0,"gold_loss":0.0,"damage_taken":0.0},{"damage_healed":0.0,"max_hp_gain":0.0,"max_hp_loss":0.0,"gold_gain":0.0,"event_name":"WeMeetAgain","player_choice":"Gave Potion","floor":4.0,"gold_loss":0.0,"damage_taken":0.0,"relics_obtained":["Pantograph"]},{"damage_healed":0.0,"max_hp_gain":0.0,"max_hp_loss":0.0,"gold_gain":0.0,"event_name":"Golden Idol","player_choice":"Take Damage","floor":13.0,"gold_loss":0.0,"damage_taken":17.0,"relics_obtained":["Golden Idol"]},{"damage_healed":0.0,"max_hp_gain":0.0,"max_hp_loss":0.0,"gold_gain":0.0,"event_name":"Dead Adventurer","player_choice":"Searched \u00272\u0027 times","floor":14.0,"gold_loss":0.0,"damage_taken":0.0,"relics_obtained":["Nunchaku"]},{"cards_removed":["Strike_G"],"damage_healed":0.0,"max_hp_gain":0.0,"max_hp_loss":0.0,"gold_gain":0.0,"event_name":"Beggar","player_choice":"Gave Gold","floor":19.0,"gold_loss":75.0,"damage_taken":0.0},{"cards_removed":["Strike_G"],"damage_healed":0.0,"max_hp_gain":0.0,"max_hp_loss":0.0,"gold_gain":0.0,"event_name":"Back to Basics","player_choice":"Elegance","floor":28.0,"gold_loss":0.0,"damage_taken":0.0},{"damage_healed":0,"gold_gain":0,"player_choice":"Obtained Book","damage_taken":16,"max_hp_gain":0,"max_hp_loss":0,"event_name":"Cursed Tome","floor":31,"gold_loss":0},{"cards_removed":["Bane"],"damage_healed":0,"gold_gain":0,"player_choice":"Removed Attack","damage_taken":0,"max_hp_gain":0,"max_hp_loss":0,"event_name":"Falling","floor":39,"gold_loss":0},{"damage_healed":0,"gold_gain":0,"player_choice":"Max HP","damage_taken":0,"max_hp_gain":0,"max_hp_loss":4,"event_name":"Winding Halls","floor":42,"gold_loss":0}],"is_beta":false,"boss_relics":[{"not_picked":["Empty Cage","Black Star"],"picked":"HoveringKite"},{"not_picked":["Ring of the Serpent","Astrolabe"],"picked":"Philosopher\u0027s Stone"}],"items_purged_floors":[2,20,37],"is_endless":false,"potions_floor_spawned":[1,7,12,16,21,24,25,35,46,47],"ascension_level":9}}