{"host":"pf47v7h0307523iy","time":1607804289,"event":{"mods":["BaseMod","Minty Spire (QoL Compilation)"],"gold_per_floor":[111,186,186,198,8,8,33,33,33,64,82,82,82,99,99,173,173,191,2,2,12,32,32,58,58,58,92,92,126,126,153,153,227,227,246,1245,770,770,780,815,815,85,85,110,110,137,137,172,172,172,172,172,172,62,95,95],"floor_reached":57,"playtime":3115,"items_purged":["Strike_G","Normality","Normality"],"score":3146,"play_id":"abdef7aa-99e3-40b9-9c11-c722daefd9ef","local_time":"20201212221809","is_ascension_mode":true,"campfire_choices":[{"data":"Apotheosis","floor":6.0,"key":"SMITH"},{"data":"Footwork","floor":8.0,"key":"SMITH"},{"data":"Footwork","floor":12.0,"key":"SMITH"},{"data":"Adrenaline","floor":15.0,"key":"SMITH"},{"floor":23.0,"key":"REST"},{"floor":25.0,"key":"REST"},{"floor":28,"key":"REST"},{"floor":32,"key":"REST"},{"floor":41,"key":"RECALL"},{"floor":45,"key":"REST"},{"data":"Finesse","floor":47,"key":"SMITH"},{"data":"Backflip","floor":49,"key":"SMITH"},{"floor":53,"key":"REST"}],"circlet_count":0,"master_deck":["AscendersBane","Strike_G","Strike_G","Strike_G+1","Defend_G","Defend_G","Defend_G","Defend_G","Defend_G","Survivor","Neutralize","Catalyst+1","Dagger Spray+1","Apotheosis+1","Footwork+1","Catalyst","Footwork+1","Adrenaline+1","Corpse Explosion","Prepared+1","Well Laid Plans","Dodge and Roll","Crippling Poison","Deadly Poison+1","Noxious Fumes","Secret Technique","Leg Sweep","Purity","Adrenaline+1","Catalyst+1","PiercingWail+1","Finesse+1","Injury","Backflip+1","PiercingWail"],"relics":["Ring of the Snake","NeowsBlessing","Nunchaku","Question Card","WingedGreaves","Cursed Key","Whetstone","MealTicket","Darkstone Periapt","Bottled Lightning","Runic Pyramid","Singing Bowl","Art of War","Ice Cream","Centennial Puzzle","PreservedInsect","Potion Belt","Bottled Flame"],"acts_visited":["Exordium","TheCity","TheBeyond","TheEnding"],"potions_floor_usage":[29,40,44,55,56,56],"damage_taken":[{"damage":0.0,"enemies":"Small Slimes","floor":1.0,"turns":1.0},{"damage":0.0,"enemies":"Jaw Worm","floor":4.0,"turns":1.0},{"damage":0.0,"enemies":"3 Sentries","floor":7.0,"turns":1.0},{"damage":5.0,"enemies":"Lagavulin","floor":10.0,"turns":8.0},{"damage":0.0,"enemies":"Cultist","floor":11.0,"turns":4.0},{"damage":10.0,"enemies":"Red Slaver","floor":14.0,"turns":7.0},{"damage":34.0,"enemies":"Slime Boss","floor":16.0,"turns":15.0},{"damage":6.0,"enemies":"2 Thieves","floor":18.0,"turns":3.0},{"damage":5.0,"enemies":"Chosen","floor":21.0,"turns":5.0},{"damage":3.0,"enemies":"Centurion and Healer","floor":22.0,"turns":6.0},{"damage":35.0,"enemies":"Slavers","floor":24.0,"turns":4.0},{"damage":24,"enemies":"Book of Stabbing","floor":27,"turns":5},{"damage":19,"enemies":"Gremlin Leader","floor":29,"turns":7},{"damage":1,"enemies":"Book of Stabbing","floor":31,"turns":5},{"damage":23,"enemies":"Champ","floor":33,"turns":6},{"damage":6,"enemies":"3 Shapes","floor":35,"turns":3},{"damage":3,"enemies":"3 Darklings","floor":39,"turns":2},{"damage":0,"enemies":"Nemesis","floor":40,"turns":3},{"damage":15,"enemies":"Reptomancer","floor":44,"turns":4},{"damage":0,"enemies":"Nemesis","floor":46,"turns":5},{"damage":0,"enemies":"Giant Head","floor":48,"turns":4},{"damage":12,"enemies":"Time Eater","floor":50,"turns":7},{"damage":53,"enemies":"Awakened One","floor":51,"turns":15},{"damage":30,"enemies":"Shield and Spear","floor":55,"turns":5},{"damage":41,"enemies":"The Heart","floor":56,"turns":7}],"seed_played":"2205937573940299575","potions_obtained":[{"floor":1.0,"key":"Fire Potion"},{"floor":4.0,"key":"DistilledChaos"},{"floor":7.0,"key":"AttackPotion"},{"floor":13.0,"key":"EntropicBrew"},{"floor":18.0,"key":"Swift Potion"},{"floor":27,"key":"AttackPotion"},{"floor":29,"key":"EssenceOfSteel"},{"floor":35,"key":"GamblersBrew"},{"floor":48,"key":"SteroidPotion"}],"is_trial":false,"path_per_floor":["M","?","?","M","$","R","E","R","T","E","M","R","?","M","R","B",null,"M","$","?","M","M","R","E","R","T","E","R","E","?","E","R","B",null,"M","?","$","?","M","E","R","$","T","E","R","E","R","E","R","B","B",null,"R","$","E","B",null],"character_chosen":"THE_SILENT","items_purchased":["Apotheosis","Fruit Juice","Secret Technique","Leg Sweep","Purity","Art of War","Ice Cream","Finesse","Dexterity Potion","SpeedPotion"],"campfire_rested":6,"item_purchase_floors":[5,19,37,37,37,42,42,42,54,54],"current_hp_per_floor":[59,48,48,48,48,48,48,48,48,43,43,43,43,33,33,14,53,47,52,52,47,44,65,30,51,51,27,48,29,29,28,49,26,60,54,66,81,81,78,78,78,83,89,76,91,91,91,91,91,79,26,75,91,91,63,22],"gold":95,"neow_bonus":"THREE_ENEMY_KILL","is_daily":false,"chose_seed":false,"campfire_upgraded":6,"win_rate":0.0,"timestamp":1607804289,"path_taken":["M","?","?","?","?","R","E","R","T","E","M","R","?","?","R","BOSS","M","$","?","M","M","R","E","R","T","E","R","E","?","E","R","BOSS","M","?","$","?","M","E","R","$","T","E","R","E","R","E","R","BOSS","BOSS","R","$","E","BOSS"],"items_purchased_type":["Card","Potion","Card","Card","Card","Relic","Relic","Card","Potion","Potion"],"build_version":"2020-11-30","purchased_purges":3,"victory":true,"max_hp_per_floor":[66,66,66,66,66,66,66,66,66,66,66,66,66,66,66,66,66,66,71,71,71,71,71,71,71,71,71,71,71,71,71,71,71,71,71,83,83,83,83,83,83,83,89,91,91,91,91,91,91,91,91,91,91,91,93,93],"card_choices":[{"not_picked":["Slice","Poisoned Stab"],"picked":"Catalyst","floor":1.0},{"not_picked":["Sucker Punch","Bane"],"picked":"Dagger Spray","floor":4.0},{"not_picked":["Setup","Expertise"],"picked":"Footwork","floor":7.0},{"not_picked":["Poisoned Stab","Backstab","Deflect"],"picked":"Catalyst","floor":10.0},{"not_picked":["Riddle With Holes","Underhanded Strike","Terror"],"picked":"Footwork","floor":11.0},{"not_picked":["Blade Dance","Underhanded Strike","Deflect"],"picked":"Adrenaline","floor":14.0},{"not_picked":["Burst","Malaise","Grand Finale"],"picked":"Corpse Explosion","floor":16.0},{"not_picked":["Heel Hook","Dash","Flying Knee"],"picked":"Prepared+1","floor":18.0},{"not_picked":["Quick Slash","Flying Knee","Sucker Punch"],"picked":"Dodge and Roll","floor":21.0},{"not_picked":["Bouncing Flask","Dagger Throw","Concentrate+1"],"picked":"Crippling Poison","floor":22.0},{"not_picked":["Outmaneuver","Dagger Throw","Sucker Punch"],"picked":"Deadly Poison+1","floor":24.0},{"not_picked":["Bouncing Flask","Bane","Outmaneuver","Endless Agony+1"],"picked":"SKIP","floor":27},{"not_picked":["Corpse Explosion","Distraction","Tactician"],"picked":"Noxious Fumes","floor":29},{"not_picked":["Doppelganger","Terror","Riddle With Holes","Tactician+1"],"picked":"SKIP","floor":31},{"not_picked":["Setup+1","Well Laid Plans+1","Dagger Throw+1","Prepared"],"picked":"SKIP","floor":35},{"not_picked":["Outmaneuver","Riddle With Holes","Underhanded Strike"],"picked":"Catalyst+1","floor":39},{"not_picked":["Quick Slash+1","Heel Hook","Unload"],"picked":"PiercingWail+1","floor":40},{"not_picked":["Leg Sweep","Catalyst","Backstab","Reflex"],"picked":"Singing Bowl","floor":44},{"not_picked":["Dagger Spray","PiercingWail","Blade Dance"],"picked":"Backflip","floor":46},{"not_picked":["Dash","Infinite Blades+1","Heel Hook"],"picked":"PiercingWail","floor":48},{"not_picked":["Flechettes+1","Outmaneuver","Eviscerate","Cloak And Dagger"],"picked":"Singing Bowl","floor":55}],"player_experience":1466031,"relics_obtained":[{"floor":7.0,"key":"Nunchaku"},{"floor":9.0,"key":"Question Card"},{"floor":10.0,"key":"WingedGreaves"},{"floor":24.0,"key":"Whetstone"},{"floor":27,"key":"MealTicket"},{"floor":29,"key":"Darkstone Periapt"},{"floor":31,"key":"Bottled Lightning"},{"floor":40,"key":"Singing Bowl"},{"floor":44,"key":"Centennial Puzzle"},{"floor":46,"key":"PreservedInsect"},{"floor":48,"key":"Potion Belt"},{"floor":55,"key":"Bottled Flame"}],"event_choices":[{"damage_healed":0.0,"max_hp_gain":0.0,"max_hp_loss":0.0,"gold_gain":75.0,"event_name":"World of Goop","player_choice":"Gather Gold","floor":2.0,"gold_loss":0.0,"damage_taken":11.0},{"damage_healed":0.0,"max_hp_gain":0.0,"max_hp_loss":0.0,"gold_gain":0.0,"event_name":"Upgrade Shrine","player_choice":"Upgraded","floor":3.0,"gold_loss":0.0,"damage_taken":0.0,"cards_upgraded":["Catalyst"]},{"damage_healed":0.0,"max_hp_gain":0.0,"max_hp_loss":0.0,"gold_gain":0.0,"event_name":"Lab","player_choice":"Got Potions","floor":13.0,"gold_loss":0.0,"damage_taken":0.0},{"damage_healed":0.0,"max_hp_gain":0.0,"max_hp_loss":0.0,"gold_gain":0.0,"event_name":"The Library","player_choice":"Read","floor":20.0,"gold_loss":0.0,"damage_taken":0.0,"cards_obtained":["Well Laid Plans"]},{"cards_removed":["Strike_G"],"damage_healed":0,"gold_gain":0,"player_choice":"Elegance","damage_taken":0,"max_hp_gain":0,"max_hp_loss":0,"event_name":"Back to Basics","floor":30,"gold_loss":0},{"damage_healed":0,"gold_gain":999,"player_choice":"Gold","damage_taken":0,"max_hp_gain":0,"max_hp_loss":0,"event_name":"MindBloom","floor":36,"gold_loss":0,"cards_obtained":["Normality","Normality"]},{"damage_healed":0,"gold_gain":0,"player_choice":"Copied","damage_taken":0,"max_hp_gain":0,"max_hp_loss":0,"event_name":"Duplicator","floor":38,"gold_loss":0,"cards_obtained":["Adrenaline"]}],"is_beta":false,"boss_relics":[{"not_picked":["Ectoplasm","Astrolabe"],"picked":"Cursed Key"},{"not_picked":["Snecko Eye","Coffee Dripper"],"picked":"Runic Pyramid"}],"items_purged_floors":[19,37,42],"is_endless":false,"potions_floor_spawned":[1,4,7,14,18,27,29,35,48],"ascension_level":20}}