{"host":"cvdbfwtypahr1w62","time":1607735409,"event":{"mods":["AchievementEnabler","Act Like it!","BaseMod","BetterRewards","Colored Map","Filter the Spire","Hallownest","Highlight Path","Jorbs\u0027s Wanderer Trilogy","Marisa????????","Minty Spire (QoL Compilation)","Rare Cards Sparkle","Relic Stats","Shop Mod","StSLib","The Bug Knight","The Cursed"],"gold_per_floor":[109,109,30,50,15,15,46,57,84,84,114,114,126,136,136,209,209,227,82,232,232,232,232,232,232,232,232,245,279,305,345,345,419,419,431,446,446,461,473,503,276,276,276,81,113,113,213,224,224,224],"floor_reached":51,"playtime":2145,"items_purged":["Strike_G","Strike_G","Strike_G","Defend_G"],"score":1601,"play_id":"19819c40-9263-4697-aa6a-9e53ea894b79","local_time":"20201212021009","is_ascension_mode":true,"campfire_choices":[{"data":"Noxious Fumes","floor":6,"key":"SMITH"},{"data":"Bouncing Flask","floor":10,"key":"SMITH"},{"data":"Tactician","floor":15,"key":"SMITH"},{"data":"Acrobatics","floor":23,"key":"SMITH"},{"data":"Hallownest:pwrSporeShroom","floor":25,"key":"SMITH"},{"data":"Footwork","floor":27,"key":"SMITH"},{"data":"Footwork","floor":32,"key":"SMITH"},{"data":"Corpse Explosion","floor":42,"key":"SMITH"},{"data":"Acrobatics","floor":46,"key":"SMITH"},{"data":"Neutralize","floor":49,"key":"SMITH"}],"circlet_count":0,"master_deck":["AscendersBane","Defend_G","Defend_G","Defend_G","Defend_G","Survivor","Neutralize+1","Footwork+1","Escape Plan","Bouncing Flask+1","Noxious Fumes+1","Footwork+1","Acrobatics+1","Escape Plan","Tactician+1","Corpse Explosion+1","Hallownest:pwrSporeShroom+1","Acrobatics+1","Blur"],"relics":["Ring of the Snake","HollowMod:QueensCombRelic","HornCleat","Snake Skull","Hallownest:DreamNailRelic","Happy Flower","Boot","Incense Burner","Philosopher\u0027s Stone","TwistedFunnel","Hallownest:WatcherSealRelic","Darkstone Periapt","Gremlin Horn","Omamori","HoveringKite","Bronze Scales","Membership Card","Mummified Hand","Lee\u0027s Waffle","Molten Egg 2"],"acts_visited":["Exordium","Hallownest:Greenpath","TheBeyond"],"potions_floor_usage":[16,29,33,35,50,50],"damage_taken":[{"damage":5,"enemies":"2_ Uuma","floor":1,"turns":8},{"damage":3,"enemies":"Hallownest:2_MossCreeps","floor":4,"turns":6},{"damage":3,"enemies":"Hallownest:eliteMossKnight","floor":7,"turns":5},{"damage":5,"enemies":"Hallownest:monsterHuskWarrior","floor":8,"turns":3},{"damage":1,"enemies":"Hallownest:eliteCrystalGuardian","floor":11,"turns":5},{"damage":0,"enemies":"Hallownest:monsterMarmu","floor":12,"turns":4},{"damage":0,"enemies":"Hallownest:1_Baldur_1_Crawlid_1_Warrior","floor":13,"turns":6},{"damage":0,"enemies":"Hallownest:monsterMossCharger","floor":14,"turns":3},{"damage":0,"enemies":"Hallownest:BossFalseKnight","floor":16,"turns":6},{"damage":0,"enemies":"Hallownest:2_Mistakes","floor":18,"turns":3},{"damage":12,"enemies":"Hallownest:3_Youths","floor":28,"turns":3},{"damage":30,"enemies":"Hallownest:eliteWatcherKnight","floor":29,"turns":10},{"damage":0,"enemies":"Hallownest:Glutton_and_Coward","floor":31,"turns":3},{"damage":2,"enemies":"Hallownest:BossGrimm","floor":33,"turns":6},{"damage":0,"enemies":"3 Shapes","floor":35,"turns":3},{"damage":0,"enemies":"3 Darklings","floor":36,"turns":3},{"damage":1,"enemies":"Jaw Worm Horde","floor":38,"turns":3},{"damage":0,"enemies":"Maw","floor":39,"turns":5},{"damage":10,"enemies":"Nemesis","floor":40,"turns":5},{"damage":12,"enemies":"Reptomancer","floor":45,"turns":6},{"damage":0,"enemies":"Writhing Mass","floor":48,"turns":4},{"damage":4,"enemies":"Time Eater","floor":50,"turns":11}],"seed_played":"460177799720921832","potions_obtained":[{"floor":13,"key":"PowerPotion"},{"floor":16,"key":"Fire Potion"},{"floor":31,"key":"SteroidPotion"},{"floor":33,"key":"BlessingOfTheForge"},{"floor":36,"key":"PowerPotion"},{"floor":39,"key":"EssenceOfSteel"}],"is_trial":false,"path_per_floor":["M","?","$","M","?","R","E","M","T","R","E","?","M","M","R","B",null,"M","$","?","?","?","R","?","R","T","R","M","E","T","M","R","B",null,"M","M","?","M","M","E","$","R","T","$","E","R","?","M","R","B",null],"character_chosen":"THE_SILENT","items_purchased":["Footwork","HornCleat","Escape Plan","Snake Skull","Bouncing Flask","Fire Potion","Fire Potion","Footwork","TwistedFunnel","Membership Card","Mummified Hand","Lee\u0027s Waffle"],"campfire_rested":0,"item_purchase_floors":[0,0,0,0,0,0,0,3,19,41,44,44],"current_hp_per_floor":[36,36,36,43,48,48,48,46,46,46,50,51,51,51,51,51,51,51,51,51,51,51,51,47,47,47,47,43,37,37,51,51,51,51,51,51,51,51,51,51,51,51,51,58,54,54,54,58,58,58],"gold":224,"neow_bonus":"","is_daily":false,"chose_seed":false,"campfire_upgraded":10,"win_rate":0.0,"timestamp":1607735409,"path_taken":["M","?","$","?","?","R","E","M","T","R","E","?","?","M","R","BOSS","M","$","?","?","?","R","?","R","T","R","M","E","?","?","R","BOSS","M","M","?","M","?","E","$","R","T","$","E","R","?","M","R","BOSS"],"items_purchased_type":["Card","Relic","Card","Relic","Card","Potion","Potion","Card","Relic","Relic","Relic","Relic"],"build_version":"2020-11-30","purchased_purges":4,"victory":true,"max_hp_per_floor":[46,46,46,46,51,51,51,51,51,51,51,51,51,51,51,51,51,51,51,51,51,51,51,51,51,51,51,51,51,51,51,51,51,51,51,51,51,51,51,51,51,51,51,58,58,58,58,58,58,58],"relic_stats":{"Darkstone Periapt":0,"Lee\u0027s Waffle":7,"Happy Flower":[30],"Gremlin Horn":[4,4],"counters":[210,1121],"Mummified Hand":[19],"Bronze Scales":[803],"HoveringKite":[26],"Snake Skull":[432],"Boot":[26],"obtain_stats":[{"TwistedFunnel":19,"Mark of the Bloom":36,"Calipers":10,"Tiny House":17,"Gremlin Horn":29,"CeramicFish":26,"Vajra":10,"HoveringKite":34,"HollowMod:VesselMask":0,"Whetstone":0,"Bottled Tornado":28,"Boot":8,"Sling":19,"Blood Vial":2,"HornCleat":0,"Sundial":43,"Philosopher\u0027s Stone":17,"Prayer Wheel":27,"MealTicket":7,"Fusion Hammer":34,"Kunai":9,"Toxic Egg 2":9,"HollowMod:QueensCombRelic":0,"Pear":9,"Happy Flower":0,"Blue Candle":31,"HollowMod:JonisBlessing":0,"Oddly Smooth Stone":0,"Pen Nib":27,"War Paint":30,"Paper Crane":10,"Question Card":26,"Akabeko":45,"WarpedTongs":28,"SlaversCollar":17,"Bottled Flame":26,"Shuriken":9,"Bronze Scales":20,"MutagenicStrength":20,"Bird Faced Urn":25,"Molten Egg 2":45,"Ring of the Serpent":34,"Pocketwatch":0,"Meat on the Bone":4,"Darkstone Periapt":26,"Lantern":24,"Regal Pillow":26,"Hallownest:StagBellRelic1":3,"SacredBark":34,"Magic Flower":0,"Mango":0,"StoneCalendar":0,"Snake Skull":0,"Juzu Bracelet":43,"Incense Burner":2,"Hallownest:DreamNailRelic":3,"Bag of Preparation":25,"Smiling Mask":9,"Hallownest:GodTamersBeastRelic":45,"Empty Cage":17,"Cursed Key":17,"ClockworkSouvenir":0,"Nunchaku":26,"Dream Catcher":9,"Matryoshka":31,"WristBlade":34,"Mummified Hand":44,"Pantograph":6,"WingedGreaves":0,"Red Mask":48,"Chemical X":30,"InkBottle":14,"Runic Pyramid":34,"Hallownest:BeastSealRelic":48,"Lee\u0027s Waffle":30,"Golden Idol":2,"Thread and Needle":40,"PreservedInsect":5,"Omamori":13,"Frozen Egg 2":22,"Odd Mushroom":11,"Orichalcum":44,"White Beast Statue":26,"Peace Pipe":13,"Hallownest:WatcherSealRelic":20,"Anchor":30,"Busted Crown":34,"Ornamental Fan":11,"Turnip":24,"Membership Card":0,"Toy Ornithopter":9,"TungstenRod":43},{"TwistedFunnel":198,"Mark of the Bloom":183,"Calipers":124,"Tiny House":127,"Gremlin Horn":200,"CeramicFish":179,"Vajra":59,"HoveringKite":202,"HollowMod:VesselMask":0,"Whetstone":0,"Bottled Tornado":112,"Boot":4,"Sling":64,"Blood Vial":56,"HornCleat":188,"Sundial":17,"Philosopher\u0027s Stone":7,"Prayer Wheel":87,"MealTicket":96,"Fusion Hammer":46,"Kunai":20,"Toxic Egg 2":34,"HollowMod:QueensCombRelic":188,"Pear":58,"Happy Flower":55,"Blue Candle":158,"HollowMod:JonisBlessing":0,"Oddly Smooth Stone":119,"Pen Nib":68,"War Paint":68,"Paper Crane":148,"Question Card":155,"Akabeko":73,"WarpedTongs":43,"SlaversCollar":39,"Bottled Flame":11,"Shuriken":123,"Bronze Scales":25,"MutagenicStrength":111,"Bird Faced Urn":111,"Molten Egg 2":208,"Ring of the Serpent":136,"Pocketwatch":0,"Meat on the Bone":106,"Darkstone Periapt":198,"Lantern":10,"Regal Pillow":131,"Hallownest:StagBellRelic1":145,"SacredBark":70,"Magic Flower":55,"Mango":18,"StoneCalendar":55,"Snake Skull":188,"Juzu Bracelet":17,"Incense Burner":19,"Hallownest:DreamNailRelic":31,"Bag of Preparation":179,"Smiling Mask":4,"Hallownest:GodTamersBeastRelic":54,"Empty Cage":63,"Cursed Key":110,"ClockworkSouvenir":18,"Nunchaku":67,"Dream Catcher":147,"Matryoshka":12,"WristBlade":182,"Mummified Hand":207,"Pantograph":3,"WingedGreaves":105,"Red Mask":75,"Chemical X":44,"InkBottle":22,"Runic Pyramid":13,"Hallownest:BeastSealRelic":54,"Lee\u0027s Waffle":68,"Golden Idol":106,"Thread and Needle":184,"PreservedInsect":99,"Omamori":173,"Frozen Egg 2":9,"Odd Mushroom":102,"Orichalcum":187,"White Beast Statue":86,"Peace Pipe":81,"Hallownest:WatcherSealRelic":41,"Anchor":134,"Busted Crown":115,"Ornamental Fan":36,"Turnip":130,"Membership Card":55,"Toy Ornithopter":107,"TungstenRod":140},{"TwistedFunnel":1059,"Mark of the Bloom":985,"Calipers":675,"Tiny House":688,"Gremlin Horn":1072,"CeramicFish":959,"Vajra":325,"HoveringKite":1081,"HollowMod:VesselMask":0,"Whetstone":0,"Bottled Tornado":608,"Boot":16,"Sling":351,"Blood Vial":314,"HornCleat":1010,"Sundial":91,"Philosopher\u0027s Stone":32,"Prayer Wheel":476,"MealTicket":529,"Fusion Hammer":267,"Kunai":105,"Toxic Egg 2":181,"HollowMod:QueensCombRelic":1010,"Pear":321,"Happy Flower":310,"Blue Candle":829,"HollowMod:JonisBlessing":0,"Oddly Smooth Stone":643,"Pen Nib":370,"War Paint":370,"Paper Crane":780,"Question Card":814,"Akabeko":387,"WarpedTongs":248,"SlaversCollar":217,"Bottled Flame":55,"Shuriken":667,"Bronze Scales":137,"MutagenicStrength":605,"Bird Faced Urn":605,"Molten Egg 2":1106,"Ring of the Serpent":725,"Pocketwatch":0,"Meat on the Bone":582,"Darkstone Periapt":1059,"Lantern":51,"Regal Pillow":701,"Hallownest:StagBellRelic1":767,"SacredBark":378,"Magic Flower":310,"Mango":100,"StoneCalendar":310,"Snake Skull":1010,"Juzu Bracelet":91,"Incense Burner":102,"Hallownest:DreamNailRelic":168,"Bag of Preparation":959,"Smiling Mask":16,"Hallownest:GodTamersBeastRelic":299,"Empty Cage":346,"Cursed Key":602,"ClockworkSouvenir":100,"Nunchaku":364,"Dream Catcher":775,"Matryoshka":59,"WristBlade":981,"Mummified Hand":1100,"Pantograph":11,"WingedGreaves":578,"Red Mask":396,"Chemical X":253,"InkBottle":113,"Runic Pyramid":71,"Hallownest:BeastSealRelic":299,"Lee\u0027s Waffle":370,"Golden Idol":582,"Thread and Needle":990,"PreservedInsect":549,"Omamori":913,"Frozen Egg 2":39,"Odd Mushroom":563,"Orichalcum":1003,"White Beast Statue":466,"Peace Pipe":431,"Hallownest:WatcherSealRelic":230,"Anchor":716,"Busted Crown":624,"Ornamental Fan":195,"Turnip":698,"Membership Card":310,"Toy Ornithopter":585,"TungstenRod":739}],"Ring of the Snake":[132]},"card_choices":[{"not_picked":["Backflip","Blade Dance"],"picked":"Noxious Fumes","floor":1},{"not_picked":["Dagger Throw","Reflex"],"picked":"Acrobatics","floor":4},{"not_picked":["Bullet Time","Dodge and Roll","Deflect"],"picked":"SKIP","floor":7},{"not_picked":["Bane","Slice","Calculated Gamble"],"picked":"SKIP","floor":8},{"not_picked":["Well Laid Plans","Bane"],"picked":"Escape Plan","floor":11},{"not_picked":["Dagger Throw","Flying Knee","Terror"],"picked":"SKIP","floor":13},{"not_picked":["Deflect","Sucker Punch"],"picked":"Tactician","floor":14},{"not_picked":["Night Terror","Phantasmal Killer"],"picked":"Corpse Explosion","floor":16},{"not_picked":["Dodge and Roll","Tactician","Sucker Punch"],"picked":"SKIP","floor":18},{"not_picked":["Dodge and Roll","Backstab","Deflect"],"picked":"SKIP","floor":28},{"not_picked":["Dodge and Roll","PiercingWail"],"picked":"Acrobatics","floor":29},{"not_picked":["Slice","Blade Dance","Flechettes"],"picked":"SKIP","floor":31},{"not_picked":["Poisoned Stab","Dodge and Roll+1","Acrobatics"],"picked":"SKIP","floor":35},{"not_picked":["Flechettes","Underhanded Strike","Prepared"],"picked":"SKIP","floor":36},{"not_picked":["PiercingWail","Deflect+1","Calculated Gamble"],"picked":"SKIP","floor":38},{"not_picked":["Slice","Deadly Poison+1","Concentrate+1"],"picked":"SKIP","floor":39},{"not_picked":["Malaise","Riddle With Holes"],"picked":"Blur","floor":40},{"not_picked":["Dagger Throw+1","Sucker Punch+1","Blade Dance"],"picked":"SKIP","floor":45},{"not_picked":["Flying Knee+1","Poisoned Stab+1","Footwork"],"picked":"SKIP","floor":48}],"player_experience":763446,"relics_obtained":[{"floor":7,"key":"Happy Flower"},{"floor":9,"key":"Boot"},{"floor":11,"key":"Incense Burner"},{"floor":26,"key":"Darkstone Periapt"},{"floor":29,"key":"Gremlin Horn"},{"floor":30,"key":"Omamori"},{"floor":40,"key":"Bronze Scales"},{"floor":45,"key":"Molten Egg 2"}],"event_choices":[{"damage_healed":0,"gold_gain":0,"player_choice":"Ignored","damage_taken":0,"max_hp_gain":0,"max_hp_loss":0,"event_name":"Transmorgrifier","floor":37,"gold_loss":0},{"damage_healed":0,"gold_gain":100,"player_choice":"Pray","damage_taken":0,"max_hp_gain":0,"max_hp_loss":0,"event_name":"Golden Shrine","floor":47,"gold_loss":0}],"is_beta":false,"boss_relics":[{"not_picked":["Black Star","Ectoplasm"],"picked":"Philosopher\u0027s Stone"},{"not_picked":["WristBlade","Runic Dome"],"picked":"HoveringKite"}],"items_purged_floors":[0,0,0,41],"is_endless":false,"potions_floor_spawned":[8,12,13,14,16,31,33,36,39,40],"ascension_level":13}}