{"host":"90jl2h70xtuoeg0i","time":1607738705,"event":{"mods":["AchievementEnabler","BaseMod","Colored Map","Colored Powertips","Minty Spire (QoL Compilation)","Relic Stats","ojb\u0027s Better Paths Mod","ojb\u0027s Info Mod"],"gold_per_floor":[112,112,112,129,140,169,169,180,180,180,233,266,36,49,49,140,140,165,165,215,239,45,76,91,141,164,184,63,63,86,109,109,109,109],"floor_reached":33,"playtime":2395,"items_purged":["Strike_G"],"score":485,"play_id":"8abc69a7-99c5-4dcc-816b-40826d70ff7d","local_time":"20201211210505","is_ascension_mode":true,"campfire_choices":[{"data":"Wraith Form v2","floor":7.0,"key":"SMITH"},{"data":"Footwork","floor":15.0,"key":"SMITH"},{"data":"Skewer","floor":32,"key":"SMITH"}],"circlet_count":0,"master_deck":["AscendersBane","Strike_G+1","Strike_G","Strike_G","Strike_G+1","Defend_G","Defend_G","Defend_G","Defend_G","Defend_G","Survivor","Neutralize","Deadly Poison","Sucker Punch","Wraith Form v2+1","Poisoned Stab","Flying Knee","Glass Knife","Footwork+1","Predator","Storm of Steel","Die Die Die","Cloak And Dagger","Adrenaline","Leg Sweep","Skewer+1","Backflip","Blade Dance"],"relics":["Coffee Dripper","Boot","Shuriken","Golden Idol","Strawberry","Ice Cream","SacredBark","Orichalcum","HornCleat","Tiny Chest"],"acts_visited":["Exordium","TheCity"],"potions_floor_usage":[21,23],"damage_taken":[{"damage":4.0,"enemies":"Small Slimes","floor":1.0,"turns":5.0},{"damage":0.0,"enemies":"2 Louse","floor":4.0,"turns":3.0},{"damage":0.0,"enemies":"Cultist","floor":5.0,"turns":3.0},{"damage":32.0,"enemies":"3 Sentries","floor":6.0,"turns":10.0},{"damage":13.0,"enemies":"Exordium Thugs","floor":8.0,"turns":6.0},{"damage":1.0,"enemies":"Gremlin Nob","floor":12.0,"turns":3.0},{"damage":10.0,"enemies":"3 Louse","floor":14.0,"turns":3.0},{"damage":10.0,"enemies":"Hexaghost","floor":16.0,"turns":8.0},{"damage":11.0,"enemies":"Spheric Guardian","floor":18.0,"turns":4.0},{"damage":8,"enemies":"Chosen","floor":21,"turns":4},{"damage":11,"enemies":"Gremlin Leader","floor":23,"turns":8},{"damage":3,"enemies":"Centurion and Healer","floor":24,"turns":5},{"damage":0,"enemies":"Snecko","floor":27,"turns":4},{"damage":0,"enemies":"Shelled Parasite and Fungi","floor":30,"turns":5},{"damage":1,"enemies":"Chosen and Byrds","floor":31,"turns":6},{"damage":37,"enemies":"Collector","floor":33,"turns":8}],"seed_played":"805445343649042598","potions_obtained":[{"floor":4.0,"key":"Dexterity Potion"},{"floor":6.0,"key":"Fruit Juice"},{"floor":8.0,"key":"CunningPotion"},{"floor":14.0,"key":"Explosive Potion"},{"floor":16.0,"key":"Block Potion"},{"floor":21,"key":"Block Potion"},{"floor":24,"key":"Fire Potion"},{"floor":31,"key":"GhostInAJar"}],"is_trial":false,"path_per_floor":["M","?","?","M","M","E","R","M","T","?","T","E","$","M","R","B",null,"M","?","T","M","$","E","M","?","T","M","$","?","M","M","R","B"],"character_chosen":"THE_SILENT","items_purchased":["Glass Knife","Footwork","Die Die Die","Cloak And Dagger","Backflip"],"campfire_rested":0,"item_purchase_floors":[13,13,22,22,28],"current_hp_per_floor":[55,35,57,57,57,25,25,17,17,17,24,23,23,13,13,3,54,43,43,43,35,35,24,21,21,21,21,21,21,21,20,20,0,0],"gold":109,"neow_bonus":"BOSS_RELIC","is_daily":false,"chose_seed":false,"campfire_upgraded":3,"win_rate":0.0,"timestamp":1607738705,"path_taken":["M","?","?","M","M","E","R","M","T","?","?","E","$","M","R","BOSS","M","?","?","M","$","E","?","?","T","M","?","?","M","M","R","BOSS"],"items_purchased_type":["Card","Card","Card","Card","Card"],"build_version":"2020-11-30","purchased_purges":1,"victory":false,"max_hp_per_floor":[66,66,66,66,66,66,66,71,71,64,71,71,71,71,71,71,71,71,71,71,71,71,71,71,71,71,71,71,71,71,71,71,71,71],"relic_stats":{"counters":[16,85],"Shuriken":[41],"Golden Idol":61,"Tiny Chest":0,"Orichalcum":[90],"Boot":[32],"obtain_stats":[{"Ice Cream":12,"HornCleat":23,"Shuriken":9,"Golden Idol":10,"Strawberry":11,"SacredBark":17,"Tiny Chest":26,"Coffee Dripper":0,"Orichalcum":20,"Boot":6,"Ring of the Snake":0},{"Ice Cream":6,"HornCleat":11,"Shuriken":5,"Golden Idol":5,"Strawberry":5,"SacredBark":8,"Tiny Chest":12,"Coffee Dripper":0,"Orichalcum":9,"Boot":4,"Ring of the Snake":0},{"Ice Cream":30,"HornCleat":57,"Shuriken":27,"Golden Idol":27,"Strawberry":27,"SacredBark":41,"Tiny Chest":62,"Coffee Dripper":0,"Orichalcum":45,"Boot":21,"Ring of the Snake":0}]},"card_choices":[{"not_picked":["Prepared","Expertise"],"picked":"Deadly Poison","floor":1.0},{"not_picked":["Deadly Poison","Prepared"],"picked":"Sucker Punch","floor":4.0},{"not_picked":["Dagger Throw","Deflect"],"picked":"Wraith Form v2","floor":5.0},{"not_picked":["Slice","Infinite Blades","Cloak And Dagger"],"picked":"SKIP","floor":6.0},{"not_picked":["Catalyst","Dagger Throw"],"picked":"Poisoned Stab","floor":8.0},{"not_picked":["Deflect","Bane"],"picked":"Flying Knee","floor":12.0},{"not_picked":["Dodge and Roll","Prepared"],"picked":"Predator","floor":14.0},{"not_picked":["Adrenaline","A Thousand Cuts"],"picked":"Storm of Steel","floor":16.0},{"not_picked":["Crippling Poison","Quick Slash","Dagger Throw"],"picked":"SKIP","floor":18.0},{"not_picked":["Dagger Spray","Slice","Flying Knee"],"picked":"SKIP","floor":21},{"not_picked":["Finisher","Eviscerate"],"picked":"Adrenaline","floor":23},{"not_picked":["Choke","Cloak And Dagger"],"picked":"Leg Sweep","floor":24},{"not_picked":["Dagger Spray","Noxious Fumes"],"picked":"Skewer","floor":27},{"not_picked":["Quick Slash","Underhanded Strike"],"picked":"Blade Dance","floor":30},{"not_picked":["Poisoned Stab","Infinite Blades","Backstab"],"picked":"SKIP","floor":31}],"player_experience":1234414,"relics_obtained":[{"floor":6.0,"key":"Boot"},{"floor":9.0,"key":"Shuriken"},{"floor":11.0,"key":"Strawberry"},{"floor":12.0,"key":"Ice Cream"},{"floor":20.0,"key":"Orichalcum"},{"floor":23,"key":"HornCleat"},{"floor":26,"key":"Tiny Chest"}],"event_choices":[{"damage_healed":0.0,"max_hp_gain":0.0,"max_hp_loss":0.0,"gold_gain":0.0,"event_name":"Shining Light","player_choice":"Entered Light","floor":2.0,"gold_loss":0.0,"damage_taken":20.0,"cards_upgraded":["Strike_G","Strike_G"]},{"damage_healed":22.0,"max_hp_gain":0.0,"max_hp_loss":0.0,"gold_gain":0.0,"event_name":"Big Fish","player_choice":"Banana","floor":3.0,"gold_loss":0.0,"damage_taken":0.0},{"damage_healed":0.0,"max_hp_gain":0.0,"max_hp_loss":7.0,"gold_gain":0.0,"event_name":"Golden Idol","player_choice":"Lose Max HP","floor":10.0,"gold_loss":0.0,"damage_taken":0.0,"relics_obtained":["Golden Idol"]},{"damage_healed":0.0,"max_hp_gain":0.0,"max_hp_loss":0.0,"gold_gain":0.0,"event_name":"Cursed Tome","player_choice":"Ignored","floor":19.0,"gold_loss":0.0,"damage_taken":0.0},{"damage_healed":0,"gold_gain":50,"player_choice":"Stole From Cult","damage_taken":0,"max_hp_gain":0,"max_hp_loss":0,"event_name":"Nest","floor":25,"gold_loss":0},{"damage_healed":0,"gold_gain":0,"player_choice":"Ignored","damage_taken":0,"max_hp_gain":0,"max_hp_loss":0,"event_name":"The Mausoleum","floor":29,"gold_loss":0}],"is_beta":false,"boss_relics":[{"not_picked":["Ectoplasm","Busted Crown"],"picked":"SacredBark"}],"items_purged_floors":[28],"is_endless":false,"potions_floor_spawned":[4,6,8,14,16,21,24,31],"killed_by":"Collector","ascension_level":15}}