{"host":"d7qmn60fs48wu5y6","time":1607736758,"event":{"mods":["BaseMod","Downfall","Minty Spire (QoL Compilation)","Shade Mod","StSLib","The Cursed","The Servant 0.9.4"],"gold_per_floor":[115,115,115,135,12,12,42,42,42,67,67,85,114,39,39,39,39],"floor_reached":16,"playtime":464,"items_purged":["Strike_R"],"score":148,"play_id":"4609aa0e-67f3-4f5e-8617-c6bbee832beb","local_time":"20201211173238","is_ascension_mode":true,"campfire_choices":[{"data":"Body Slam","floor":6,"key":"SMITH"},{"data":"Entrench","floor":8,"key":"SMITH"},{"data":"Shrug It Off","floor":15,"key":"SMITH"}],"circlet_count":0,"master_deck":["Strike_R","Strike_R","Strike_R","Defend_R","Defend_R","Defend_R","Defend_R","Bash+1","Shrug It Off+1","Pommel Strike","Entrench+1","Body Slam+1","Battle Trance","Headbutt","Burning Pact"],"relics":["Burning Blood","NeowsBlessing","Boot","PreservedInsect","Bottled Lightning","Gambling Chip"],"acts_visited":["Exordium"],"potions_floor_usage":[10,13],"damage_taken":[{"damage":0,"enemies":"2 Louse","floor":1,"turns":1},{"damage":0,"enemies":"Jaw Worm","floor":4,"turns":1},{"damage":0,"enemies":"Lagavulin","floor":7,"turns":1},{"damage":10,"enemies":"Gremlin Nob","floor":10,"turns":3},{"damage":0,"enemies":"Cultist","floor":12,"turns":3},{"damage":15,"enemies":"Lagavulin","floor":13,"turns":5},{"damage":79,"enemies":"Slime Boss","floor":16,"turns":12}],"seed_played":"-1129630719231876204","potions_obtained":[{"floor":7,"key":"LiquidMemories"},{"floor":12,"key":"LiquidMemories"}],"is_trial":false,"path_per_floor":["M","?","?","M","$","R","E","R","T","E","?","M","E","$","R","B"],"character_chosen":"IRONCLAD","items_purchased":["Entrench","Body Slam"],"campfire_rested":0,"item_purchase_floors":[5,5],"current_hp_per_floor":[80,85,85,85,85,85,85,85,85,81,74,80,71,71,71,0,0],"gold":39,"neow_bonus":"THREE_ENEMY_KILL","is_daily":false,"chose_seed":false,"campfire_upgraded":3,"win_rate":0.0,"timestamp":1607736758,"path_taken":["M","?","?","?","$","R","E","R","T","E","?","M","E","$","R","BOSS"],"items_purchased_type":["Card","Card"],"build_version":"2020-11-30","purchased_purges":1,"victory":false,"max_hp_per_floor":[80,85,85,85,85,85,85,85,85,85,85,85,85,85,85,85,85],"card_choices":[{"not_picked":["Wild Strike","Warcry"],"picked":"Shrug It Off","floor":1},{"not_picked":["Heavy Blade","Thunderclap"],"picked":"Pommel Strike","floor":4},{"not_picked":["Flex","Rupture"],"picked":"Battle Trance","floor":7},{"not_picked":["Burning Pact","Reaper"],"picked":"Headbutt","floor":10},{"not_picked":["Thunderclap","Twin Strike"],"picked":"Burning Pact","floor":12},{"not_picked":["Feed","Heavy Blade","Clothesline"],"picked":"SKIP","floor":13}],"player_experience":838028,"relics_obtained":[{"floor":7,"key":"Boot"},{"floor":9,"key":"PreservedInsect"},{"floor":10,"key":"Bottled Lightning"},{"floor":13,"key":"Gambling Chip"}],"event_choices":[{"damage_healed":0,"gold_gain":0,"player_choice":"Donut","damage_taken":0,"max_hp_gain":5,"max_hp_loss":0,"event_name":"Big Fish","floor":2,"gold_loss":0},{"damage_healed":0,"gold_gain":0,"player_choice":"Forge","damage_taken":0,"max_hp_gain":0,"max_hp_loss":0,"event_name":"Accursed Blacksmith","floor":3,"gold_loss":0,"cards_upgraded":["Bash"]},{"cards_removed":["Strike_R"],"damage_healed":0,"gold_gain":0,"player_choice":"Card Removal","damage_taken":7,"max_hp_gain":0,"max_hp_loss":0,"event_name":"Golden Wing","floor":11,"gold_loss":0}],"is_beta":false,"boss_relics":[],"items_purged_floors":[14],"is_endless":false,"potions_floor_spawned":[7,12],"killed_by":"Slime Boss","ascension_level":1}}