{"host":"jtxptf9isiqyc7jm","time":1607790658,"event":{"mods":["Act Like it!","BaseMod","Bestiary","BetterRewards","Colored Powertips","Custom Start","Downfall","Friendly Minions","Hermit","Hubris","Infinite Spire","Jorbs\u0027s Wanderer Trilogy","Kiyohime????","Koishi","Lobotomy","Marisa????????","Minty Spire (QoL Compilation)","Prisma Mod","Remilia??????","Replay The Spire","Shop Mod","StSLib","The Construct","The Cursed","The Disciple","The Hierophant","The Jungle","The Runesmith","The Senshi","The Servant 0.9.4"],"gold_per_floor":[118,118,131,131,149,149,74,74,74,74,113,113,132,132,132,262,262,277,277,277,277,199,199,212,255,280,405,188,203,203,234,234,380,380,429,429,475,245,276,276,376,376,403,447,470,470,514,572,572,572,572],"floor_reached":50,"playtime":2305,"items_purged":[],"score":701,"play_id":"dc2699a6-576b-49a1-9762-10a8a27b300f","local_time":"20201212163058","is_ascension_mode":false,"campfire_choices":[{"data":"Infinite Blades","floor":6,"key":"SMITH"},{"data":"Noxious Fumes","floor":12,"key":"SMITH"},{"floor":15,"key":"REST"},{"data":"After Image","floor":23,"key":"SMITH"},{"floor":30,"key":"REST"},{"floor":32,"key":"REST"},{"floor":40,"key":"REST"},{"floor":42,"key":"REST"},{"data":"Skewer","floor":46,"key":"SMITH"},{"floor":49,"key":"REST"}],"circlet_count":0,"master_deck":["Strike_G","Strike_G","Defend_G","Defend_G","Defend_G","Defend_G","Defend_G","Survivor","Neutralize","Poisoned Stab","Neutralize","Dagger Spray","Infinite Blades+1","Infinite Blades","Noxious Fumes+1","Dagger Throw","After Image+1","Deadly Poison","sneckomod:Bewildered","Toxin Wave","hubris:NaturalOne","Poisoned Stab","Skewer+1","Crippling Poison","ReplayTheSpireMod:Scrap Shanks","Poisoned Stab","ReplayTheSpireMod:Scrap Shanks","Phantasmal Killer+1","ReplayTheSpireMod:The Works+1","Caltrops+1","infinitespire:Neurotoxin+1","Underhanded Strike","Caltrops","Atom Bomb+1","hubris:Counter+1","Skewer+1","Dagger Spray+1","Bane+1","Dash+1"],"relics":["hubris:Towel","Golden Idol","Mirror","Unceasing Top","Sizzling Blood","hubris:ScarierMask","hubris:Icosahedron","sneckomod:BabySnecko","Replay:WaspNest","Shuriken","infinitespire:Lucky Rock","infinitespire:Joker Card","White Beast Statue","Tiny Chest","Golden Egg","infinitespire:EvilPickle","Astrolabe","Chemical X","Snake Skull","Anchor"],"acts_visited":["Exordium","TheCity","TheBeyond"],"potions_floor_usage":[11,25,25,33,33,33,37,37,39,47,47,48,50,50],"damage_taken":[{"damage":0,"enemies":"2 Louse","floor":1,"turns":4},{"damage":13,"enemies":"infinitespire:Voidling","floor":3,"turns":6},{"damage":3,"enemies":"Small Slimes","floor":5,"turns":3},{"damage":25,"enemies":"3 Sentries","floor":11,"turns":7},{"damage":9,"enemies":"Exordium Wildlife","floor":13,"turns":3},{"damage":16,"enemies":"Fading Forest","floor":16,"turns":11},{"damage":10,"enemies":"Spheric Guardian","floor":18,"turns":6},{"damage":12,"enemies":"Chosen","floor":24,"turns":5},{"damage":11,"enemies":"Replay:Snechameleon","floor":25,"turns":5},{"damage":8,"enemies":"Colosseum Slavers","floor":27,"turns":4},{"damage":12,"enemies":"Colosseum Nobs","floor":27,"turns":4},{"damage":13,"enemies":"Snecko","floor":29,"turns":5},{"damage":36,"enemies":"Nightmare","floor":31,"turns":7},{"damage":22,"enemies":"Pondfish","floor":33,"turns":10},{"damage":13,"enemies":"3 Darklings","floor":35,"turns":4},{"damage":22,"enemies":"Orb Walker","floor":37,"turns":4},{"damage":30,"enemies":"Maw","floor":39,"turns":6},{"damage":15,"enemies":"3 Darklings","floor":44,"turns":4},{"damage":19,"enemies":"Transient","floor":47,"turns":5},{"damage":13,"enemies":"Maw","floor":48,"turns":4},{"damage":54,"enemies":"infinitespire:MassOfShapes","floor":50,"turns":5}],"seed_played":"-6638827014262974120","potions_obtained":[{"floor":0,"key":"SmokeBomb"},{"floor":0,"key":"Swift Potion"},{"floor":0,"key":"ColorlessPotion"},{"floor":16,"key":"Weak Potion"},{"floor":18,"key":"ColorlessPotion"},{"floor":27,"key":"Adrenaline Potion"},{"floor":29,"key":"Weak Potion"},{"floor":31,"key":"Ancient Potion"},{"floor":33,"key":"SteroidPotion"},{"floor":35,"key":"Explosive Potion"},{"floor":37,"key":"construct:ShiftPotion"},{"floor":39,"key":"Poison Potion"},{"floor":44,"key":"PowerPotion"},{"floor":47,"key":"SkillPotion"},{"floor":48,"key":"AttackPotion"}],"is_trial":false,"path_per_floor":["M","?","M","?","M","R","$","?","T","?","E","R","M","?","R","B",null,"M","?","?","T","$","R","M","E","T","?","$","M","R","NM","R","B",null,"M","?","M","$","M","R","?","R","T","M","T","R","M","M","R","B"],"character_chosen":"THE_SILENT","items_purchased":["Infinite Blades","Toxin Wave","ReplayTheSpireMod:Scrap Shanks","Tiny Chest","Chemical X","hubris:Counter"],"campfire_rested":6,"item_purchase_floors":[7,22,28,28,38,38],"current_hp_per_floor":[70,70,66,66,63,63,63,46,46,69,44,44,35,39,61,49,74,68,68,68,68,68,68,60,53,53,41,41,32,54,22,44,26,74,65,65,47,47,21,43,43,65,65,54,54,54,39,30,52,0,0],"gold":572,"neow_bonus":"THREE_SMALL_POTIONS","is_daily":false,"chose_seed":false,"campfire_upgraded":4,"win_rate":0.0,"timestamp":1607790658,"path_taken":["M","?","?","?","M","R","$","?","T","?","E","R","M","?","R","BOSS","M","?","?","?","?","R","?","E","T","?","$","M","R","NM","R","BOSS","M","?","M","$","M","R","?","R","T","?","?","R","?","M","R","BOSS"],"items_purchased_type":["Card","Card","Card","Relic","Relic","Card"],"build_version":"2020-11-30","purchased_purges":0,"victory":false,"max_hp_per_floor":[70,70,70,70,70,70,70,70,70,70,70,70,70,74,74,74,74,74,74,74,74,74,74,74,74,74,74,74,74,74,74,74,74,74,74,74,74,74,74,74,74,74,74,74,74,74,74,74,74,74,74],"card_choices":[{"not_picked":["Flying Knee","Sucker Punch"],"picked":"Poisoned Stab","floor":1},{"not_picked":["Acrobatics","Dodge and Roll"],"picked":"Dagger Spray","floor":3},{"not_picked":["Tactician","Crippling Poison"],"picked":"Infinite Blades","floor":5},{"not_picked":["ReplayTheSpireMod:Exploit Weakness","Poisoned Stab"],"picked":"Noxious Fumes","floor":11},{"not_picked":["Poisoned Stab","All Out Attack"],"picked":"Dagger Throw","floor":13},{"not_picked":["Phantasmal Killer","Tools of the Trade"],"picked":"After Image","floor":16},{"not_picked":["Quick Slash","Deflect+1"],"picked":"Deadly Poison","floor":18},{"not_picked":["ReplayTheSpireMod:The Works","Flying Knee"],"picked":"Poisoned Stab","floor":24},{"not_picked":["Quick Slash","hubris:Counter"],"picked":"Skewer+1","floor":25},{"not_picked":["hubris:SlightOfHand","Deflect"],"picked":"Crippling Poison","floor":27},{"not_picked":["All Out Attack","Prepared"],"picked":"Poisoned Stab","floor":29},{"not_picked":["Deadly Poison","Endless Agony"],"picked":"ReplayTheSpireMod:Scrap Shanks","floor":31},{"not_picked":["Die Die Die","Bullet Time"],"picked":"Phantasmal Killer","floor":33},{"not_picked":["Deadly Poison","Escape Plan+1"],"picked":"Underhanded Strike","floor":35},{"not_picked":["Tactician","ReplayTheSpireMod:Tripwire"],"picked":"Atom Bomb","floor":37},{"not_picked":["Dagger Throw","Predator"],"picked":"Skewer","floor":39},{"not_picked":["Underhanded Strike+1","Flechettes+1"],"picked":"Dagger Spray+1","floor":44},{"not_picked":["Slice+1","PiercingWail"],"picked":"Bane+1","floor":47},{"not_picked":["Replay:Bag of Tricks","Deadly Poison+1"],"picked":"Dash+1","floor":48}],"player_experience":73604,"relics_obtained":[{"floor":9,"key":"Mirror"},{"floor":11,"key":"Unceasing Top"},{"floor":21,"key":"Replay:WaspNest"},{"floor":25,"key":"Shuriken"},{"floor":26,"key":"infinitespire:Lucky Rock"},{"floor":27,"key":"infinitespire:Joker Card"},{"floor":27,"key":"White Beast Statue"},{"floor":31,"key":"Golden Egg"},{"floor":43,"key":"Snake Skull"},{"floor":45,"key":"Anchor"}],"event_choices":[{"damage_healed":0,"gold_gain":0,"player_choice":"1 cards matched","damage_taken":0,"max_hp_gain":0,"max_hp_loss":0,"event_name":"Match and Keep!","floor":2,"gold_loss":0,"cards_obtained":["Neutralize"]},{"damage_healed":0,"gold_gain":0,"player_choice":"Take Damage","damage_taken":17,"relics_obtained":["Golden Idol"],"max_hp_gain":0,"max_hp_loss":0,"event_name":"Golden Idol","floor":8,"gold_loss":0},{"damage_healed":23,"gold_gain":0,"player_choice":"Banana","damage_taken":0,"max_hp_gain":0,"max_hp_loss":0,"event_name":"Big Fish","floor":10,"gold_loss":0},{"damage_healed":0,"gold_gain":0,"player_choice":"Fight","damage_taken":0,"max_hp_gain":0,"max_hp_loss":0,"event_name":"Colosseum","floor":27,"gold_loss":0},{"damage_healed":0,"gold_gain":0,"player_choice":"Fought Nobs","damage_taken":0,"max_hp_gain":0,"max_hp_loss":0,"event_name":"Colosseum","floor":27,"gold_loss":0},{"damage_healed":0,"gold_gain":100,"player_choice":"Pray","damage_taken":0,"max_hp_gain":0,"max_hp_loss":0,"event_name":"Golden Shrine","floor":41,"gold_loss":0}],"is_beta":false,"boss_relics":[{"not_picked":["hubris:VirtuousBlindfold","Busted Crown"],"picked":"hubris:ScarierMask"},{"not_picked":["Runic Pyramid","Velvet Choker"],"picked":"Astrolabe"}],"items_purged_floors":[],"is_endless":true,"potions_floor_spawned":[5,16,18,27,27,29,31,33,35,37,39,44,47,48],"killed_by":"infinitespire:MassOfShapes","ascension_level":0}}