{"host":"d1za9dvx43o9v494","time":1607771610,"event":{"mods":["2.2 Compatiblity","BaseMod","Better-Laid Plans","Colored Map","Downfall","Emptier Cage","Minty Spire (QoL Compilation)","Permanent Neow","StSLib"],"gold_per_floor":[99,249,174,174,174,192,215,579,579,608,628,640,660,760,779,779,779],"floor_reached":16,"playtime":677,"items_purged":[],"score":105,"play_id":"d30e4804-0a71-4770-b7b6-3f15ddc5e730","local_time":"20201212141330","is_ascension_mode":true,"campfire_choices":[{"floor":1,"key":"RECALL"},{"data":"champ:Execute","floor":3,"key":"SMITH"},{"data":"champ:CalledShot","floor":9,"key":"SMITH"}],"circlet_count":0,"master_deck":["champ:Strike","champ:Strike","champ:Strike","champ:Defend","champ:Defend","champ:Defend","champ:Defend","champ:Execute+1","champ:CalledShot+1","champ:FocusedGladiator","champ:FanOfKnives","champ:Haymaker+1","champ:GladiatorsShout","champ:PerfectedStrike"],"relics":["Coffee Dripper","downfall:HeartBlessingRed","champ:LiftRelic","champ:FightingForDummies","Old Coin","Gambling Chip"],"acts_visited":["Exordium"],"potions_floor_usage":[10,13,14,14],"damage_taken":[{"damage":5,"enemies":"Small Slimes","floor":6,"turns":2},{"damage":38,"enemies":"Lagavulin Event","floor":8,"turns":5},{"damage":23,"enemies":"Gremlin Nob","floor":10,"turns":3},{"damage":5,"enemies":"2 Louse","floor":11,"turns":1},{"damage":5,"enemies":"Cultist","floor":12,"turns":3},{"damage":12,"enemies":"Exordium Wildlife","floor":13,"turns":3},{"damage":44,"enemies":"downfall:Heads","floor":14,"turns":5},{"damage":20,"enemies":"Large Slime","floor":15,"turns":3},{"damage":21,"enemies":"downfall:Ironclad","floor":16,"turns":2}],"seed_played":"-526564735739381836","potions_obtained":[{"floor":8,"key":"SkillPotion"},{"floor":10,"key":"Regen Potion"},{"floor":12,"key":"Energy Potion"},{"floor":13,"key":"AttackPotion"}],"is_trial":false,"path_per_floor":["R","?","R","?","?","M","T","?","R","E","M","M","M","?","M","B"],"character_chosen":"THE_CHAMP","items_purchased":[],"campfire_rested":0,"item_purchase_floors":[],"current_hp_per_floor":[90,90,90,90,90,90,90,62,62,49,49,49,42,21,9,0,0],"gold":779,"neow_bonus":"BOSS_RELIC","is_daily":false,"chose_seed":false,"campfire_upgraded":2,"win_rate":0.0,"timestamp":1607771610,"path_taken":["R","?","R","?","?","?","T","?","R","E","M","M","M","?","M","BOSS"],"items_purchased_type":[],"build_version":"2020-11-30","purchased_purges":0,"victory":false,"max_hp_per_floor":[90,90,90,90,90,90,90,90,90,90,90,90,90,90,90,90,90],"card_choices":[{"not_picked":["champ:FocusedDefense","champ:BladeFlurry"],"picked":"champ:FocusedGladiator","floor":6},{"not_picked":["champ:CrookedStrike","champ:IronFortress"],"picked":"champ:FanOfKnives","floor":10},{"not_picked":["champ:BringItOn","champ:SkillfulDodge"],"picked":"champ:Haymaker","floor":11},{"not_picked":["champ:AdrenalArmor","champ:Duel"],"picked":"champ:GladiatorsShout","floor":12},{"not_picked":["champ:FalseCounter","champ:CrookedStrike","champ:BringItOn"],"picked":"SKIP","floor":13},{"not_picked":["champ:FalseCounter","champ:CrookedStrike","champ:BringItOn"],"picked":"SKIP","floor":13},{"not_picked":["champ:CrookedStrike","champ:IgnorePain","champ:SkillfulDodge"],"picked":"SKIP","floor":15}],"player_experience":582062,"relics_obtained":[{"floor":7,"key":"champ:FightingForDummies"},{"floor":8,"key":"Old Coin"},{"floor":10,"key":"Gambling Chip"}],"event_choices":[{"damage_healed":0,"gold_gain":0,"cards_transformed":["champ:Taunt"],"player_choice":"Transformed","damage_taken":0,"max_hp_gain":0,"max_hp_loss":0,"event_name":"Transmorgrifier","floor":5,"gold_loss":0,"cards_obtained":["champ:CalledShot"]}],"is_beta":false,"boss_relics":[],"items_purged_floors":[],"is_endless":false,"potions_floor_spawned":[8,10,12,13],"killed_by":"downfall:Ironclad","ascension_level":1}}