{"host":"ueef25wtkg2eer3h","time":1607791192,"event":{"mods":["AchievementEnabler","BaseMod","Colored Map","Colored Powertips","DeckTracker","Displayed Cursed Tome","Googly Eyes","Highlight Path","Minty Spire (QoL Compilation)","Slay the Relics Exporter","StSLib"],"gold_per_floor":[18,29,49,49,124,124,124],"floor_reached":6,"playtime":179,"items_purged":[],"score":56,"play_id":"1a3bfe5b-8669-41e0-837f-21846eb0be6b","local_time":"20201212173952","is_ascension_mode":true,"campfire_choices":[],"circlet_count":0,"master_deck":["AscendersBane","Strike_B","Strike_B","Strike_B","Strike_B","Defend_B","Defend_B","Defend_B","Defend_B","Zap","Dualcast","Echo Form","Cold Snap","Streamline","Capacitor","Regret"],"relics":["Cracked Core","Orichalcum"],"acts_visited":["Exordium"],"potions_floor_usage":[6],"damage_taken":[{"damage":13,"enemies":"2 Louse","floor":1,"turns":3},{"damage":5,"enemies":"Small Slimes","floor":2,"turns":3},{"damage":12,"enemies":"Jaw Worm","floor":3,"turns":3},{"damage":29,"enemies":"3 Sentries","floor":6,"turns":4}],"seed_played":"-8729693160573024836","potions_obtained":[{"floor":2,"key":"Block Potion"}],"is_trial":false,"path_per_floor":["M","M","M","?","?","E"],"character_chosen":"DEFECT","items_purchased":[],"campfire_rested":0,"item_purchase_floors":[],"current_hp_per_floor":[55,50,38,38,27,0,0],"gold":124,"neow_bonus":"THREE_RARE_CARDS","is_daily":false,"chose_seed":false,"campfire_upgraded":0,"win_rate":0.0,"timestamp":1607791192,"path_taken":["M","M","M","?","?","E"],"items_purchased_type":[],"build_version":"2020-11-30","purchased_purges":0,"victory":false,"max_hp_per_floor":[75,75,75,75,75,75,75],"card_choices":[{"not_picked":["Amplify","Machine Learning"],"picked":"Echo Form","floor":0},{"not_picked":["Redo","Undo"],"picked":"Cold Snap","floor":1},{"not_picked":["Beam Cell","Hologram"],"picked":"Streamline","floor":2},{"not_picked":["Blizzard","Go for the Eyes"],"picked":"Capacitor","floor":3}],"player_experience":253915,"relics_obtained":[],"event_choices":[{"damage_healed":0,"gold_gain":0,"player_choice":"Box","damage_taken":0,"relics_obtained":["Orichalcum"],"max_hp_gain":0,"max_hp_loss":0,"event_name":"Big Fish","floor":4,"gold_loss":0,"cards_obtained":["Regret"]},{"damage_healed":0,"gold_gain":75,"player_choice":"Gather Gold","damage_taken":11,"max_hp_gain":0,"max_hp_loss":0,"event_name":"World of Goop","floor":5,"gold_loss":0}],"is_beta":false,"boss_relics":[],"items_purged_floors":[],"is_endless":false,"potions_floor_spawned":[2],"killed_by":"3 Sentries","ascension_level":11}}