{"host":"hqvh779b89tfrjxy","time":1607784662,"event":{"mods":["Act Like it!","BaseMod","Better Third Choice","Downfall","Elementarium","Filter the Spire","GifTheSpireLib","Marked Mod","Minty Spire (QoL Compilation)","Replay The Spire","Spicy Shops","StSLib"],"gold_per_floor":[110,195,195,52,52,52,132,132,202,219,249,261,96,122,122,217,217,235,235,248,259,277,308,308,308,334,362,693,693,723,743,743,848,848,866,866,881,458,507,507,540,405,474,487,52,80,92,118,118,118],"floor_reached":51,"playtime":2846,"items_purged":["Regret","Strike_P","Consecrate","Replay:Cycle+1","Defend_P"],"score":1284,"play_id":"3f9ebeb8-1a1e-46cf-8b49-94b4931a71d7","local_time":"20201212155102","is_ascension_mode":true,"campfire_choices":[{"data":"MarkedMod:PinPointDefense","floor":6,"key":"SMITH"},{"data":"Vigilance","floor":8,"key":"SMITH"},{"data":"ThirdEye","floor":15,"key":"SMITH"},{"data":"Wireheading","floor":25,"key":"SMITH"},{"floor":29,"key":"REST"},{"data":"MarkedMod:PinPointDefense","floor":32,"key":"SMITH"},{"data":"Defend_P","floor":40,"key":"SMITH"}],"circlet_count":0,"master_deck":["Defend_P","Defend_P","Defend_P","Vigilance+1","Replay:AtTheReady+1","MarkedMod:PinPointDefense+1","ThirdEye+1","PathToVictory+1","Replay:LoomingThreat+1","Alpha+1","ThirdEye+1","Wireheading+1","MarkedMod:PinPointDefense+1","PathToVictory+1","Sanctity+1","SpiritShield+1","MarkedMod:GentlePulse+1","MasterReality+1","MarkedMod:OneThousandNeedles+1","Replay:Anticipation+1","Sanctity+1","MarkedMod:SlowDance+1"],"relics":["PureWater","CaptainsWheel","Simple Rune","Replay:Wax Seal","Durian","Golden Egg","Toxic Egg 2","Akabeko","Membership Card","ReplayTheSpireMod:CursedCoin","Mummified Hand","Question Card","Velvet Choker","Replay:PocketPolymizer","Bronze Scales","Replay:Rubber Ducky","Old Coin","Calipers","Elementarium:ElementariumTrophy","Runic Pyramid","Replay:Bottled Eggs","Replay:WaspNest","Counterbalance","Mango","Iron Hammer","ReplayTheSpireMod:TigerMarble","Chameleon Ring","Oddly Smooth Stone","Replay:Accelerometer","Guide Book","Dead Branch","MarkedMod:AcupunctureKit"],"acts_visited":["Exordium","Elementarium:Elementarium","TheBeyond"],"potions_floor_usage":[14,14,23,30,50],"damage_taken":[{"damage":2,"enemies":"Jaw Worm","floor":1,"turns":4},{"damage":0,"enemies":"Small Slimes","floor":10,"turns":4},{"damage":13,"enemies":"Lagavulin","floor":11,"turns":10},{"damage":0,"enemies":"2 Louse","floor":12,"turns":2},{"damage":14,"enemies":"Gremlin Nob","floor":14,"turns":4},{"damage":5,"enemies":"Fading Forest","floor":16,"turns":11},{"damage":0,"enemies":"Elementarium:2_ELEMENTALS","floor":18,"turns":4},{"damage":3,"enemies":"Elementarium:Cyclone","floor":20,"turns":5},{"damage":3,"enemies":"Elementarium:STONE_GOLEMS","floor":21,"turns":4},{"damage":8,"enemies":"Elementarium:VoidBeast","floor":22,"turns":5},{"damage":24,"enemies":"Elementarium:FIRE_NOBILITY","floor":23,"turns":7},{"damage":16,"enemies":"Elementarium:WarGolem","floor":27,"turns":4},{"damage":0,"enemies":"Gremlin Leader","floor":28,"turns":5},{"damage":0,"enemies":"Elementarium:ElementalPortal","floor":30,"turns":4},{"damage":14,"enemies":"Elementarium:RubyGolem","floor":31,"turns":4},{"damage":0,"enemies":"Elementarium:GoldenDragon","floor":33,"turns":8},{"damage":0,"enemies":"3 Darklings","floor":35,"turns":4},{"damage":8,"enemies":"Orb Walker","floor":37,"turns":5},{"damage":0,"enemies":"2 Orb Walkers","floor":39,"turns":5},{"damage":0,"enemies":"Nemesis","floor":41,"turns":5},{"damage":14,"enemies":"Sphere and 2 Shapes","floor":44,"turns":4},{"damage":1,"enemies":"Reptomancer","floor":46,"turns":5},{"damage":0,"enemies":"Maw","floor":47,"turns":5},{"damage":0,"enemies":"R_Hoarder","floor":48,"turns":6},{"damage":16,"enemies":"Awakened One","floor":50,"turns":8}],"seed_played":"-3377362541815878991","potions_obtained":[{"floor":11,"key":"SkillPotion"},{"floor":12,"key":"LiquidMemories"},{"floor":16,"key":"PowerPotion"},{"floor":20,"key":"Energy Potion"},{"floor":22,"key":"ColorlessPotion"},{"floor":23,"key":"Adrenaline Potion"},{"floor":33,"key":"CultistPotion"}],"is_trial":false,"path_per_floor":["M","?","?","$","?","R","T","R","T","M","E","M","$","E","R","B",null,"M","?","M","M","M","E","?","R","T","E","?","R","E","M","R","B",null,"M","?","M","$","?","R","E","$","T","M","$","E","M","E","R","B",null],"character_chosen":"WATCHER","items_purchased":["Replay:Wax Seal","Durian","Membership Card","ReplayTheSpireMod:CursedCoin","Mummified Hand","Replay:Bottled Eggs","Replay:WaspNest","Replay:Anticipation+1","Counterbalance","ReplayTheSpireMod:TigerMarble","Oddly Smooth Stone","Replay:Accelerometer","Guide Book"],"campfire_rested":1,"item_purchase_floors":[4,4,13,13,13,38,38,38,38,42,45,45,45],"current_hp_per_floor":[63,47,47,52,57,57,57,57,57,57,44,44,44,30,30,41,67,67,54,51,48,40,16,44,44,44,28,28,52,52,38,38,38,70,70,70,62,62,76,76,76,76,76,62,62,65,65,65,93,77],"gold":118,"neow_bonus":"ONE_RARE_RELIC","is_daily":false,"chose_seed":false,"campfire_upgraded":6,"win_rate":0.0,"timestamp":1607784662,"path_taken":["M","?","?","$","?","R","?","R","T","M","E","?","?","E","R","BOSS","M","?","M","M","M","E","?","R","T","E","?","R","E","M","R","BOSS","M","?","?","$","?","R","E","$","T","M","$","E","M","E","R","BOSS"],"items_purchased_type":["Relic","Relic","Relic","Relic","Relic","Relic","Relic","Card","Relic","Relic","Relic","Relic","Relic"],"build_version":"2020-11-30","purchased_purges":5,"victory":true,"max_hp_per_floor":[65,65,65,70,75,75,75,75,75,75,75,75,75,75,75,75,75,75,80,80,80,80,80,80,80,80,80,80,80,80,80,80,80,80,80,80,80,80,94,94,94,94,94,94,94,94,94,94,94,94],"card_choices":[{"not_picked":["EmptyFist","Evaluate"],"picked":"Replay:AtTheReady","floor":1},{"not_picked":["Scrawl","EmptyMind"],"picked":"MarkedMod:PinPointDefense","floor":2},{"not_picked":["CrushJoints","Halt"],"picked":"ThirdEye","floor":2},{"not_picked":["SandsOfTime","Replay:DivineShield+1"],"picked":"Consecrate","floor":10},{"not_picked":["Crescendo+1","Replay:Hum+1","Replay:BluntJabs"],"picked":"SKIP","floor":11},{"not_picked":["SashWhip","Weave"],"picked":"PathToVictory+1","floor":12},{"not_picked":["Consecrate","ClearTheMind+1"],"picked":"Replay:LoomingThreat","floor":14},{"not_picked":["SpiritShield+1","MarkedMod:SlowDance+1","Judgement+1"],"picked":"Alpha+1","floor":16},{"not_picked":["Evaluate+1","Prostrate+1","FollowUp"],"picked":"ThirdEye+1","floor":18},{"not_picked":["Prostrate+1","MarkedMod:Acupuncture","EmptyFist"],"picked":"Wireheading","floor":20},{"not_picked":["FlyingSleeves","ThirdEye+1","Study+1"],"picked":"MarkedMod:PinPointDefense","floor":21},{"not_picked":["Sanctity+1","ReachHeaven+1","Replay:ManipulateFuture+1"],"picked":"PathToVictory+1","floor":22},{"not_picked":["WindmillStrike+1","FlurryOfBlows+1","InnerPeace+1","Prostrate+1"],"picked":"SKIP","floor":23},{"not_picked":["EmptyMind+1","Replay:DivineShield+1","Devotion","EmptyBody+1"],"picked":"SKIP","floor":27},{"not_picked":["FlyingSleeves+1","ClearTheMind+1","LikeWater+1"],"picked":"Sanctity+1","floor":30},{"not_picked":["Replay:Battleflow+1","MarkedMod:FirstStrike+1","ClearTheMind+1"],"picked":"SpiritShield+1","floor":31},{"not_picked":["DevaForm","Brilliance","LessonLearned"],"picked":"MasterReality","floor":33},{"not_picked":["MentalFortress","MarkedMod:PinPointDefense+1","FlurryOfBlows+1","MarkedMod:FirstStrike+1"],"picked":"SKIP","floor":35},{"not_picked":["Consecrate","FollowUp+1","ForeignInfluence+1"],"picked":"MarkedMod:OneThousandNeedles+1","floor":37},{"not_picked":["SandsOfTime+1","BowlingBash+1","Indignation+1","Worship+1"],"picked":"SKIP","floor":41},{"not_picked":["Nirvana","Replay:Vibes+1","Consecrate+1"],"picked":"Sanctity+1","floor":44},{"not_picked":["LikeWater+1","ClearTheMind+1","TalkToTheHand","Halt+1"],"picked":"SKIP","floor":46},{"not_picked":["MentalFortress+1","Wish+1","Tantrum+1","Replay:Vibes+1"],"picked":"SKIP","floor":47},{"not_picked":["Replay:AtTheReady+1","Collect+1","ThirdEye+1","Sanctity+1"],"picked":"SKIP","floor":48}],"player_experience":129066,"relics_obtained":[{"floor":2,"key":"Simple Rune"},{"floor":7,"key":"Golden Egg"},{"floor":9,"key":"Toxic Egg 2"},{"floor":11,"key":"Akabeko"},{"floor":14,"key":"Question Card"},{"floor":23,"key":"Replay:PocketPolymizer"},{"floor":26,"key":"Bronze Scales"},{"floor":27,"key":"Replay:Rubber Ducky"},{"floor":28,"key":"Old Coin"},{"floor":30,"key":"Calipers"},{"floor":39,"key":"Mango"},{"floor":41,"key":"Iron Hammer"},{"floor":43,"key":"Chameleon Ring"},{"floor":46,"key":"Dead Branch"},{"floor":48,"key":"MarkedMod:AcupunctureKit"}],"event_choices":[{"damage_healed":0,"gold_gain":0,"player_choice":"Donut","damage_taken":0,"max_hp_gain":5,"max_hp_loss":0,"event_name":"Big Fish","floor":5,"gold_loss":0},{"damage_healed":0,"gold_gain":0,"player_choice":"Sacrifice","damage_taken":18,"max_hp_gain":5,"max_hp_loss":0,"event_name":"Elementarium:RadiantAltar","floor":19,"gold_loss":0},{"damage_healed":28,"gold_gain":0,"player_choice":"Drink","damage_taken":0,"max_hp_gain":0,"max_hp_loss":0,"event_name":"Elementarium:StickySituation","floor":24,"gold_loss":0,"cards_obtained":["Elementarium:StickyTar"]},{"damage_healed":0,"gold_gain":0,"player_choice":"Enter","damage_taken":0,"max_hp_gain":0,"max_hp_loss":0,"event_name":"Elementarium:OtherworldlyPassage","floor":28,"gold_loss":0},{"cards_removed":["Strike_P"],"damage_healed":0,"gold_gain":0,"player_choice":"Purged","damage_taken":0,"max_hp_gain":0,"max_hp_loss":0,"event_name":"Purifier","floor":36,"gold_loss":0},{"damage_healed":0,"gold_gain":0,"player_choice":"Fight","damage_taken":0,"max_hp_gain":0,"max_hp_loss":0,"event_name":"Mysterious Sphere","floor":39,"gold_loss":0}],"is_beta":false,"boss_relics":[{"not_picked":["Snecko Eye","Coffee Dripper"],"picked":"Velvet Choker"},{"not_picked":["Replay:Grab Bag","Honey Jar"],"picked":"Runic Pyramid"}],"items_purged_floors":[13,38,42,45,45],"is_endless":false,"potions_floor_spawned":[11,12,16,20,22,23,33,35,46,47],"ascension_level":7}}