{"host":"ebguxldc2ucorva7","time":1607796628,"event":{"mods":["AchievementEnabler","BaseMod","Best Route Mod","Colored Map","Colored Powertips","Disable Question Mark Monsters","Energized Spire","Highlight Path","Minty Spire (QoL Compilation)","Permanent Neow","Quick Restart","Shop Mod","StSLib"],"gold_per_floor":[114,35,110,285,36,36,61,61,61,74,74,74,89,107,107,107,107],"floor_reached":16,"playtime":612,"items_purged":[],"score":98,"play_id":"12353ff9-55c6-4bea-88a3-c02b3a4d1785","local_time":"20201212111028","is_ascension_mode":false,"campfire_choices":[{"data":"Zap","floor":6,"key":"SMITH"},{"data":"Redo","floor":11,"key":"SMITH"},{"floor":15,"key":"REST"}],"circlet_count":0,"master_deck":["Strike_B","Strike_B","Strike_B+1","Strike_B+1","Defend_B","Defend_B","Defend_B","Defend_B","Zap+1","Dualcast+1","Force Field","Self Repair","Redo+1","Tempest","BootSequence","Glacier"],"relics":["Cracked Core","Bottled Lightning","Mango","Nunchaku"],"acts_visited":["Exordium"],"potions_floor_usage":[16],"damage_taken":[{"damage":0,"enemies":"2 Louse","floor":1,"turns":2},{"damage":36,"enemies":"Lagavulin","floor":7,"turns":8},{"damage":1,"enemies":"Jaw Worm","floor":10,"turns":2},{"damage":3,"enemies":"Small Slimes","floor":13,"turns":2},{"damage":2,"enemies":"3 Louse","floor":14,"turns":3},{"damage":58,"enemies":"Hexaghost","floor":16,"turns":16}],"seed_played":"1310012370692360149","potions_obtained":[{"floor":7,"key":"FearPotion"}],"is_trial":false,"path_per_floor":["M","$","?","?","$","R","E","?","T","M","R","?","M","M","R","B"],"character_chosen":"DEFECT","items_purchased":["Self Repair","Bottled Lightning"],"campfire_rested":1,"item_purchase_floors":[2,5],"current_hp_per_floor":[75,75,64,64,64,64,49,31,31,37,37,30,34,32,58,0,0],"gold":107,"neow_bonus":"UPGRADE_CARD","is_daily":false,"chose_seed":false,"campfire_upgraded":2,"win_rate":0.0,"timestamp":1607796628,"path_taken":["M","$","?","?","?","R","E","?","T","M","R","?","M","?","R","BOSS"],"items_purchased_type":["Card","Relic"],"build_version":"2020-11-30","purchased_purges":0,"victory":false,"max_hp_per_floor":[75,75,75,75,75,75,89,89,89,89,89,89,89,89,89,89,89],"card_choices":[{"not_picked":["Barrage","Gash"],"picked":"Force Field","floor":1},{"not_picked":["Gash","Skim"],"picked":"Redo","floor":7},{"not_picked":["Heatsinks","Cold Snap"],"picked":"Tempest","floor":10},{"not_picked":["Steam","Rebound"],"picked":"BootSequence","floor":13},{"not_picked":["Undo","Defragment"],"picked":"Glacier","floor":14}],"player_experience":92781,"relics_obtained":[{"floor":7,"key":"Mango"},{"floor":9,"key":"Nunchaku"}],"event_choices":[{"damage_healed":0,"gold_gain":75,"player_choice":"Gather Gold","damage_taken":11,"max_hp_gain":0,"max_hp_loss":0,"event_name":"World of Goop","floor":3,"gold_loss":0},{"damage_healed":0,"gold_gain":175,"player_choice":"AGREE","damage_taken":0,"max_hp_gain":0,"max_hp_loss":0,"event_name":"Liars Game","floor":4,"gold_loss":0,"cards_obtained":["Doubt"]},{"damage_healed":0,"gold_gain":0,"player_choice":"Entered Light","damage_taken":18,"max_hp_gain":0,"max_hp_loss":0,"event_name":"Shining Light","floor":8,"gold_loss":0,"cards_upgraded":["Strike_B","Strike_B"]},{"cards_removed":["Doubt"],"damage_healed":0,"gold_gain":0,"player_choice":"Card Removal","damage_taken":7,"max_hp_gain":0,"max_hp_loss":0,"event_name":"Golden Wing","floor":12,"gold_loss":0}],"is_beta":false,"boss_relics":[],"items_purged_floors":[],"is_endless":false,"potions_floor_spawned":[7],"killed_by":"Hexaghost","ascension_level":0}}