{"host":"8pl220r0zqtv6uof","time":1607765899,"event":{"mods":["BaseMod","Colored Map","DeckTracker","Highlight Path","Keyboard Shortcuts","Minty Spire (QoL Compilation)","Quick Restart","SuperFastMode"],"gold_per_floor":[118,130,130,130,4617,4642,4601,4619,4644,4678,4678,3535,3549,3562,3562,3661,3661,3681,3692,3061,3071,3090,3115,3144,3144,3144,2701,2730,2741,2767,1803,1803,1908,1908,1920,1937,1937,1947,1958,1987,1897,1897,1897,1922,1934,1952,1987,2006,2006,2006],"floor_reached":51,"playtime":2914,"items_purged":["Strike_G","Strike_G","Strike_G","Strike_G"],"score":1175,"play_id":"e062fc97-8956-4d54-b7fe-0a7dcb3107d9","local_time":"20201212183819","is_ascension_mode":true,"campfire_choices":[{"data":"Burst","floor":11,"key":"SMITH"},{"data":"Panache","floor":15,"key":"SMITH"},{"data":"Jack Of All Trades","floor":32,"key":"SMITH"},{"data":"Tools of the Trade","floor":42,"key":"SMITH"},{"data":"Tactician","floor":49,"key":"SMITH"}],"circlet_count":0,"master_deck":["Defend_G","Survivor","Neutralize+1","Blade Dance","Quick Slash+1","Secret Technique","Panacea","Backflip","Burst+1","Deflect","Dagger Throw","Panache+1","Backstab","Acrobatics","Prepared","After Image","CurseOfTheBell","Footwork","Caltrops","Poisoned Stab+1","Cloak And Dagger","Cloak And Dagger","Blade Dance","Tactician+1","Reflex","Acrobatics+1","Tools of the Trade+1","Leg Sweep","Backflip","Outmaneuver+1","Footwork","Jack Of All Trades+1","Envenom","Well Laid Plans+1","Eviscerate+1","Concentrate+1","Acrobatics+1","Calculated Gamble+1","Dodge and Roll+1","Deflect+1","Blade Dance+1","Tactician+1","Terror+1","PiercingWail+1","Underhanded Strike+1","Footwork+1","Cloak And Dagger","Blade Dance+1","Backstab+1"],"relics":["Ring of the Snake","NeowsBlessing","Pear","Strawberry","Strange Spoon","Anchor","Bronze Scales","Prayer Wheel","Kunai","Sundial","Sling","Calling Bell","Bag of Preparation","Ornamental Fan","WingedGreaves","Snake Skull","Pantograph","MealTicket","Darkstone Periapt","Art of War","Vajra","Lantern","Orrery","TungstenRod","Toy Ornithopter","OrangePellets","Question Card","Centennial Puzzle","Astrolabe","Eternal Feather","Torii","Whetstone","Smiling Mask"],"acts_visited":["Exordium","TheCity","TheBeyond"],"potions_floor_usage":[8,10,16,16,21,28,30,30,33,33,38,40,40,40,50,50],"damage_taken":[{"damage":0,"enemies":"Small Slimes","floor":1,"turns":1},{"damage":0,"enemies":"2 Louse","floor":2,"turns":1},{"damage":0,"enemies":"3 Sentries","floor":6,"turns":1},{"damage":1,"enemies":"Cultist","floor":8,"turns":3},{"damage":18,"enemies":"Gremlin Nob","floor":10,"turns":4},{"damage":0,"enemies":"Blue Slaver","floor":13,"turns":2},{"damage":0,"enemies":"Lots of Slimes","floor":14,"turns":3},{"damage":18,"enemies":"Hexaghost","floor":16,"turns":8},{"damage":13,"enemies":"Chosen","floor":18,"turns":5},{"damage":0,"enemies":"Spheric Guardian","floor":19,"turns":4},{"damage":0,"enemies":"Snake Plant","floor":21,"turns":3},{"damage":1,"enemies":"Chosen and Byrds","floor":22,"turns":4},{"damage":0,"enemies":"Gremlin Leader","floor":23,"turns":6},{"damage":14,"enemies":"Book of Stabbing","floor":24,"turns":5},{"damage":0,"enemies":"Gremlin Leader","floor":28,"turns":5},{"damage":5,"enemies":"Snecko","floor":29,"turns":4},{"damage":1,"enemies":"Slavers","floor":30,"turns":6},{"damage":15,"enemies":"Automaton","floor":33,"turns":11},{"damage":0,"enemies":"3 Shapes","floor":35,"turns":3},{"damage":0,"enemies":"Orb Walker","floor":36,"turns":2},{"damage":7,"enemies":"3 Darklings","floor":38,"turns":4},{"damage":0,"enemies":"4 Shapes","floor":39,"turns":3},{"damage":18,"enemies":"Reptomancer","floor":40,"turns":5},{"damage":11,"enemies":"Giant Head","floor":44,"turns":6},{"damage":10,"enemies":"Jaw Worm Horde","floor":45,"turns":4},{"damage":6,"enemies":"Transient","floor":46,"turns":5},{"damage":27,"enemies":"Nemesis","floor":47,"turns":9},{"damage":0,"enemies":"3 Darklings","floor":48,"turns":4},{"damage":52,"enemies":"Donu and Deca","floor":50,"turns":9}],"seed_played":"-8259095624488441661","potions_obtained":[{"floor":1,"key":"FearPotion"},{"floor":2,"key":"Swift Potion"},{"floor":16,"key":"Poison Potion"},{"floor":21,"key":"PowerPotion"},{"floor":28,"key":"Weak Potion"},{"floor":33,"key":"Energy Potion"},{"floor":35,"key":"LiquidBronze"},{"floor":36,"key":"DuplicationPotion"},{"floor":38,"key":"CultistPotion"},{"floor":47,"key":"Weak Potion"},{"floor":48,"key":"Poison Potion"}],"is_trial":false,"path_per_floor":["M","M","?","?","$","E","?","M","T","E","R","$","M","M","R","B",null,"M","M","$","M","M","E","E","?","T","$","E","M","E","$","R","B",null,"M","M","?","M","M","E","?","R","T","E","M","M","E","M","R","B",null],"character_chosen":"THE_SILENT","items_purchased":["Pear","Strawberry","Strange Spoon","Secret Technique","Panacea","PowerPotion","Backflip","Panache","Kunai","Sundial","Sling","Dexterity Potion","Fire Potion","Backstab","Acrobatics","Snake Skull","Pantograph","PowerPotion","Caltrops","Vajra","Lantern","Orrery","Footwork","OrangePellets","Question Card","Centennial Puzzle","Jack Of All Trades","PowerPotion","SkillPotion"],"campfire_rested":0,"item_purchase_floors":[5,5,5,5,5,5,5,12,12,12,12,12,12,12,12,20,20,20,20,27,27,27,31,31,31,31,31,31,31],"current_hp_per_floor":[70,70,70,70,87,87,87,86,86,68,68,68,68,68,68,50,87,74,74,74,74,73,73,59,87,87,87,87,82,81,87,87,72,87,87,87,87,80,80,69,69,87,87,76,66,60,33,33,60,35],"gold":2006,"neow_bonus":"THREE_ENEMY_KILL","is_daily":false,"chose_seed":false,"campfire_upgraded":5,"win_rate":0.0,"timestamp":1607765899,"path_taken":["M","M","?","?","$","E","?","M","T","E","R","$","M","M","R","BOSS","M","M","$","M","M","E","E","?","T","$","E","M","E","$","R","BOSS","M","M","?","M","?","E","?","R","T","E","M","M","E","?","R","BOSS"],"items_purchased_type":["Relic","Relic","Relic","Card","Card","Potion","Card","Card","Relic","Relic","Relic","Potion","Potion","Card","Card","Relic","Relic","Potion","Card","Relic","Relic","Relic","Card","Relic","Relic","Relic","Card","Potion","Potion"],"build_version":"2020-11-30","purchased_purges":4,"victory":true,"max_hp_per_floor":[70,70,70,70,87,87,87,87,87,87,87,87,87,87,87,87,87,87,87,87,87,87,87,87,87,87,87,87,87,87,87,87,87,87,87,87,87,87,87,87,87,87,87,87,87,87,87,87,87,87],"card_choices":[{"not_picked":["Catalyst","Outmaneuver"],"picked":"Blade Dance","floor":1},{"not_picked":["Slice","Dodge and Roll"],"picked":"Quick Slash","floor":2},{"not_picked":["Dagger Spray","Outmaneuver"],"picked":"Burst","floor":6},{"not_picked":["PiercingWail","Finisher"],"picked":"Deflect","floor":8},{"not_picked":["Skewer","Sucker Punch"],"picked":"Dagger Throw","floor":10},{"not_picked":["Bane","Eviscerate","Slice"],"picked":"SKIP","floor":13},{"not_picked":["All Out Attack","Deadly Poison","Masterful Stab"],"picked":"SKIP","floor":13},{"not_picked":["Flechettes","Concentrate"],"picked":"Prepared","floor":14},{"not_picked":["Deflect","Quick Slash","Flechettes"],"picked":"SKIP","floor":14},{"not_picked":["Burst","Unload"],"picked":"After Image","floor":16},{"not_picked":["PiercingWail","Eviscerate"],"picked":"Footwork","floor":18},{"not_picked":["Finisher","Deadly Poison","Bane"],"picked":"SKIP","floor":18},{"not_picked":["Prepared","Sucker Punch","Heel Hook+1"],"picked":"SKIP","floor":19},{"not_picked":["Flying Knee","Dagger Spray+1","Underhanded Strike"],"picked":"SKIP","floor":19},{"not_picked":["Prepared","Doppelganger"],"picked":"Poisoned Stab","floor":21},{"not_picked":["Slice","Caltrops","Deflect"],"picked":"SKIP","floor":21},{"not_picked":["Acrobatics+1","Glass Knife"],"picked":"Cloak And Dagger","floor":22},{"not_picked":["Bane","Skewer","Dagger Spray"],"picked":"SKIP","floor":22},{"not_picked":["Acrobatics","Bane","Quick Slash"],"picked":"SKIP","floor":23},{"not_picked":["Bane","Prepared","Dagger Throw+1"],"picked":"SKIP","floor":24},{"not_picked":["Deadly Poison","Backflip"],"picked":"Cloak And Dagger","floor":27},{"not_picked":["Prepared+1","Caltrops"],"picked":"Blade Dance","floor":27},{"not_picked":["Prepared+1","Calculated Gamble"],"picked":"Tactician","floor":27},{"not_picked":["Flying Knee","Deflect+1"],"picked":"Reflex","floor":27},{"not_picked":["Slice","Terror"],"picked":"Acrobatics+1","floor":27},{"not_picked":["Sucker Punch+1","Choke+1"],"picked":"Tools of the Trade","floor":28},{"not_picked":["Slice","Quick Slash+1"],"picked":"Leg Sweep","floor":29},{"not_picked":["Endless Agony","Skewer"],"picked":"Backflip","floor":29},{"not_picked":["Bullet Time","Acrobatics+1"],"picked":"Outmaneuver+1","floor":30},{"not_picked":["Night Terror","A Thousand Cuts","Grand Finale"],"picked":"Envenom","floor":33},{"not_picked":["Underhanded Strike+1","Backstab","Dodge and Roll+1"],"picked":"Concentrate+1","floor":35},{"not_picked":["PiercingWail+1","Deadly Poison+1","Blur","Concentrate+1"],"picked":"SKIP","floor":35},{"not_picked":["Dagger Throw","Flying Knee","Outmaneuver"],"picked":"Acrobatics+1","floor":36},{"not_picked":["Choke+1","Flying Knee+1","Blur+1"],"picked":"Calculated Gamble+1","floor":36},{"not_picked":["Envenom","Blur","Deadly Poison"],"picked":"Dodge and Roll+1","floor":38},{"not_picked":["Concentrate","Sucker Punch+1","Bane+1"],"picked":"Deflect+1","floor":38},{"not_picked":["Terror","Crippling Poison","Footwork"],"picked":"Blade Dance+1","floor":39},{"not_picked":["Poisoned Stab+1","Choke","Dodge and Roll+1"],"picked":"Tactician+1","floor":39},{"not_picked":["Finisher","Setup","Deflect"],"picked":"Terror+1","floor":40},{"not_picked":["Choke+1","Terror+1","Skewer+1"],"picked":"PiercingWail+1","floor":44},{"not_picked":["Blade Dance+1","Backstab","PiercingWail"],"picked":"Underhanded Strike+1","floor":45},{"not_picked":["Leg Sweep","Terror","Accuracy+1"],"picked":"Footwork+1","floor":45},{"not_picked":["Deadly Poison+1","Calculated Gamble+1","Backflip+1"],"picked":"Cloak And Dagger","floor":46},{"not_picked":["Bouncing Flask+1","Caltrops","Dagger Throw","Backstab"],"picked":"SKIP","floor":46},{"not_picked":["Envenom","Escape Plan","Backflip"],"picked":"Blade Dance+1","floor":47},{"not_picked":["Dash","Catalyst+1","Deadly Poison"],"picked":"Backstab+1","floor":48},{"not_picked":["Setup","Dagger Throw+1","Flying Knee","Catalyst"],"picked":"SKIP","floor":48}],"player_experience":107083,"relics_obtained":[{"floor":6,"key":"Anchor"},{"floor":9,"key":"Bronze Scales"},{"floor":10,"key":"Prayer Wheel"},{"floor":17,"key":"Bag of Preparation"},{"floor":17,"key":"Ornamental Fan"},{"floor":17,"key":"WingedGreaves"},{"floor":23,"key":"MealTicket"},{"floor":24,"key":"Darkstone Periapt"},{"floor":26,"key":"Art of War"},{"floor":28,"key":"TungstenRod"},{"floor":30,"key":"Toy Ornithopter"},{"floor":40,"key":"Eternal Feather"},{"floor":43,"key":"Torii"},{"floor":44,"key":"Whetstone"},{"floor":47,"key":"Smiling Mask"}],"event_choices":[{"damage_healed":0,"gold_gain":0,"player_choice":"Ignored","damage_taken":0,"max_hp_gain":0,"max_hp_loss":0,"event_name":"Liars Game","floor":3,"gold_loss":0},{"cards_removed":["Strike_G"],"damage_healed":0,"gold_gain":0,"player_choice":"Forget","damage_taken":0,"max_hp_gain":0,"max_hp_loss":0,"event_name":"Living Wall","floor":4,"gold_loss":0},{"damage_healed":0,"gold_gain":0,"player_choice":"Left Gold","damage_taken":0,"max_hp_gain":0,"max_hp_loss":0,"event_name":"World of Goop","floor":7,"gold_loss":41},{"damage_healed":29,"gold_gain":0,"player_choice":"Heal","damage_taken":0,"max_hp_gain":0,"max_hp_loss":0,"event_name":"The Library","floor":25,"gold_loss":0},{"cards_removed":["Well Laid Plans"],"damage_healed":0,"gold_gain":0,"player_choice":"Offered Uncommon","damage_taken":0,"max_hp_gain":0,"max_hp_loss":0,"event_name":"Bonfire Elementals","floor":37,"gold_loss":0},{"cards_removed":["Defend_G"],"damage_healed":0,"gold_gain":0,"player_choice":"Upgrade and Remove","damage_taken":0,"max_hp_gain":0,"max_hp_loss":0,"event_name":"Designer","floor":41,"gold_loss":90,"cards_upgraded":["Poisoned Stab"]}],"is_beta":false,"boss_relics":[{"not_picked":["HoveringKite","Cursed Key"],"picked":"Calling Bell"},{"not_picked":["Empty Cage","Tiny House"],"picked":"Astrolabe"}],"items_purged_floors":[5,12,20,31],"is_endless":false,"potions_floor_spawned":[1,2,16,21,23,24,28,33,35,36,38,47,48],"ascension_level":4}}