{"host":"msepye59htvs4aw4","time":1607803508,"event":{"mods":["BaseMod","Colored Map","DeckTracker","Highlight Path","Minty Spire (QoL Compilation)","Shop Mod","StSLib","SuperFastMode"],"gold_per_floor":[116,116,44,60,60,60,100,125,149,149,165,165,204,52,52,145,145,169,188,211,231,146,146,170,170,170,170,194,209,334,334,334,433,433,457,516,516,532,532,532,556,556,556,575,593,593,135,159,159,159],"floor_reached":51,"playtime":11218,"items_purged":["Shame"],"score":1049,"play_id":"bbdec772-f62b-487c-9c36-81916db24a18","local_time":"20201212210508","is_ascension_mode":true,"campfire_choices":[{"data":"Bouncing Flask","floor":6,"key":"SMITH"},{"floor":10,"key":"REST"},{"data":"Dodge and Roll","floor":12,"key":"SMITH"},{"floor":15,"key":"REST"},{"floor":23,"key":"REST"},{"floor":25,"key":"REST"},{"data":"Crippling Poison","floor":27,"key":"SMITH"},{"floor":32,"key":"REST"},{"data":"Adrenaline","floor":40,"key":"SMITH"},{"floor":42,"key":"REST"},{"floor":46,"key":"REST"},{"floor":49,"key":"REST"}],"circlet_count":0,"master_deck":["AscendersBane","Strike_G","Strike_G+1","Strike_G+1","Strike_G","Strike_G","Defend_G","Defend_G","Defend_G","Defend_G","Defend_G","Survivor","Neutralize","Sadistic Nature","Bouncing Flask+1","Dagger Spray","Poisoned Stab","PiercingWail","Dodge and Roll+1","Venomology","Crippling Poison+1","Blur","Doubt","Catalyst","Adrenaline+1","Footwork","Predator+1","Doubt","Parasite","Footwork+1","Backflip","Corpse Explosion","Well Laid Plans","Deadly Poison+1"],"relics":["Ring of the Serpent","Golden Idol","Tiny Chest","Snake Skull","Singing Bowl","Blood Vial","Cursed Key","Letter Opener","Meat on the Bone","Prayer Wheel","Kunai","Tingsha","The Specimen","InkBottle","Art of War","Whetstone"],"acts_visited":["Exordium","TheCity","TheBeyond"],"potions_floor_usage":[11,13,16,19,19,19,21,28,29,29,29,30,31,33,33,36,36,45,45,45,50,50],"damage_taken":[{"damage":2,"enemies":"Cultist","floor":1,"turns":4},{"damage":0,"enemies":"Small Slimes","floor":4,"turns":3},{"damage":19,"enemies":"3 Sentries","floor":7,"turns":6},{"damage":4,"enemies":"2 Louse","floor":8,"turns":2},{"damage":5,"enemies":"Blue Slaver","floor":11,"turns":2},{"damage":8,"enemies":"Lagavulin","floor":13,"turns":5},{"damage":29,"enemies":"The Guardian","floor":16,"turns":8},{"damage":0,"enemies":"Spheric Guardian","floor":18,"turns":3},{"damage":9,"enemies":"Shell Parasite","floor":19,"turns":3},{"damage":17,"enemies":"Snake Plant","floor":20,"turns":4},{"damage":14,"enemies":"Shelled Parasite and Fungi","floor":21,"turns":4},{"damage":11,"enemies":"Centurion and Healer","floor":24,"turns":7},{"damage":12,"enemies":"Cultist and Chosen","floor":28,"turns":5},{"damage":10,"enemies":"Snecko","floor":29,"turns":4},{"damage":16,"enemies":"Colosseum Slavers","floor":30,"turns":4},{"damage":33,"enemies":"Colosseum Nobs","floor":30,"turns":4},{"damage":0,"enemies":"Snake Plant","floor":31,"turns":3},{"damage":27,"enemies":"Champ","floor":33,"turns":8},{"damage":11,"enemies":"3 Shapes","floor":35,"turns":3},{"damage":23,"enemies":"2 Orb Walkers","floor":36,"turns":3},{"damage":18,"enemies":"Orb Walker","floor":38,"turns":5},{"damage":42,"enemies":"Writhing Mass","floor":41,"turns":5},{"damage":37,"enemies":"3 Darklings","floor":44,"turns":4},{"damage":29,"enemies":"Transient","floor":45,"turns":5},{"damage":3,"enemies":"4 Shapes","floor":48,"turns":4},{"damage":68,"enemies":"Donu and Deca","floor":50,"turns":5}],"seed_played":"-870946692740261132","potions_obtained":[{"floor":7,"key":"Fire Potion"},{"floor":11,"key":"Block Potion"},{"floor":13,"key":"Fire Potion"},{"floor":16,"key":"Fire Potion"},{"floor":18,"key":"FearPotion"},{"floor":30,"key":"SmokeBomb"},{"floor":35,"key":"Regen Potion"},{"floor":44,"key":"LiquidMemories"},{"floor":48,"key":"ColorlessPotion"}],"is_trial":false,"path_per_floor":["M","?","$","M","$","R","E","M","T","R","M","R","E","$","R","B",null,"M","M","M","M","?","R","M","R","T","R","M","M","?","M","R","B",null,"M","?","T","M","?","R","M","R","T","M","M","R","$","M","R","B",null],"character_chosen":"THE_SILENT","items_purchased":["Dagger Spray","Poisoned Stab","Blood Vial","Well Laid Plans","Art of War","Whetstone"],"campfire_rested":8,"item_purchase_floors":[3,3,14,47,47,47],"current_hp_per_floor":[61,58,58,58,58,58,39,35,35,52,47,47,41,41,59,31,53,57,50,37,25,25,44,37,56,56,56,48,40,21,35,56,43,63,56,47,47,47,76,76,46,68,68,49,36,60,60,61,84,28],"gold":159,"neow_bonus":"RANDOM_COLORLESS_2","is_daily":false,"chose_seed":false,"campfire_upgraded":4,"win_rate":0.0,"timestamp":1607803508,"path_taken":["M","?","$","M","$","R","E","M","T","R","M","R","E","$","R","BOSS","M","M","M","M","?","R","M","R","T","R","M","M","?","M","R","BOSS","M","?","?","M","?","R","M","R","T","M","?","R","$","M","R","BOSS"],"items_purchased_type":["Card","Card","Relic","Card","Relic","Relic"],"build_version":"2020-11-30","purchased_purges":1,"victory":true,"max_hp_per_floor":[63,58,58,58,58,58,58,58,58,58,58,58,60,60,60,60,60,62,62,64,64,64,64,66,66,66,66,68,68,70,70,70,70,70,72,72,72,76,76,76,76,76,76,80,82,82,82,84,84,84],"card_choices":[{"not_picked":["HandOfGreed","Magnetism"],"picked":"Sadistic Nature","floor":0},{"not_picked":["PiercingWail","Endless Agony"],"picked":"Bouncing Flask","floor":1},{"not_picked":["Deflect","Dagger Throw"],"picked":"PiercingWail","floor":4},{"not_picked":["Bullet Time","Choke","Sucker Punch"],"picked":"SKIP","floor":7},{"not_picked":["Dagger Spray","Poisoned Stab"],"picked":"Dodge and Roll","floor":8},{"not_picked":["Cloak And Dagger","Acrobatics","Outmaneuver"],"picked":"SKIP","floor":11},{"not_picked":["Quick Slash","Deflect","Prepared"],"picked":"Singing Bowl","floor":13},{"not_picked":["Die Die Die","Storm of Steel"],"picked":"Venomology","floor":16},{"not_picked":["Prepared","Quick Slash","Dagger Throw"],"picked":"Singing Bowl","floor":18},{"not_picked":["Flying Knee","Riddle With Holes"],"picked":"Crippling Poison","floor":19},{"not_picked":["Acrobatics","Deflect","Sucker Punch"],"picked":"Singing Bowl","floor":20},{"not_picked":["Finisher","Quick Slash"],"picked":"Blur","floor":21},{"not_picked":["Underhanded Strike","Cloak And Dagger","Tactician"],"picked":"Singing Bowl","floor":24},{"not_picked":["Flying Knee+1","Prepared","Slice"],"picked":"Singing Bowl","floor":28},{"not_picked":["Dash","Backflip"],"picked":"Catalyst","floor":29},{"not_picked":["Quick Slash","Prepared","Caltrops"],"picked":"Singing Bowl","floor":30},{"not_picked":["Corpse Explosion","A Thousand Cuts"],"picked":"Adrenaline","floor":33},{"not_picked":["Dash+1","Masterful Stab"],"picked":"Footwork","floor":35},{"not_picked":["Dodge and Roll","Slice","Quick Slash"],"picked":"Singing Bowl","floor":35},{"not_picked":["Poisoned Stab","Acrobatics"],"picked":"Predator+1","floor":36},{"not_picked":["Riddle With Holes+1","Poisoned Stab+1","Dodge and Roll"],"picked":"Singing Bowl","floor":38},{"not_picked":["Acrobatics+1","Setup","Blur"],"picked":"Singing Bowl","floor":38},{"not_picked":["Blade Dance","PiercingWail+1"],"picked":"Footwork+1","floor":41},{"not_picked":["Dagger Spray","Quick Slash"],"picked":"Backflip","floor":41},{"not_picked":["Flying Knee","Calculated Gamble","Concentrate"],"picked":"Singing Bowl","floor":44},{"not_picked":["Dodge and Roll","Outmaneuver","Cloak And Dagger"],"picked":"Singing Bowl","floor":44},{"not_picked":["Cloak And Dagger+1","Dash"],"picked":"Corpse Explosion","floor":45},{"not_picked":["Slice+1","Caltrops","Setup+1"],"picked":"Singing Bowl","floor":45},{"not_picked":["Caltrops","Accuracy"],"picked":"Deadly Poison+1","floor":48},{"not_picked":["Deflect","Reflex+1","Predator+1"],"picked":"Singing Bowl","floor":48}],"player_experience":1570076,"relics_obtained":[{"floor":7,"key":"Tiny Chest"},{"floor":9,"key":"Snake Skull"},{"floor":13,"key":"Singing Bowl"},{"floor":26,"key":"Meat on the Bone"},{"floor":30,"key":"Prayer Wheel"},{"floor":30,"key":"Kunai"},{"floor":36,"key":"Tingsha"},{"floor":37,"key":"The Specimen"},{"floor":43,"key":"InkBottle"}],"event_choices":[{"damage_healed":0,"gold_gain":0,"player_choice":"Lose Max HP","damage_taken":0,"relics_obtained":["Golden Idol"],"max_hp_gain":0,"max_hp_loss":5,"event_name":"Golden Idol","floor":2,"gold_loss":0},{"damage_healed":0,"gold_gain":0,"player_choice":"Obtained Relic","damage_taken":0,"relics_obtained":["Letter Opener"],"max_hp_gain":0,"max_hp_loss":0,"event_name":"Addict","floor":22,"gold_loss":85},{"damage_healed":0,"gold_gain":0,"player_choice":"Fight","damage_taken":0,"max_hp_gain":0,"max_hp_loss":0,"event_name":"Colosseum","floor":30,"gold_loss":0},{"damage_healed":0,"gold_gain":0,"player_choice":"Fought Nobs","damage_taken":0,"max_hp_gain":0,"max_hp_loss":0,"event_name":"Colosseum","floor":30,"gold_loss":0},{"damage_healed":0,"gold_gain":0,"player_choice":"Fight","damage_taken":0,"max_hp_gain":0,"max_hp_loss":0,"event_name":"Mysterious Sphere","floor":36,"gold_loss":0},{"damage_healed":29,"gold_gain":0,"player_choice":"Full Heal","damage_taken":0,"max_hp_gain":0,"max_hp_loss":0,"event_name":"Wheel of Change","floor":39,"gold_loss":0}],"is_beta":false,"boss_relics":[{"not_picked":["Snecko Eye","Empty Cage"],"picked":"Cursed Key"},{"not_picked":["HoveringKite","WristBlade"],"picked":"Ring of the Serpent"}],"items_purged_floors":[47],"is_endless":false,"potions_floor_spawned":[7,11,13,16,18,30,30,31,35,44,48],"ascension_level":13}}