{"host":"l1ihaotq1cxp1b6b","time":1607758934,"event":{"mods":["AchievementEnabler","BaseMod","Colored Map","Custom Start","DeckTracker","Minty Spire (QoL Compilation)","StSLib","SuperFastMode","everything is the same but u backflip on backflip"],"gold_per_floor":[115,115,128,128,128,171,72,86,86,107,107,121,136,160,160,283,283,303,319,343,343,359,105,141,141,164,200,200,223,239,260,260,389,389,403,468,531,549,573,573,906,922,976,1003,1031,1046,1073,671,671,671,671,671,26,54,54],"floor_reached":56,"playtime":1407,"items_purged":["EmptyFist"],"score":1453,"play_id":"5974caea-1a5a-4b08-87f1-88a7722fefd4","local_time":"20201212164214","is_ascension_mode":false,"campfire_choices":[{"data":"WreathOfFlame","floor":11,"key":"SMITH"},{"data":"Ragnarok","floor":15,"key":"SMITH"},{"data":"TalkToTheHand","floor":25,"key":"SMITH"},{"floor":32,"key":"REST"},{"floor":40,"key":"REST"},{"floor":49,"key":"RECALL"},{"data":"Tantrum","floor":52,"key":"SMITH"}],"circlet_count":0,"master_deck":["Defend_P+1","Eruption+1","Vigilance","MasterReality","FlurryOfBlows","WreathOfFlame+1","TalkToTheHand+1","Ragnarok+1","Scrawl","EmptyBody","Evaluate+1","Indignation+1","Tantrum+1","Scrawl+1","DeusExMachina+1","FearNoEvil","Ragnarok+1","Deep Breath+1","Worship+1"],"relics":["PureWater","NeowsBlessing","PreservedInsect","Bottled Flame","Black Star","Toxic Egg 2","Sundial","War Paint","Anchor","StrikeDummy","Centennial Puzzle","Vajra","Runic Pyramid","TungstenRod","CloakClasp","Bag of Preparation","Meat on the Bone","Molten Egg 2","Bottled Tornado","Mercury Hourglass","Pear","Calipers","Orrery","Lantern","Toy Ornithopter","Damaru"],"acts_visited":["Exordium","TheCity","TheBeyond","TheEnding"],"potions_floor_usage":[13,20,20,24,27,33,33,46,50,55,55,55],"damage_taken":[{"damage":0,"enemies":"Small Slimes","floor":1,"turns":1},{"damage":0,"enemies":"2 Louse","floor":3,"turns":1},{"damage":0,"enemies":"3 Sentries","floor":6,"turns":1},{"damage":3,"enemies":"Jaw Worm","floor":8,"turns":3},{"damage":5,"enemies":"Looter","floor":10,"turns":4},{"damage":0,"enemies":"Exordium Thugs","floor":12,"turns":3},{"damage":0,"enemies":"Blue Slaver","floor":13,"turns":3},{"damage":9,"enemies":"Exordium Wildlife","floor":14,"turns":2},{"damage":20,"enemies":"Slime Boss","floor":16,"turns":5},{"damage":21,"enemies":"2 Thieves","floor":18,"turns":4},{"damage":30,"enemies":"Shell Parasite","floor":19,"turns":5},{"damage":16,"enemies":"Snake Plant","floor":20,"turns":3},{"damage":53,"enemies":"Sentry and Sphere","floor":22,"turns":4},{"damage":34,"enemies":"Book of Stabbing","floor":24,"turns":4},{"damage":0,"enemies":"Gremlin Leader","floor":27,"turns":3},{"damage":0,"enemies":"Centurion and Healer","floor":29,"turns":3},{"damage":12,"enemies":"3 Cultists","floor":30,"turns":4},{"damage":0,"enemies":"Cultist and Chosen","floor":31,"turns":3},{"damage":30,"enemies":"Collector","floor":33,"turns":5},{"damage":47,"enemies":"3 Darklings","floor":35,"turns":5},{"damage":2,"enemies":"2 Orb Walkers","floor":36,"turns":2},{"damage":4,"enemies":"Mind Bloom Boss Battle","floor":37,"turns":3},{"damage":3,"enemies":"Orb Walker","floor":38,"turns":4},{"damage":1,"enemies":"4 Shapes","floor":39,"turns":3},{"damage":0,"enemies":"Transient","floor":42,"turns":5},{"damage":0,"enemies":"Giant Head","floor":45,"turns":5},{"damage":0,"enemies":"Maw","floor":46,"turns":4},{"damage":0,"enemies":"Nemesis","floor":47,"turns":3},{"damage":27,"enemies":"Donu and Deca","floor":50,"turns":3},{"damage":5,"enemies":"Shield and Spear","floor":54,"turns":3},{"damage":46,"enemies":"The Heart","floor":55,"turns":5}],"seed_played":"-738300450141651674","potions_obtained":[{"floor":3,"key":"AttackPotion"},{"floor":8,"key":"DistilledChaos"},{"floor":13,"key":"Fruit Juice"},{"floor":16,"key":"FearPotion"},{"floor":18,"key":"DistilledChaos"},{"floor":22,"key":"FearPotion"},{"floor":27,"key":"Weak Potion"},{"floor":29,"key":"EssenceOfSteel"},{"floor":36,"key":"Ancient Potion"},{"floor":37,"key":"DuplicationPotion"},{"floor":42,"key":"ColorlessPotion"},{"floor":46,"key":"DistilledChaos"},{"floor":47,"key":"BottledMiracle"},{"floor":54,"key":"Strength Potion"}],"is_trial":false,"path_per_floor":["M","?","M","?","?","E","$","M","T","M","R","M","M","M","R","B",null,"M","M","M","?","M","$","E","R","T","E","T","M","M","M","R","B",null,"M","?","?","M","M","R","?","M","T","T","E","M","E","$","R","B",null,"R","$","E","B",null],"character_chosen":"WATCHER","items_purchased":["FlurryOfBlows","WreathOfFlame","Toxic Egg 2","Deep Breath+1","Pear","Calipers","Orrery","Lantern","Worship+1"],"campfire_rested":2,"item_purchase_floors":[7,7,23,48,48,53,53,53,53],"current_hp_per_floor":[72,58,58,58,63,63,63,60,60,55,55,55,60,51,51,31,77,56,26,10,10,8,8,34,34,34,34,34,34,22,22,45,15,77,30,28,24,21,20,43,43,43,43,43,43,43,43,53,53,38,87,87,87,82,53],"gold":54,"neow_bonus":"THREE_ENEMY_KILL","is_daily":false,"chose_seed":false,"campfire_upgraded":4,"win_rate":0.0,"timestamp":1607758934,"path_taken":["M","?","M","?","?","E","?","M","T","?","R","M","M","M","R","BOSS","M","M","M","?","M","$","E","R","T","E","?","?","M","M","R","BOSS","M","?","?","M","M","R","?","M","T","?","E","M","E","$","R","BOSS","R","$","E","BOSS"],"items_purchased_type":["Card","Card","Relic","Card","Relic","Relic","Relic","Relic","Card"],"build_version":"2020-11-30","purchased_purges":1,"victory":true,"max_hp_per_floor":[72,72,72,67,72,72,72,72,72,72,72,72,77,77,77,77,77,77,77,77,77,77,77,77,77,77,77,77,77,77,77,77,77,77,77,77,77,77,77,77,77,77,77,77,77,77,77,87,87,87,87,87,87,87,87],"card_choices":[{"not_picked":["JustLucky","ClearTheMind","ThirdEye"],"picked":"SKIP","floor":1},{"not_picked":["Sanctity","PathToVictory"],"picked":"Consecrate","floor":3},{"not_picked":["Crescendo","PathToVictory"],"picked":"MasterReality","floor":6},{"not_picked":["SignatureMove","Weave"],"picked":"EmptyFist","floor":8},{"not_picked":["Pray","Prostrate","Protect"],"picked":"SKIP","floor":10},{"not_picked":["Perseverance","Prostrate"],"picked":"TalkToTheHand","floor":12},{"not_picked":["FollowUp","EmptyBody","CrushJoints"],"picked":"SKIP","floor":13},{"not_picked":["Halt","ReachHeaven"],"picked":"Ragnarok","floor":14},{"not_picked":["Blasphemy","Alpha"],"picked":"Scrawl","floor":16},{"not_picked":["Prostrate","FlyingSleeves"],"picked":"EmptyBody","floor":18},{"not_picked":["Halt","CrushJoints+1"],"picked":"Evaluate+1","floor":19},{"not_picked":["Perseverance","Worship"],"picked":"Indignation+1","floor":20},{"not_picked":["EmptyFist+1","ThirdEye","SashWhip+1"],"picked":"SKIP","floor":22},{"not_picked":["Evaluate+1","CrushJoints"],"picked":"Tantrum","floor":24},{"not_picked":["SashWhip","FollowUp"],"picked":"Scrawl+1","floor":27},{"not_picked":["Protect+1","FollowUp","ThirdEye+1"],"picked":"SKIP","floor":29},{"not_picked":["Conclude+1","BowlingBash","Study"],"picked":"SKIP","floor":30},{"not_picked":["ClearTheMind+1","Sanctity+1","CrushJoints"],"picked":"SKIP","floor":31},{"not_picked":["Brilliance","ConjureBlade+1"],"picked":"DeusExMachina+1","floor":33},{"not_picked":["Indignation+1","PathToVictory+1"],"picked":"FearNoEvil","floor":35},{"not_picked":["Crescendo+1","CutThroughFate","BowlingBash"],"picked":"SKIP","floor":38},{"not_picked":["BowlingBash","ThirdEye+1","Crescendo+1"],"picked":"SKIP","floor":39},{"not_picked":["Weave+1","Wallop+1","FollowUp"],"picked":"SKIP","floor":42},{"not_picked":["WreathOfFlame+1","Blasphemy+1"],"picked":"Ragnarok+1","floor":45},{"not_picked":["Weave+1","FearNoEvil+1","Worship+1"],"picked":"SKIP","floor":46},{"not_picked":["Weave+1","FearNoEvil+1","Worship+1"],"picked":"SKIP","floor":46},{"not_picked":["LikeWater+1","JustLucky+1","SandsOfTime+1"],"picked":"SKIP","floor":47},{"not_picked":["Wallop+1","CrushJoints+1","EmptyBody+1"],"picked":"SKIP","floor":54}],"player_experience":526879,"relics_obtained":[{"floor":6,"key":"PreservedInsect"},{"floor":9,"key":"Bottled Flame"},{"floor":24,"key":"Sundial"},{"floor":24,"key":"War Paint"},{"floor":26,"key":"Anchor"},{"floor":27,"key":"StrikeDummy"},{"floor":27,"key":"Centennial Puzzle"},{"floor":28,"key":"Vajra"},{"floor":36,"key":"TungstenRod"},{"floor":37,"key":"CloakClasp"},{"floor":44,"key":"Bag of Preparation"},{"floor":45,"key":"Meat on the Bone"},{"floor":45,"key":"Molten Egg 2"},{"floor":47,"key":"Bottled Tornado"},{"floor":47,"key":"Mercury Hourglass"},{"floor":54,"key":"Toy Ornithopter"},{"floor":54,"key":"Damaru"}],"event_choices":[{"damage_healed":0,"gold_gain":0,"player_choice":"Entered Light","damage_taken":14,"max_hp_gain":0,"max_hp_loss":0,"event_name":"Shining Light","floor":2,"gold_loss":0,"cards_upgraded":["Eruption","Defend_P"]},{"damage_healed":0,"gold_gain":0,"player_choice":"Lose Max HP","damage_taken":0,"relics_obtained":["Golden Idol"],"max_hp_gain":0,"max_hp_loss":5,"event_name":"Golden Idol","floor":4,"gold_loss":0},{"damage_healed":0,"gold_gain":0,"player_choice":"Donut","damage_taken":0,"max_hp_gain":5,"max_hp_loss":0,"event_name":"Big Fish","floor":5,"gold_loss":0},{"damage_healed":0,"gold_gain":0,"player_choice":"Ignored","damage_taken":0,"max_hp_gain":0,"max_hp_loss":0,"event_name":"Cursed Tome","floor":21,"gold_loss":0},{"damage_healed":0,"gold_gain":0,"player_choice":"Fight","damage_taken":0,"max_hp_gain":0,"max_hp_loss":0,"event_name":"Mysterious Sphere","floor":36,"gold_loss":0},{"damage_healed":0,"gold_gain":0,"player_choice":"Fight","damage_taken":0,"max_hp_gain":0,"max_hp_loss":0,"event_name":"MindBloom","floor":37,"gold_loss":0},{"damage_healed":0,"gold_gain":333,"player_choice":"Gave Idol","damage_taken":0,"max_hp_gain":0,"max_hp_loss":0,"event_name":"The Moai Head","floor":41,"relics_lost":["Golden Idol"],"gold_loss":0}],"is_beta":false,"boss_relics":[{"not_picked":["Velvet Choker","Pandora\u0027s Box"],"picked":"Black Star"},{"not_picked":["Astrolabe","VioletLotus"],"picked":"Runic Pyramid"}],"items_purged_floors":[48],"is_endless":false,"potions_floor_spawned":[3,8,13,16,18,19,22,27,29,36,37,42,46,47,54],"ascension_level":0}}