{"host":"v4nyfngrgywi7zc6","time":1607750487,"event":{"mods":["2.2 Compatiblity","BaseMod","Custom Start","Downfall","Minty Spire (QoL Compilation)","Shop Mod","StSLib"],"gold_per_floor":[99,99,131,149,149,178,190,216,258,195,307,339,361,385,410,526,538,550,562,574,599,611,636,648,677,689,551,563,593,605,636,658,670,670],"floor_reached":33,"playtime":2886,"items_purged":[],"score":294,"play_id":"7d4a4261-ff93-41b8-b347-bb186b5714bf","local_time":"20201211232127","is_ascension_mode":false,"campfire_choices":[{"data":"hexamod:Float","floor":1,"key":"SMITH"},{"floor":10,"key":"REST"},{"data":"hexamod:CatchUp","floor":18,"key":"SMITH"},{"floor":22,"key":"RECALL"},{"data":"hexamod:SoulSteal","floor":27,"key":"SMITH"}],"circlet_count":0,"master_deck":["hexamod:Strike+1","hexamod:Strike+1","hexamod:Strike+1","hexamod:Defend+1","hexamod:Defend+1","hexamod:Defend+1","hexamod:Sear","hexamod:Float+1","hexamod:ChargedBarrage","hexamod:GhostOfSpirePast","hexamod:HauntingEcho","hexamod:CatchUp+1","hexamod:GhostOfSpireFuture","hexamod:VolcanoVisage","hexamod:FastForward","hexamod:FirstSeal","Writhe","hexamod:CatchUp","hexamod:FourthSeal","hexamod:SoulSteal+1","hexamod:EtherealExpedition"],"relics":["hexamod:SpiritBrand","downfall:HeartsMalice","Bottled Lightning","MawBank","Gremlin Horn","Eternal Feather","downfall:HeartBlessingGreen","SacredBark","Matryoshka","hexamod:MatchstickCase","downfall:HeartBlessingRed","downfall:HeartBlessingBlue","Pen Nib","WingedGreaves"],"acts_visited":["Exordium","TheCity"],"potions_floor_usage":[9,9,15,16,16,21,33,33,33,33],"damage_taken":[{"damage":0,"enemies":"Small Slimes","floor":2,"turns":1},{"damage":0,"enemies":"Gremlin Nob","floor":3,"turns":1},{"damage":0,"enemies":"Cultist","floor":4,"turns":3},{"damage":22,"enemies":"Lagavulin","floor":6,"turns":7},{"damage":1,"enemies":"2 Louse","floor":8,"turns":2},{"damage":14,"enemies":"3 Sentries","floor":9,"turns":7},{"damage":8,"enemies":"Large Slime","floor":12,"turns":6},{"damage":1,"enemies":"Lots of Slimes","floor":13,"turns":4},{"damage":6,"enemies":"Blue Slaver","floor":14,"turns":5},{"damage":6,"enemies":"3 Louse","floor":15,"turns":3},{"damage":18,"enemies":"downfall:CharBossIronclad","floor":16,"turns":10},{"damage":22,"enemies":"3 Byrds","floor":21,"turns":4},{"damage":18,"enemies":"Snake Plant","floor":23,"turns":5},{"damage":22,"enemies":"Centurion and Healer","floor":25,"turns":8},{"damage":11,"enemies":"Snecko","floor":29,"turns":5},{"damage":9,"enemies":"Sentry and Sphere","floor":31,"turns":3},{"damage":0,"enemies":"3 Cultists","floor":32,"turns":5},{"damage":130,"enemies":"downfall:CharBossSilent","floor":33,"turns":8}],"seed_played":"2965545205536917849","potions_obtained":[{"floor":4,"key":"Explosive Potion"},{"floor":8,"key":"DistilledChaos"},{"floor":9,"key":"LiquidMemories"},{"floor":13,"key":"BlessingOfTheForge"},{"floor":14,"key":"DuplicationPotion"},{"floor":15,"key":"ColorlessPotion"},{"floor":16,"key":"Fire Potion"},{"floor":21,"key":"EntropicBrew"},{"floor":21,"key":"sneckomod:MuddlingPotion"},{"floor":25,"key":"FairyPotion"},{"floor":29,"key":"EssenceOfSteel"},{"floor":31,"key":"DistilledChaos"}],"is_trial":false,"path_per_floor":["R","M","E","M","?","E","T","M","E","R","?","M","M","M","M","B",null,"R","?","?","M","R","M","T","M","?","R","?","M","T","M","M","B"],"character_chosen":"THE_SPIRIT","items_purchased":[],"campfire_rested":1,"item_purchase_floors":[],"current_hp_per_floor":[70,70,70,70,70,48,48,47,33,63,63,55,54,48,42,24,70,70,70,70,55,64,53,53,38,38,60,60,56,56,54,61,0,0],"gold":670,"neow_bonus":"THREE_ENEMY_KILL","is_daily":false,"chose_seed":false,"campfire_upgraded":3,"win_rate":0.0,"timestamp":1607750487,"path_taken":["R","M","E","M","?","E","T","M","E","R","?","M","M","M","M","BOSS","R","?","?","M","R","M","T","M","?","R","?","M","?","?","M","BOSS"],"items_purchased_type":[],"build_version":"2020-11-30","purchased_purges":0,"victory":false,"max_hp_per_floor":[70,70,70,70,70,70,70,70,70,70,70,70,70,70,70,70,70,70,70,70,70,70,70,70,70,70,80,80,80,80,80,80,80,80],"card_choices":[{"not_picked":["hexamod:BacktrackSmack","hexamod:SwordOfDarkness"],"picked":"hexamod:ChargedBarrage","floor":2},{"not_picked":["hexamod:GhostOfSpireFuture","hexamod:Haunt"],"picked":"hexamod:GhostOfSpirePast","floor":3},{"not_picked":["hexamod:AdvancingGuard","hexamod:Firestarter"],"picked":"hexamod:HauntingEcho","floor":4},{"not_picked":["hexamod:EmpoweredFlame","hexamod:GhostOfSpireFuture"],"picked":"hexamod:CatchUp","floor":6},{"not_picked":["hexamod:BacktrackSmack","hexamod:SpectersWail"],"picked":"hexamod:GhostOfSpireFuture","floor":8},{"not_picked":["hexamod:RainOfEmbers","hexamod:NightmareGuise"],"picked":"hexamod:VolcanoVisage","floor":9},{"not_picked":["hexamod:NightmareStrike","hexamod:BacktrackSmack"],"picked":"hexamod:FastForward","floor":12},{"not_picked":["hexamod:RainOfEmbers","hexamod:RetreatToShadows","hexamod:ChargedBarrage"],"picked":"SKIP","floor":13},{"not_picked":["hexamod:ShieldOfDarkness","hexamod:SwordOfDarkness","hexamod:SpectersWail"],"picked":"SKIP","floor":14},{"not_picked":["hexamod:Rewind","hexamod:StepThrough"],"picked":"hexamod:FirstSeal","floor":15},{"not_picked":["hexamod:ShieldOfDarkness","hexamod:PhantomFireball","hexamod:ChargedBarrage+1"],"picked":"SKIP","floor":21},{"not_picked":["hexamod:RainOfEmbers","hexamod:GhostflameBarrier","hexamod:BacktrackSmack"],"picked":"SKIP","floor":23},{"not_picked":["hexamod:RadiantFlame+1","hexamod:GhostLash"],"picked":"hexamod:SoulSteal","floor":25},{"not_picked":["hexamod:ThermalTransfer","hexamod:RecurringNightmare","hexamod:RainOfEmbers"],"picked":"SKIP","floor":29},{"not_picked":["hexamod:FastForward","hexamod:RainOfEmbers","hexamod:ShieldOfDarkness"],"picked":"SKIP","floor":31},{"not_picked":["hexamod:GhostOfSpirePast","hexamod:ThermalTransfer+1"],"picked":"hexamod:EtherealExpedition","floor":32}],"player_experience":226770,"relics_obtained":[{"floor":3,"key":"Bottled Lightning"},{"floor":6,"key":"MawBank"},{"floor":7,"key":"Gremlin Horn"},{"floor":9,"key":"Eternal Feather"},{"floor":24,"key":"hexamod:MatchstickCase"},{"floor":30,"key":"Pen Nib"},{"floor":30,"key":"WingedGreaves"}],"event_choices":[{"damage_healed":0,"gold_gain":0,"cards_transformed":["hexamod:Strike","hexamod:Defend"],"player_choice":"Became Test Subject","damage_taken":0,"max_hp_gain":0,"max_hp_loss":0,"event_name":"Drug Dealer","floor":20,"gold_loss":0,"cards_obtained":["hexamod:CatchUp","hexamod:FourthSeal"]},{"damage_healed":0,"gold_gain":0,"player_choice":"Simplicity","damage_taken":0,"max_hp_gain":0,"max_hp_loss":0,"event_name":"Back to Basics","floor":28,"gold_loss":0,"cards_upgraded":["hexamod:Strike","hexamod:Strike","hexamod:Strike","hexamod:Defend","hexamod:Defend","hexamod:Defend"]}],"is_beta":false,"boss_relics":[{"not_picked":["Pandora\u0027s Box","Ectoplasm"],"picked":"SacredBark"}],"items_purged_floors":[],"is_endless":false,"potions_floor_spawned":[4,8,9,13,14,15,16,21,32],"killed_by":"downfall:CharBossSilent","ascension_level":0}}