{"host":"5pvsezzv96u4cz40","time":1607809230,"event":{"mods":["Act Like it!","BaseMod","BetterRewards","CapriCore","Colored Map","Colored Powertips","GifTheSpireLib","Hubris","Menagerie","Minty Spire (QoL Compilation)","Remilia??????","Replay The Spire","Shop Mod","StSLib"],"gold_per_floor":[112,112,126,144,144,144,174,174,197,229,229,25,55,77,77,188,188,212,13,13,13,39,39,72,72,72,99,131,180,210,410,410,537,637,667,409,409,409,455,455,455,455,509,556,556,556,607,510,510,530,530],"floor_reached":50,"playtime":4173,"items_purged":[],"score":529,"play_id":"5422d70d-af37-456e-be1f-882781282d4c","local_time":"20201212224030","is_ascension_mode":false,"campfire_choices":[{"data":"Backstab","floor":6,"key":"SMITH"},{"data":"Masterful Stab","floor":8,"key":"SMITH"},{"data":"Strike_G+1","floor":11,"key":"SMITH"},{"data":"Catalyst","floor":15,"key":"SMITH"},{"data":"Strike_G+4","floor":23,"key":"SMITH"},{"floor":25,"key":"REST"},{"floor":32,"key":"REST"},{"data":"Strike_G+5","floor":40,"key":"SMITH"},{"data":"Strike_G+6","floor":46,"key":"SMITH"},{"data":"Strike_G+7","floor":49,"key":"SMITH"}],"circlet_count":0,"master_deck":["Strike_G+1","Strike_G+2","Strike_G+8","Strike_G+1","Defend_G+1","Defend_G+1","Defend_G+1","Defend_G+1","Defend_G+1","Survivor","Neutralize","Masterful Stab+1","Poisoned Stab","Backstab+1","Endless Agony","Bullet Time","Backflip","Deadly Poison","Catalyst+1","Slice","Phantasmal Killer","PiercingWail+1","Slice","Deadly Poison","Finisher","Outmaneuver","Blade Dance","Terror","After Image","Slice+1","Hidden Blade","Dagger Throw+1","Dagger Spray","Backstab+1"],"relics":["Ring of the Serpent","Replay:Bandana","Simple Rune","hubris:SlimyHat","MealTicket","Replay:Wanted Poster","Ninja Scroll","Oddly Smooth Stone"],"acts_visited":["Exordium","TheCity","TheBeyond"],"potions_floor_usage":[16,16,29,33,33,33,39,47,50,50],"damage_taken":[{"damage":0,"enemies":"Small Slimes","floor":1,"turns":5},{"damage":1,"enemies":"Jaw Worm","floor":3,"turns":3},{"damage":0,"enemies":"Cultist","floor":4,"turns":2},{"damage":0,"enemies":"Looter","floor":7,"turns":2},{"damage":2,"enemies":"Lots of Slimes","floor":10,"turns":3},{"damage":0,"enemies":"Blue Slaver","floor":13,"turns":1},{"damage":0,"enemies":"Looter","floor":14,"turns":1},{"damage":40,"enemies":"The Guardian","floor":16,"turns":12},{"damage":18,"enemies":"Spheric Guardian","floor":18,"turns":5},{"damage":13,"enemies":"2 Thieves","floor":22,"turns":4},{"damage":1,"enemies":"3 Cultists","floor":24,"turns":4},{"damage":8,"enemies":"Snecko","floor":27,"turns":4},{"damage":10,"enemies":"Cultist and Chosen","floor":28,"turns":4},{"damage":19,"enemies":"Slavers","floor":29,"turns":5},{"damage":2,"enemies":"Chosen and Byrds","floor":30,"turns":5},{"damage":16,"enemies":"hubris:MusketHawk","floor":33,"turns":6},{"damage":19,"enemies":"3 Shapes","floor":35,"turns":4},{"damage":7,"enemies":"Orb Walker","floor":39,"turns":2},{"damage":10,"enemies":"Maw","floor":44,"turns":7},{"damage":10,"enemies":"Transient","floor":47,"turns":5},{"damage":61,"enemies":"Replay:Hell Engine","floor":50,"turns":7}],"seed_played":"6042614734952385353","potions_obtained":[{"floor":3,"key":"Explosive Potion"},{"floor":7,"key":"Languid Potion"},{"floor":10,"key":"Weak Potion"},{"floor":16,"key":"Reflective Coating"},{"floor":30,"key":"DistilledChaos"},{"floor":35,"key":"Adrenaline Potion"},{"floor":44,"key":"GamblersBrew"}],"is_trial":false,"path_per_floor":["M","?","M","M","?","R","M","R","T","M","R","$","M","M","R","B",null,"M","$","?","?","M","R","M","R","T","M","M","E","M","?","R","B",null,"M","$","$","?","M","R","?","$","T","M","?","R","M","$","R_BF","B"],"character_chosen":"THE_SILENT","items_purchased":["hubris:SlimyHat","Deadly Poison","Slice","Deadly Poison","Poison Potion","Fire Potion","Ninja Scroll","Strength Potion","PowerPotion"],"campfire_rested":2,"item_purchase_floors":[12,12,19,19,19,19,36,48,48],"current_hp_per_floor":[70,70,69,69,69,69,69,69,69,67,67,67,67,67,67,27,70,52,52,52,52,39,39,38,59,59,51,41,22,20,20,41,25,70,51,66,70,70,63,63,63,66,66,56,56,56,46,61,61,0,0],"gold":530,"neow_bonus":"TRANSFORM_CARD","is_daily":false,"chose_seed":false,"campfire_upgraded":8,"win_rate":0.0,"timestamp":1607809230,"path_taken":["M","?","M","M","?","R","M","R","T","M","R","$","M","M","R","BOSS","M","$","?","?","M","R","M","R","T","M","?","E","M","?","R","BOSS","M","?","$","?","?","R","?","$","T","M","?","R","M","$","R_BF","BOSS"],"items_purchased_type":["Relic","Card","Card","Card","Potion","Potion","Relic","Potion","Potion"],"build_version":"2020-11-30","purchased_purges":0,"victory":false,"max_hp_per_floor":[70,70,70,70,70,70,70,70,70,70,70,70,70,70,70,70,70,70,70,70,70,70,70,70,70,70,70,70,70,70,70,70,70,70,70,70,70,70,70,70,66,66,66,66,66,66,66,66,66,66,66],"card_choices":[{"not_picked":["Dagger Spray","Predator"],"picked":"Poisoned Stab","floor":1},{"not_picked":["Acrobatics","Slice"],"picked":"Backstab","floor":3},{"not_picked":["Expertise","Hidden Blade"],"picked":"Endless Agony","floor":4},{"not_picked":["ReplayTheSpireMod:Tripwire","PiercingWail"],"picked":"Bullet Time","floor":7},{"not_picked":["ReplayTheSpireMod:Tripwire","Hidden Blade"],"picked":"Backflip","floor":10},{"not_picked":["Expertise","Poisoned Stab"],"picked":"Catalyst","floor":13},{"not_picked":["Dodge and Roll","Underhanded Strike"],"picked":"Slice","floor":14},{"not_picked":["A Thousand Cuts","Glass Knife"],"picked":"Phantasmal Killer","floor":16},{"not_picked":["Quick Slash","Dagger Spray"],"picked":"PiercingWail+1","floor":18},{"not_picked":["Sucker Punch","Hidden Blade"],"picked":"Choke","floor":22},{"not_picked":["Acrobatics+1","PiercingWail"],"picked":"Finisher","floor":24},{"not_picked":["Eviscerate","Dodge and Roll","Riddle With Holes"],"picked":"SKIP","floor":27},{"not_picked":["hubris:Sniper","Underhanded Strike"],"picked":"Outmaneuver","floor":28},{"not_picked":["Hidden Blade","Crippling Poison"],"picked":"Blade Dance","floor":29},{"not_picked":["Prepared","Escape Plan"],"picked":"Terror","floor":30},{"not_picked":["Adrenaline","Replay:Bag of Tricks"],"picked":"After Image","floor":33},{"not_picked":["Quick Slash","Dodge and Roll+1"],"picked":"Slice+1","floor":35},{"not_picked":["hubris:Counter","Sucker Punch"],"picked":"Dagger Throw+1","floor":39},{"not_picked":["Bane+1","Backflip"],"picked":"Dagger Spray","floor":44},{"not_picked":["Flying Knee","Dash","Night Terror"],"picked":"SKIP","floor":47}],"player_experience":57092,"relics_obtained":[{"floor":9,"key":"Simple Rune"},{"floor":29,"key":"MealTicket"},{"floor":43,"key":"Oddly Smooth Stone"}],"event_choices":[{"damage_healed":0,"gold_gain":0,"player_choice":"Ignored","damage_taken":0,"max_hp_gain":0,"max_hp_loss":0,"event_name":"Liars Game","floor":2,"gold_loss":0},{"damage_healed":0,"gold_gain":0,"player_choice":"Gave Potion","damage_taken":0,"relics_obtained":["Replay:Bandana"],"max_hp_gain":0,"max_hp_loss":0,"event_name":"WeMeetAgain","floor":5,"gold_loss":0},{"damage_healed":0,"gold_gain":0,"player_choice":"Simplicity","damage_taken":0,"max_hp_gain":0,"max_hp_loss":0,"event_name":"Back to Basics","floor":20,"gold_loss":0,"cards_upgraded":["Strike_G","Strike_G","Strike_G","Strike_G","Defend_G","Defend_G","Defend_G","Defend_G","Defend_G"]},{"damage_healed":0,"gold_gain":0,"player_choice":"Upgraded","damage_taken":0,"max_hp_gain":0,"max_hp_loss":0,"event_name":"Upgrade Shrine","floor":21,"gold_loss":0,"cards_upgraded":["Strike_G"]},{"damage_healed":0,"gold_gain":200,"player_choice":"Gold","damage_taken":0,"max_hp_gain":0,"max_hp_loss":0,"event_name":"Wheel of Change","floor":31,"gold_loss":0},{"damage_healed":0,"gold_gain":0,"cards_transformed":["Choke"],"player_choice":"Transformed","damage_taken":0,"max_hp_gain":0,"max_hp_loss":0,"event_name":"Transmorgrifier","floor":38,"gold_loss":0,"cards_obtained":["Hidden Blade"]},{"damage_healed":0,"gold_gain":0,"player_choice":"Max HP","damage_taken":0,"max_hp_gain":0,"max_hp_loss":4,"event_name":"Winding Halls","floor":41,"gold_loss":0},{"damage_healed":0,"gold_gain":0,"player_choice":"Copied","damage_taken":0,"max_hp_gain":0,"max_hp_loss":0,"event_name":"Duplicator","floor":45,"gold_loss":0,"cards_obtained":["Backstab"]}],"is_beta":false,"boss_relics":[{"not_picked":["Sozu","Kintsugi"],"picked":"Ring of the Serpent"},{"not_picked":["hubris:RunicObelisk","ChewingGum"],"picked":"Replay:Wanted Poster"}],"items_purged_floors":[],"is_endless":false,"potions_floor_spawned":[3,7,10,16,24,28,30,35,44],"killed_by":"Replay:Hell Engine","ascension_level":0}}