{"host":"jtxptf9isiqyc7jm","time":1607797762,"event":{"mods":["Act Like it!","BaseMod","Bestiary","BetterRewards","Colored Powertips","Custom Start","Downfall","Friendly Minions","Hermit","Hubris","Infinite Spire","Jorbs\u0027s Wanderer Trilogy","Kiyohime????","Koishi","Lobotomy","Marisa????????","Minty Spire (QoL Compilation)","Prisma Mod","Remilia??????","Replay The Spire","Shop Mod","StSLib","The Construct","The Cursed","The Disciple","The Hierophant","The Jungle","The Runesmith","The Senshi","The Servant 0.9.4"],"gold_per_floor":[429,465,467,467,337,337,391,619,679,830,1026,1052,1239,1040,1058,1519,1519,1768,1451,1851,1851,2262,1927,2289,2334,2688,2724,3091,3091,2873,2873,3228,3228,3540,3844,3844,3870,3947,3947,4419,4197,4197,4220,3934,3934,4447,4187,4187,4221],"floor_reached":51,"playtime":2694,"items_purged":["hierophant:Martyrdom","hierophant:FlamingChariot+1"],"score":1497,"play_id":"37dfb85d-2e3d-4d87-a956-aef402865588","local_time":"20201212182922","daily_mods":["Vintage","Heirloom","DeadlyEvents","Elite Swarm","Lethality","Midas"],"is_ascension_mode":false,"campfire_choices":[{"floor":6,"key":"REST"},{"floor":15,"key":"REST"},{"floor":28,"key":"REST"},{"floor":32,"key":"DIG"},{"floor":40,"key":"DIG"},{"floor":49,"key":"DIG"}],"circlet_count":0,"master_deck":["hierophant:Strike_Hierophant","hierophant:Strike_Hierophant","hierophant:Strike_Hierophant","hierophant:Punish+1","hierophant:Defend_Hierophant","hierophant:Defend_Hierophant","hierophant:Defend_Hierophant","hierophant:Defend_Hierophant","hierophant:ChurchCoffers","hierophant:ArchangelShield+1","hierophant:RustyCrate+1","hierophant:RustyCrate+1","hierophant:Doubloon+1","hierophant:Doubloon+1","hierophant:Doubloon+1","hierophant:Doubloon+1","hierophant:SolarFlare+1","hierophant:Kindle+1","hierophant:Martyrdom","hierophant:Cornucopia+1","Pot Of Greed","Pot Of Greed","hierophant:Kindle+1","hierophant:Doubloon","hierophant:Generosity+1","hierophant:Martyrdom+1","Pot Of Greed+1","hierophant:Doubloon","hierophant:CursedGold","hierophant:BulkyChest+1","Apotheosis+1","hierophant:CursedGold+1","hierophant:Doubloon+1","hierophant:RustyCrate+1","hierophant:Doubloon+1","hierophant:Doubloon+1","hierophant:Doubloon+1","hierophant:OrnateJavelin+1","hierophant:AuricForm+1","Pot Of Greed","hierophant:RustyCrate+1","hierophant:Doubloon+1","hierophant:Doubloon+1","hierophant:ArchangelShield+1","hierophant:OrnateJavelin+1","expansioncontent:Chronoboost+1","Poisoned Strike+1","Poisoned Strike+1","hierophant:Kindle+1","hierophant:DivineIntervention+1","hierophant:Doubloon","hierophant:Refuge","Pot Of Greed","hierophant:Smite+1","hierophant:Kindle+1","hierophant:Charity+1","hierophant:Doubloon+1","hierophant:Batter+1","hierophant:Endure","hierophant:SealAway","hierophant:Doubloon","hierophant:LocustPlague+1","hierophant:FaithHealing+1","hierophant:Endure+1","hierophant:DisplayOfPower+1","Pot Of Greed+1","hierophant:TollTheBells+1","hierophant:Doubloon+1","hierophant:RecallFunds+1","Panache+1","Replay:Sssssssssshield+1","hierophant:Cornucopia+1","hubris:DisguiseKitOption","Magnetism+1"],"relics":["hierophant:PropheticMaskRelic","replay:Trail_Library","ReplayTheSpireMod:Onyx Gauntlets","Burning Blood","Ice Cream","ReplayFunnel","Old Coin","hubris:SoftwareUpdate","Replay:WaspNest","Unceasing Top","Medical Kit","hubris:MedicalManual","Magic Flower","hubris:IronBody","Black Star","hubris:TenFootPole","hierophant:DonationBoxRelic","Mango","infinitespire:Midas Blood","hubris:MobiusCoin","hubris:Potato","Question Card","Quantum Egg","Simple Rune","Strange Spoon","StoneMask","StoneCalendar","Blue Doll","Tiny Chest","Torii","Boot","PreservedInsect","sneckomod:LoadedDie","Chemical X","Durian","Ginger","Golden Egg","King of Hearts","Juzu Bracelet","hermit:Horseshoe","ReplayTheSpireMod:Lightbulb","Lee\u0027s Waffle","Membership Card","Pear","Replay:Ringing Soul","infinitespire:ShieldingShard","Smiling Mask","Sling","hubris:Teleporter","infinitespire:Broken Mirror","Centennial Puzzle","MerchantsRug","BranchBurnRelic","CeramicFish","hubris:ToyBattleship","sneckomod:BlankCard","ScarletDevilRocket","Lantern","Mirror","Grinning Jar","War Paint","Ancient Tea Set","Dream Catcher","Runesmith:Locket","Akabeko","Blood Vial","Black Star","Strawberry","Runesmith:Nanobots","Orichalcum","Regal Pillow","infinitespire:FocusingShard","hubris:Zylophone","Anchor","Shovel","Bronze Scales","Whetstone","FossilizedHelix","Bag of Preparation","Gambling Chip","hubris:BundleOfHerbs","infinitespire:Lucky Rock","Replay:Bandana","Pen Nib","infinitespire:Beetle Shell","Bottled Flame","Runesmith:AutoHammer","sneckomod:SneckoTalon","infinitespire:BottledMercury","CaptainsWheel","hubris:TinFlute","Art of War","Garlic","infinitespire:Bottled Soul","infinitespire:EmpoweringShard","Molten Egg 2","Happy Flower","Orrery","hubris:MysteriousPyramids","theSenshi:SailorFukuRelic","Replay:Baseball","Vajra","hubris:Towel","hubris:FunFungus","Frozen Egg 2","hubris:DisguiseKit","hubris:SlimyHat","TungstenRod"],"acts_visited":["Exordium","TheCity","TheBeyond"],"potions_floor_usage":[],"damage_taken":[{"damage":0,"enemies":"2 Louse","floor":1,"turns":1},{"damage":0,"enemies":"Small Slimes","floor":2,"turns":2},{"damage":0,"enemies":"Lagavulin","floor":8,"turns":3},{"damage":0,"enemies":"3 Sentries","floor":10,"turns":3},{"damage":0,"enemies":"Gremlin Nob","floor":11,"turns":2},{"damage":0,"enemies":"Lagavulin","floor":13,"turns":2},{"damage":0,"enemies":"The Guardian","floor":16,"turns":4},{"damage":14,"enemies":"2 Thieves","floor":18,"turns":3},{"damage":5,"enemies":"3 Byrds","floor":20,"turns":3},{"damage":0,"enemies":"Gremlin Leader","floor":23,"turns":3},{"damage":0,"enemies":"Replay:Snechameleon","floor":25,"turns":1},{"damage":0,"enemies":"Book of Stabbing","floor":27,"turns":2},{"damage":6,"enemies":"Replay:Snechameleon","floor":29,"turns":3},{"damage":0,"enemies":"Champ","floor":33,"turns":3},{"damage":0,"enemies":"3 Shapes","floor":35,"turns":3},{"damage":0,"enemies":"Orb Walker","floor":36,"turns":1},{"damage":0,"enemies":"R_Hoarder","floor":41,"turns":2},{"damage":0,"enemies":"Reptomancer","floor":47,"turns":3},{"damage":0,"enemies":"infinitespire:MassOfShapes","floor":50,"turns":1}],"seed_played":"-1764146668439658715","potions_obtained":[{"floor":2,"key":"Block Potion"},{"floor":20,"key":"Fire Potion"},{"floor":33,"key":"FairyPotion"},{"floor":36,"key":"Milkshake"}],"is_trial":true,"path_per_floor":["M","M","?","?","$","R","T","E","T","E","E","T","E","$","R","B",null,"M","$","M","T","E","$","E","T","E","R","E","?","$","R","B",null,"M","M","?","T","?","R","E","$","T","T","$","?","E","$","R","B",null],"character_chosen":"HIEROPHANT","items_purchased":["hierophant:ArchangelShield","hierophant:RustyCrate","hierophant:SolarFlare+1","MerchantsRug","Akabeko","Blood Vial","hierophant:Martyrdom","Runesmith:Nanobots","Orichalcum","Apotheosis","hierophant:CursedGold","hierophant:RustyCrate","hierophant:Doubloon+1","hierophant:OrnateJavelin","Shovel","Bronze Scales","hierophant:RustyCrate","hierophant:ArchangelShield","hierophant:OrnateJavelin","expansioncontent:Chronoboost+1","Poisoned Strike","hierophant:Charity","infinitespire:Beetle Shell","Bottled Flame","Molten Egg 2","Happy Flower","Orrery","Replay:Baseball","Vajra","Panache+1","Replay:Sssssssssshield","hubris:DisguiseKit","hubris:SlimyHat","Magnetism+1"],"campfire_rested":3,"item_purchase_floors":[5,5,5,5,14,14,14,19,19,19,19,19,19,19,24,24,24,24,24,24,24,31,31,31,42,42,42,45,45,45,45,48,48,48],"current_hp_per_floor":[113,115,115,120,123,123,123,127,130,136,140,140,144,147,150,154,154,163,166,169,169,173,176,180,180,184,187,191,191,194,194,198,198,201,202,202,202,205,205,209,212,212,212,215,215,219,222,222,223],"gold":4221,"neow_bonus":"","is_daily":false,"chose_seed":false,"campfire_upgraded":0,"win_rate":0.0,"timestamp":1607797762,"path_taken":["M","M","?","?","?","R","?","E","T","E","?","?","E","$","R","BOSS","M","?","M","?","E","$","E","T","E","R","?","?","$","R","BOSS","M","M","?","?","?","R","?","?","T","?","$","?","E","$","R","BOSS"],"items_purchased_type":["Card","Card","Card","Relic","Relic","Relic","Card","Relic","Relic","Card","Card","Card","Card","Card","Relic","Relic","Card","Card","Card","Card","Card","Card","Relic","Relic","Relic","Relic","Relic","Relic","Relic","Card","Card","Relic","Relic","Card"],"build_version":"2020-11-30","purchased_purges":2,"victory":true,"max_hp_per_floor":[113,115,115,120,123,123,123,127,130,136,140,140,144,147,150,154,154,163,166,169,169,173,176,180,180,184,187,191,191,194,194,198,198,201,202,202,202,205,205,209,212,212,212,215,215,219,222,222,223],"card_choices":[{"not_picked":["hierophant:MintersHammer","hierophant:Invocation","hierophant:Batter"],"picked":"hierophant:Kindle","floor":8},{"not_picked":["hierophant:WrathOfGod","hierophant:AuricForm","hierophant:Kindle"],"picked":"hierophant:Cornucopia","floor":10},{"not_picked":["hierophant:DivineIntervention","hierophant:Anathema","hierophant:LocustPlague"],"picked":"hierophant:Kindle","floor":11},{"not_picked":["hierophant:Levitation","hierophant:Anathema","hierophant:DivineIntervention"],"picked":"hierophant:Generosity","floor":13},{"not_picked":["hierophant:Doubloon","hierophant:Encroach","hierophant:TollTheBells"],"picked":"hierophant:CursedGold","floor":15},{"not_picked":["hierophant:DeathKnell","hierophant:Invocation","hierophant:Batter"],"picked":"hierophant:BulkyChest","floor":16},{"not_picked":["hierophant:Anathema","hierophant:Levitation","hierophant:DeathKnell"],"picked":"hierophant:AuricForm","floor":23},{"not_picked":["hierophant:Batter","hierophant:MintersHammer","hierophant:DivineIntervention"],"picked":"hierophant:Kindle","floor":25},{"not_picked":["hierophant:MintersHammer","hierophant:Levitation","hierophant:DeathKnell"],"picked":"hierophant:DivineIntervention","floor":27},{"not_picked":["hierophant:Purify","hierophant:DisplayOfPower","hierophant:Doubloon"],"picked":"hierophant:Smite+1","floor":28},{"not_picked":["hierophant:WrathOfGod","hierophant:AuricForm","hierophant:Batter"],"picked":"hierophant:Kindle","floor":29},{"not_picked":["hierophant:Levitation","hierophant:AuricForm","hierophant:MintersHammer"],"picked":"hierophant:Batter","floor":33},{"not_picked":["hierophant:Batter","hierophant:Anathema","hierophant:Kindle"],"picked":"hierophant:LocustPlague","floor":41},{"not_picked":["hierophant:Upheaval+1","hierophant:Anathema+1","hierophant:RustyCrate"],"picked":"hierophant:FaithHealing","floor":42},{"not_picked":["hierophant:Doubloon","hierophant:Mercenaries+1","hierophant:Shelter"],"picked":"hierophant:Endure+1","floor":42},{"not_picked":["hierophant:DivineIntervention","hierophant:Racketeering","hierophant:Alms+1"],"picked":"hierophant:DisplayOfPower+1","floor":42},{"not_picked":["hierophant:Blessing+1","hierophant:HammerAndAnvil+1","hierophant:MirrorShield+1"],"picked":"hierophant:TollTheBells+1","floor":42},{"not_picked":["hierophant:HammerAndAnvil+1","hierophant:Racketeering+1","hierophant:DisplayOfPower+1"],"picked":"hierophant:RecallFunds","floor":42},{"not_picked":["hierophant:BulkyChest","hierophant:DivineIntervention","hierophant:Generosity+1"],"picked":"hierophant:Cornucopia","floor":47}],"player_experience":77092,"relics_obtained":[{"floor":1,"key":"infinitespire:Broken Mirror"},{"floor":2,"key":"Centennial Puzzle"},{"floor":7,"key":"CeramicFish"},{"floor":8,"key":"hubris:ToyBattleship"},{"floor":8,"key":"sneckomod:BlankCard"},{"floor":9,"key":"ScarletDevilRocket"},{"floor":10,"key":"Lantern"},{"floor":10,"key":"Mirror"},{"floor":11,"key":"Grinning Jar"},{"floor":11,"key":"War Paint"},{"floor":12,"key":"Ancient Tea Set"},{"floor":13,"key":"Dream Catcher"},{"floor":13,"key":"Runesmith:Locket"},{"floor":18,"key":"Strawberry"},{"floor":20,"key":"Regal Pillow"},{"floor":22,"key":"infinitespire:FocusingShard"},{"floor":23,"key":"hubris:Zylophone"},{"floor":23,"key":"Anchor"},{"floor":25,"key":"Whetstone"},{"floor":25,"key":"FossilizedHelix"},{"floor":26,"key":"Bag of Preparation"},{"floor":27,"key":"Gambling Chip"},{"floor":27,"key":"hubris:BundleOfHerbs"},{"floor":29,"key":"infinitespire:Lucky Rock"},{"floor":29,"key":"Replay:Bandana"},{"floor":32,"key":"Runesmith:AutoHammer"},{"floor":35,"key":"infinitespire:BottledMercury"},{"floor":36,"key":"CaptainsWheel"},{"floor":38,"key":"Art of War"},{"floor":40,"key":"Garlic"},{"floor":41,"key":"infinitespire:Bottled Soul"},{"floor":41,"key":"infinitespire:EmpoweringShard"},{"floor":43,"key":"hubris:MysteriousPyramids"},{"floor":44,"key":"theSenshi:SailorFukuRelic"},{"floor":47,"key":"hubris:FunFungus"},{"floor":47,"key":"Frozen Egg 2"},{"floor":49,"key":"TungstenRod"}],"event_choices":[{"cards_removed":["hierophant:Strike_Hierophant"],"damage_healed":0,"gold_gain":0,"player_choice":"Card Removal","damage_taken":7,"max_hp_gain":0,"max_hp_loss":0,"event_name":"Golden Wing","floor":3,"gold_loss":0},{"damage_healed":0,"gold_gain":0,"player_choice":"Donut","damage_taken":0,"max_hp_gain":5,"max_hp_loss":0,"event_name":"Big Fish","floor":4,"gold_loss":0},{"damage_healed":0,"gold_gain":0,"player_choice":"Gave Potion","damage_taken":0,"relics_obtained":["hubris:TinFlute"],"max_hp_gain":0,"max_hp_loss":0,"event_name":"WeMeetAgain","floor":37,"gold_loss":0},{"damage_healed":0,"gold_gain":0,"player_choice":"2 cards matched","damage_taken":0,"max_hp_gain":0,"max_hp_loss":0,"event_name":"Match and Keep!","floor":39,"gold_loss":0,"cards_obtained":["hierophant:SealAway","hierophant:Doubloon"]}],"is_beta":false,"boss_relics":[{"not_picked":["Coffee Dripper","Replay:Ancient Bell"],"picked":"Black Star"},{"not_picked":["Runic Pyramid","Astrolabe"],"picked":"sneckomod:SneckoTalon"}],"items_purged_floors":[14,45],"is_endless":false,"potions_floor_spawned":[2,20,33,36],"ascension_level":0}}