{"host":"lzoxnxg22umz6vcf","time":1607802951,"event":{"mods":["AchievementEnabler","Bard","BaseMod","Better Altar","Better Match","Better Sensory Stone","Better Skull","Better Third Choice","Downfall","Hermit","Lobotomy","LobotomyExtend","Marked Mod","Minty Spire (QoL Compilation)","Railgun Mod","Replay The Spire","Spicy Shops","StSLib","The Animator","The Poker Player","TheArtist"],"gold_per_floor":[110,110,110,110,129,163,163,176,176,190,207,207,220,290,387,387,387],"floor_reached":16,"playtime":3148,"items_purged":[],"score":102,"play_id":"b0a4e9a9-3ef4-47b6-b32d-44355d1eb351","local_time":"20201212215551","is_ascension_mode":false,"campfire_choices":[{"data":"Strike_R+1","floor":7,"key":"SMITH"},{"floor":12,"key":"RECALL"}],"circlet_count":0,"master_deck":["Strike_R","Strike_R","Strike_R+2","Strike_R","Strike_R","Defend_R+1","Defend_R","Defend_R","Defend_R","Bash","Scorched","Sword Boomerang","Delirium","Iron Wave","Pommel Strike","QueenOfHatred","Headbutt","Rage","Funeral"],"relics":["Burning Blood","CogitoBucket","LetterFromLob","ReplayTheSpireMod:Ring of Addiction","Toy Ornithopter","White Beast Statue","ReplayTheSpireMod:Ring of Exchange","Simple Rune","Orichalcum"],"acts_visited":["Exordium"],"potions_floor_usage":[6,6,10,13,16,16,16],"damage_taken":[{"damage":3,"enemies":"2 Louse","floor":1,"turns":3},{"damage":11,"enemies":"Jaw Worm","floor":5,"turns":3},{"damage":18,"enemies":"Replay:BlueRogue","floor":6,"turns":5},{"damage":0,"enemies":"Small Slimes","floor":8,"turns":2},{"damage":0,"enemies":"3 Louse","floor":10,"turns":1},{"damage":13,"enemies":"Gremlin Gang","floor":11,"turns":2},{"damage":19,"enemies":"2 Fungi Beasts","floor":13,"turns":3},{"damage":85,"enemies":"The Guardian","floor":16,"turns":13}],"seed_played":"8961453780609346071","potions_obtained":[{"floor":3,"key":"Toxic Potion"},{"floor":3,"key":"Slimebound:ThreeZeroPotion"},{"floor":3,"key":"Venom Potion"},{"floor":8,"key":"Explosive Potion"},{"floor":10,"key":"Languid Potion"},{"floor":11,"key":"Weak Potion"},{"floor":13,"key":"ElixirPotion"}],"is_trial":false,"path_per_floor":["M","?","?","?","M","E","R","M","T","M","M","R","M","?","R","B"],"character_chosen":"IRONCLAD","items_purchased":[],"campfire_rested":0,"item_purchase_floors":[],"current_hp_per_floor":[80,80,80,80,75,68,68,80,80,78,71,71,74,74,74,0,0],"gold":387,"neow_bonus":"","is_daily":false,"chose_seed":false,"campfire_upgraded":1,"win_rate":0.0,"timestamp":1607802951,"path_taken":["M","?","?","?","M","E","R","?","T","M","M","R","M","?","R","BOSS"],"items_purchased_type":[],"build_version":"2020-11-30","purchased_purges":0,"victory":false,"max_hp_per_floor":[80,80,80,80,80,80,80,80,80,78,78,78,78,78,78,78,78],"card_choices":[{"not_picked":["WallGazer","GalaxyChild"],"picked":"Scorched","floor":1},{"not_picked":["Cleave","Anger"],"picked":"Sword Boomerang","floor":1},{"not_picked":["ReplayTheSpireMod:LeadingStrike","Hemokinesis"],"picked":"Iron Wave","floor":5},{"not_picked":["Clash","ReplayTheSpireMod:LeadingStrike"],"picked":"Pommel Strike","floor":6},{"not_picked":["MHz","MeatLantern"],"picked":"QueenOfHatred","floor":6},{"not_picked":["True Grit","Warcry","Iron Wave"],"picked":"SKIP","floor":8},{"not_picked":["Massacre","Clash"],"picked":"Headbutt","floor":10},{"not_picked":["Burning Pact","Feel No Pain"],"picked":"Rage","floor":11},{"not_picked":["QueenBee","MeatLantern"],"picked":"Funeral","floor":13},{"not_picked":["Pommel Strike","ReplayTheSpireMod:Muscle Training","Cleave"],"picked":"SKIP","floor":13},{"not_picked":["Pommel Strike","ReplayTheSpireMod:Muscle Training","Cleave"],"picked":"SKIP","floor":13}],"player_experience":43645,"relics_obtained":[{"floor":1,"key":"LetterFromLob"},{"floor":3,"key":"ReplayTheSpireMod:Ring of Addiction"},{"floor":3,"key":"Toy Ornithopter"},{"floor":3,"key":"White Beast Statue"},{"floor":3,"key":"ReplayTheSpireMod:Ring of Exchange"},{"floor":6,"key":"Simple Rune"},{"floor":14,"key":"Orichalcum"}],"event_choices":[{"damage_healed":0,"gold_gain":0,"player_choice":"Ignored","damage_taken":0,"max_hp_gain":0,"max_hp_loss":0,"event_name":"Golden Wing","floor":4,"gold_loss":0}],"is_beta":false,"boss_relics":[],"items_purged_floors":[],"is_endless":false,"potions_floor_spawned":[5,8,10,11,13],"killed_by":"The Guardian","ascension_level":0}}