{"host":"og6lam4kt3nibbw0","time":1607802589,"event":{"mods":["AchievementEnabler","BaseMod","Colored Map","DeckTracker","Highlight Path","Keyboard Shortcuts","Minty Spire (QoL Compilation)","Permanent Neow","Quick Restart","StSLib","SuperFastMode"],"gold_per_floor":[12,24,44,44,64,64,75,75,75,75,100,100,113,38,38,111,111,127,137,37,37,37,37,87,87,133,8,20,20,20,40,40,114,114,126,137,189,189,209,237,237,272,272,272,122,139,152,177,177,177,177,177],"floor_reached":51,"playtime":4059,"items_purged":["Defend_G","Defend_G","Strike_G","Defend_G"],"score":1520,"play_id":"98be9423-45f9-4d7f-aa6e-a3076ba17d7e","local_time":"20201213044949","is_ascension_mode":true,"campfire_choices":[{"data":"Tactician","floor":6.0,"key":"SMITH"},{"data":"Acrobatics","floor":8.0,"key":"SMITH"},{"floor":10.0,"key":"REST"},{"floor":15.0,"key":"REST"},{"data":"Venomology","floor":23.0,"key":"SMITH"},{"data":"Backflip","floor":25.0,"key":"SMITH"},{"floor":30.0,"key":"REST"},{"data":"A Thousand Cuts","floor":32.0,"key":"SMITH"},{"data":"Adrenaline","floor":41.0,"key":"SMITH"},{"floor":44.0,"key":"REST"},{"data":"Blur","floor":49.0,"key":"SMITH"}],"circlet_count":0,"master_deck":["AscendersBane","Strike_G","Strike_G","Strike_G","Defend_G","Defend_G","Survivor","Neutralize","Bane","Deadly Poison","Backflip+1","Underhanded Strike","Grand Finale","Acrobatics+1","Tactician+1","Acrobatics","A Thousand Cuts+1","Prepared","Venomology+1","Unload","Calculated Gamble","Tactician+1","Adrenaline+1","PiercingWail","Blur+1","Escape Plan+1","Terror+1"],"relics":["Ring of the Snake","Prayer Wheel","InkBottle","Ornamental Fan","Runic Pyramid","Omamori","SlaversCollar","Ice Cream","Bronze Scales","Shuriken","Frozen Egg 2"],"acts_visited":["Exordium","TheCity","TheBeyond"],"potions_floor_usage":[],"damage_taken":[{"damage":1.0,"enemies":"Small Slimes","floor":1.0,"turns":3.0},{"damage":0.0,"enemies":"Jaw Worm","floor":2.0,"turns":5.0},{"damage":0.0,"enemies":"Cultist","floor":3.0,"turns":3.0},{"damage":31.0,"enemies":"Exordium Wildlife","floor":5.0,"turns":5.0},{"damage":0.0,"enemies":"Looter","floor":7.0,"turns":2.0},{"damage":17.0,"enemies":"3 Sentries","floor":11.0,"turns":3.0},{"damage":6.0,"enemies":"3 Louse","floor":13.0,"turns":5.0},{"damage":11.0,"enemies":"Hexaghost","floor":16.0,"turns":8.0},{"damage":16.0,"enemies":"Spheric Guardian","floor":18.0,"turns":4.0},{"damage":14.0,"enemies":"3 Byrds","floor":19.0,"turns":5.0},{"damage":0.0,"enemies":"Snake Plant","floor":28.0,"turns":2.0},{"damage":0.0,"enemies":"Snecko","floor":31.0,"turns":3.0},{"damage":0.0,"enemies":"Collector","floor":33.0,"turns":5.0},{"damage":0.0,"enemies":"Orb Walker","floor":35.0,"turns":2.0},{"damage":0.0,"enemies":"3 Darklings","floor":36.0,"turns":2.0},{"damage":0.0,"enemies":"2 Orb Walkers","floor":37.0,"turns":3.0},{"damage":0.0,"enemies":"Writhing Mass","floor":39.0,"turns":5.0},{"damage":8.0,"enemies":"Nemesis","floor":40.0,"turns":7.0},{"damage":32.0,"enemies":"Giant Head","floor":42.0,"turns":8.0},{"damage":0.0,"enemies":"Jaw Worm Horde","floor":46.0,"turns":4.0},{"damage":0.0,"enemies":"Sphere and 2 Shapes","floor":47.0,"turns":4.0},{"damage":0.0,"enemies":"Reptomancer","floor":48.0,"turns":3.0},{"damage":34.0,"enemies":"Donu and Deca","floor":50.0,"turns":7.0},{"damage":15,"enemies":"Time Eater","floor":51,"turns":2}],"seed_played":"3136716797554970705","potions_obtained":[{"floor":5.0,"key":"Energy Potion"},{"floor":7.0,"key":"GamblersBrew"},{"floor":13.0,"key":"DuplicationPotion"},{"floor":28.0,"key":"Weak Potion"},{"floor":40.0,"key":"GhostInAJar"},{"floor":46.0,"key":"Poison Potion"}],"is_trial":false,"path_per_floor":["M","M","M","?","M","R","M","R","T","R","E","?","M","$","R","B",null,"M","M","$","?","?","R","?","R","T","$","M","?","R","M","R","B",null,"M","M","?","?","M","E","R","E","T","R","$","M","M","E","R","B","B"],"character_chosen":"THE_SILENT","items_purchased":[],"campfire_rested":4,"item_purchase_floors":[],"current_hp_per_floor":[58,58,58,58,27,27,27,27,27,46,29,29,23,23,42,31,57,41,27,27,27,27,27,27,27,27,27,27,27,46,46,46,46,61,61,61,61,66,66,58,58,26,26,45,45,45,45,45,45,11,0,0],"gold":177,"neow_bonus":"ONE_RARE_RELIC","is_daily":false,"chose_seed":false,"campfire_upgraded":7,"win_rate":0.0,"timestamp":1607802589,"path_taken":["M","M","M","?","M","R","M","R","T","R","E","?","M","?","R","BOSS","M","M","$","?","?","R","?","R","T","$","?","?","R","M","R","BOSS","M","?","?","?","M","E","R","E","T","R","?","M","M","E","R","BOSS","BOSS"],"items_purchased_type":[],"build_version":"2020-11-30","purchased_purges":4,"victory":false,"max_hp_per_floor":[66,66,66,66,66,66,66,66,66,66,66,66,66,66,66,66,66,66,66,66,66,66,66,66,66,66,66,66,66,66,66,66,66,66,66,66,66,66,66,66,66,66,66,66,66,66,66,66,66,66,66,66],"card_choices":[{"not_picked":["Dagger Throw","Blade Dance"],"picked":"Bane","floor":1.0},{"not_picked":["Finisher","Riddle With Holes"],"picked":"Deadly Poison","floor":1.0},{"not_picked":["Bane","Blade Dance"],"picked":"Backflip","floor":2.0},{"not_picked":["Cloak And Dagger","Concentrate"],"picked":"Underhanded Strike","floor":2.0},{"not_picked":["Choke","Quick Slash"],"picked":"Grand Finale","floor":3.0},{"not_picked":["Poisoned Stab","Dagger Spray"],"picked":"Acrobatics","floor":3.0},{"not_picked":["Bane","Prepared"],"picked":"Tactician","floor":5.0},{"not_picked":["Noxious Fumes","Quick Slash","Cloak And Dagger"],"picked":"SKIP","floor":5.0},{"not_picked":["Concentrate","Flechettes"],"picked":"Acrobatics","floor":7.0},{"not_picked":["Blade Dance","Bane","Deflect"],"picked":"SKIP","floor":7.0},{"not_picked":["Dash","Catalyst"],"picked":"A Thousand Cuts","floor":11.0},{"not_picked":["Dagger Spray","Dagger Throw"],"picked":"Prepared","floor":13.0},{"not_picked":["Acrobatics","Dodge and Roll","Poisoned Stab"],"picked":"SKIP","floor":13.0},{"not_picked":["Malaise","Bullet Time"],"picked":"Venomology","floor":16.0},{"not_picked":["Dagger Spray","Blade Dance+1","PiercingWail"],"picked":"SKIP","floor":18.0},{"not_picked":["Dagger Spray","Deflect","Caltrops"],"picked":"SKIP","floor":18.0},{"not_picked":["Poisoned Stab","Cloak And Dagger"],"picked":"Unload","floor":19.0},{"not_picked":["Deflect","Poisoned Stab","Blade Dance"],"picked":"SKIP","floor":19.0},{"not_picked":["All Out Attack+1","Heel Hook"],"picked":"Calculated Gamble","floor":28.0},{"not_picked":["Cloak And Dagger","Skewer","Deflect"],"picked":"SKIP","floor":28.0},{"not_picked":["Deadly Poison","Bane+1","Endless Agony"],"picked":"SKIP","floor":31.0},{"not_picked":["Underhanded Strike","Poisoned Stab","Flying Knee+1"],"picked":"SKIP","floor":31.0},{"not_picked":["Bullet Time","Tools of the Trade"],"picked":"Adrenaline","floor":33.0},{"not_picked":["Riddle With Holes+1","Acrobatics","Backflip"],"picked":"SKIP","floor":35.0},{"not_picked":["Choke+1","Flying Knee+1","Slice"],"picked":"SKIP","floor":35.0},{"not_picked":["All Out Attack","Dodge and Roll"],"picked":"PiercingWail","floor":36.0},{"not_picked":["Noxious Fumes+1","Bullet Time","Concentrate"],"picked":"SKIP","floor":36.0},{"not_picked":["Tactician+1","PiercingWail"],"picked":"Blur","floor":39.0},{"not_picked":["Distraction","Quick Slash","Choke"],"picked":"SKIP","floor":39.0},{"not_picked":["Storm of Steel","Slice"],"picked":"Escape Plan+1","floor":40.0},{"not_picked":["Catalyst","PiercingWail"],"picked":"Terror+1","floor":42.0},{"not_picked":["Acrobatics","Outmaneuver","Dagger Spray"],"picked":"SKIP","floor":46.0},{"not_picked":["PiercingWail","Cloak And Dagger","Dagger Spray"],"picked":"SKIP","floor":46.0},{"not_picked":["Bouncing Flask","Blur","Glass Knife"],"picked":"SKIP","floor":47.0},{"not_picked":["Terror","Deadly Poison","Blade Dance"],"picked":"SKIP","floor":47.0},{"not_picked":["Riddle With Holes+1","Dagger Throw+1","Deflect+1"],"picked":"SKIP","floor":48.0}],"player_experience":734850,"relics_obtained":[{"floor":9.0,"key":"InkBottle"},{"floor":11.0,"key":"Ornamental Fan"},{"floor":26.0,"key":"Omamori"},{"floor":37.0,"key":"Ice Cream"},{"floor":40.0,"key":"Bronze Scales"},{"floor":42.0,"key":"Shuriken"},{"floor":48.0,"key":"Frozen Egg 2"}],"event_choices":[{"damage_healed":0.0,"max_hp_gain":0.0,"max_hp_loss":0.0,"gold_gain":0.0,"event_name":"The Cleric","player_choice":"Leave","floor":4.0,"gold_loss":0.0,"damage_taken":0.0},{"cards_removed":["Strike_G"],"damage_healed":0.0,"max_hp_gain":0.0,"max_hp_loss":0.0,"gold_gain":0.0,"event_name":"Living Wall","player_choice":"Forget","floor":12.0,"gold_loss":0.0,"damage_taken":0.0},{"damage_healed":0.0,"max_hp_gain":0.0,"max_hp_loss":0.0,"gold_gain":0.0,"event_name":"Ghosts","player_choice":"Ignored","floor":21.0,"gold_loss":0.0,"damage_taken":0.0},{"damage_healed":0.0,"max_hp_gain":0.0,"max_hp_loss":0.0,"gold_gain":50.0,"event_name":"Nest","player_choice":"Stole From Cult","floor":24.0,"gold_loss":0.0,"damage_taken":0.0},{"damage_healed":0.0,"max_hp_gain":0.0,"max_hp_loss":0.0,"gold_gain":0.0,"event_name":"Duplicator","player_choice":"Copied","floor":29.0,"gold_loss":0.0,"damage_taken":0.0,"cards_obtained":["Tactician"]},{"damage_healed":0.0,"max_hp_gain":0.0,"max_hp_loss":0.0,"gold_gain":0.0,"event_name":"Mysterious Sphere","player_choice":"Fight","floor":37.0,"gold_loss":0.0,"damage_taken":0.0},{"damage_healed":13.0,"max_hp_gain":0.0,"max_hp_loss":0.0,"gold_gain":0.0,"event_name":"Winding Halls","player_choice":"Writhe","floor":38.0,"gold_loss":0.0,"damage_taken":0.0,"cards_obtained":["Writhe"]}],"is_beta":false,"boss_relics":[{"not_picked":["Calling Bell","Coffee Dripper"],"picked":"Runic Pyramid"},{"not_picked":["Pandora\u0027s Box","Runic Dome"],"picked":"SlaversCollar"}],"items_purged_floors":[14,20,27,45],"is_endless":false,"potions_floor_spawned":[5,7,13,28,33,36,40,46],"killed_by":"Time Eater","ascension_level":20}}