{"host":"hfvpa4llnnjpeawn","time":1607802869,"event":{"mods":["2.2 Compatiblity","Act Like it!","BaseMod","Better Skull","Better Third Choice","BetterRewards","CapriCore","Conspire","Downfall","Elementarium","Hermit","Hubris","Koishi","Lobotomy","Mad Scientist","Minty Spire (QoL Compilation)","Replay The Spire","Shade Mod","Somnambulant","StSLib","The Bladedancer","The Factory","The Jungle","Waifu the Spire"],"gold_per_floor":[118,137,137,137,152,152,186,186,212,231,231,243,274,274,274,370,370,381,397,174,174,174,174,174],"floor_reached":23,"playtime":1330,"items_purged":["blademaster:WrongfulFootwork"],"score":224,"play_id":"3f6d6936-29a4-4b3c-9755-20a318d3a963","local_time":"20201212145429","is_ascension_mode":false,"campfire_choices":[{"data":"blademaster:Cut","floor":6,"key":"SMITH"},{"floor":8,"key":"REST"},{"data":"blademaster:BloodyBlow","floor":11,"key":"SMITH"},{"data":"blademaster:DancingEdge","floor":15,"key":"SMITH"}],"circlet_count":0,"master_deck":["blademaster:Strike","blademaster:Strike","blademaster:Strike","blademaster:Strike","blademaster:Defend","blademaster:Defend","blademaster:Defend","blademaster:Defend","blademaster:RagingBlow","blademaster:HighVoltage","blademaster:Empower","blademaster:Vortex","blademaster:Cut+1","blademaster:OneTrickPony","blademaster:BloodyBlow+1","blademaster:Stability","blademaster:DancingEdge+1","hermit:RoundhouseKick","CurseOfTheBell","Melter+1","hubris:NaturalOne"],"relics":["blademaster:DancersAmulet","hubris:Towel","hubris:Icosahedron","Bronze Scales","ReplayTheSpireMod:TigerMarble","Kunai","PrismaticShard","Calling Bell","Regal Pillow","Meat on the Bone","StoneCalendar","Happy Flower","hubris:BottledHeart","Blood Vial"],"acts_visited":["Exordium","TheCity"],"potions_floor_usage":[7,12,13,18],"damage_taken":[{"damage":1,"enemies":"Jaw Worm","floor":1,"turns":3},{"damage":2,"enemies":"2 Louse","floor":2,"turns":2},{"damage":0,"enemies":"Small Slimes","floor":5,"turns":2},{"damage":26,"enemies":"3 Sentries","floor":7,"turns":8},{"damage":0,"enemies":"2 Fungi Beasts","floor":10,"turns":2},{"damage":0,"enemies":"Blue Slaver","floor":12,"turns":2},{"damage":0,"enemies":"Lagavulin","floor":13,"turns":3},{"damage":7,"enemies":"Slime Boss","floor":16,"turns":8},{"damage":2,"enemies":"3 Byrds","floor":18,"turns":3},{"damage":0,"enemies":"Spheric Guardian","floor":19,"turns":1},{"damage":2,"enemies":"Gremlin Leader","floor":23,"turns":3}],"seed_played":"-30859572184824752","potions_obtained":[{"floor":5,"key":"Languid Potion"},{"floor":10,"key":"Block Potion"},{"floor":16,"key":"SkillPotion"},{"floor":19,"key":"Ancient Potion"}],"is_trial":false,"path_per_floor":["M","M","?","?","M","R","E","R","T","M","R","M","E","?","R","B",null,"M","M","$","?","?","E"],"character_chosen":"THE_BLADEMASTER","items_purchased":["Happy Flower"],"campfire_rested":1,"item_purchase_floors":[20],"current_hp_per_floor":[67,65,65,65,65,65,39,59,59,59,59,59,59,59,59,52,68,66,66,66,1,1,0,0],"gold":174,"neow_bonus":"THREE_RARE_CARDS","is_daily":false,"chose_seed":false,"campfire_upgraded":3,"win_rate":0.0,"timestamp":1607802869,"path_taken":["M","M","?","?","M","R","E","R","T","M","R","M","E","?","R","BOSS","M","M","$","?","?","E"],"items_purchased_type":["Relic"],"build_version":"2020-11-30","purchased_purges":1,"victory":false,"max_hp_per_floor":[68,68,68,68,68,68,68,68,68,68,68,68,68,68,68,68,68,68,68,68,1,1,1,1],"card_choices":[{"not_picked":["blademaster:ThreePointStrike","blademaster:LightningDraw"],"picked":"blademaster:Empower","floor":0},{"not_picked":["blademaster:DragonStrike","blademaster:Flurry"],"picked":"blademaster:Vortex","floor":1},{"not_picked":["blademaster:BrainBloom","blademaster:Quickstep"],"picked":"blademaster:Cut","floor":2},{"not_picked":["blademaster:Flurry","blademaster:CombatPrep"],"picked":"blademaster:OneTrickPony","floor":5},{"not_picked":["blademaster:Stormstrike","blademaster:Thrust","blademaster:StanceMastery"],"picked":"SKIP","floor":7},{"not_picked":["blademaster:DaggerAndCloak","blademaster:AwakeningDefend"],"picked":"blademaster:BloodyBlow","floor":10},{"not_picked":["blademaster:LightningDraw","blademaster:Thrust"],"picked":"blademaster:Stability","floor":12},{"not_picked":["blademaster:IcyWind","blademaster:Reversal"],"picked":"blademaster:DancingEdge","floor":13},{"not_picked":["Slimebound:MinionMaster","Thunder Strike"],"picked":"hermit:RoundhouseKick","floor":16},{"not_picked":["Havoc","hermit:EyeOfTheStorm"],"picked":"Melter+1","floor":18},{"not_picked":["EmptyBody","Compile Driver","MadScienceMod:Browse"],"picked":"SKIP","floor":19}],"player_experience":172530,"relics_obtained":[{"floor":7,"key":"Bronze Scales"},{"floor":7,"key":"blademaster:FinisherDrawCardPerk"},{"floor":9,"key":"ReplayTheSpireMod:TigerMarble"},{"floor":13,"key":"Kunai"},{"floor":13,"key":"blademaster:BleedingMoreDamagePerk"},{"floor":17,"key":"Regal Pillow"},{"floor":17,"key":"Meat on the Bone"},{"floor":17,"key":"StoneCalendar"}],"event_choices":[],"is_beta":false,"boss_relics":[{"not_picked":["Coffee Dripper","Snecko Eye"],"picked":"Calling Bell"}],"items_purged_floors":[20],"is_endless":false,"potions_floor_spawned":[5,10,16,19],"killed_by":"Gremlin Leader","ascension_level":0}}