{"host":"apvnte8t1esriuig","time":1607807116,"event":{"mods":["2.2 Compatiblity","AchievementEnabler","BaseMod","Infinite Spire","Minty Spire (QoL Compilation)","Rare Cards Sparkle","StSLib"],"gold_per_floor":[159,159,159,159,119,119,119,212,239,323,115,115,115,205,205,421,421,481,517,556,616,250,250,331,373,373,163,244,331,331,381,381,600,600,630,669,67,162,162,276,324,432,432,480,480,179,25,67,67,67,67],"floor_reached":52,"playtime":2048,"items_purged":["Wraith Form v2","Redo","Hologram"],"score":2114,"play_id":"db9ca655-931c-439a-9462-98b63ed161b5","local_time":"20201212220516","daily_mods":["Draft","Vintage","Colorless Cards","Heirloom","Time Dilation","Flight","DeadlyEvents","Elite Swarm","Midas"],"is_ascension_mode":true,"campfire_choices":[{"floor":6,"key":"REST"},{"floor":7,"key":"REST"},{"floor":12,"key":"REST"},{"floor":13,"key":"REST"},{"floor":15,"key":"REST"},{"floor":23,"key":"REST"},{"floor":32,"key":"REST"},{"floor":45,"key":"REST"},{"floor":49,"key":"REST"}],"circlet_count":0,"master_deck":["Demon Form","Echo Form","DevaForm","AscendersBane","Ball Lightning","Loop","Sweeping Beam","Cold Snap+1","Go for the Eyes","Sweeping Beam+1","Storm+1","Conserve Battery","Conserve Battery","Genetic Algorithm","White Noise","Beam Cell+1","Conserve Battery+1","infinitespire:Collect","Self Repair","Buffer","Buffer","White Noise","Bandage Up+1","Magnetism","Storm","Cold Snap+1","Buffer","Echo Form","Defragment","Conserve Battery+1"],"relics":["Cracked Core","FossilizedHelix","Dead Branch","Bottled Lightning","Smiling Mask","infinitespire:EmpoweringShard","Dream Catcher","War Paint","Centennial Puzzle","Meat on the Bone","Letter Opener","Lantern","infinitespire:Magic Flask","Bronze Scales","Shuriken","Toxic Egg 2","Lee\u0027s Waffle","Pantograph","Regal Pillow","Matryoshka","Fusion Hammer","Black Star","Gremlin Horn","infinitespire:PuzzleCube","infinitespire:ShieldingShard","CeramicFish","Chemical X","CaptainsWheel","Sundial","Pocketwatch","Potion Belt","Orichalcum","Lizard Tail","Omamori","Akabeko","StoneCalendar","Vajra","Blood Vial","Orrery","Whetstone"],"acts_visited":["Exordium","TheCity","TheBeyond"],"potions_floor_usage":[24,42,42,50],"damage_taken":[{"damage":7,"enemies":"2 Louse","floor":1,"turns":3},{"damage":20,"enemies":"Lagavulin","floor":8,"turns":5},{"damage":22,"enemies":"3 Sentries","floor":10,"turns":6},{"damage":24,"enemies":"Gremlin Nob","floor":14,"turns":4},{"damage":16,"enemies":"Hexaghost","floor":16,"turns":7},{"damage":0,"enemies":"Chosen","floor":18,"turns":4},{"damage":16,"enemies":"Shell Parasite","floor":19,"turns":4},{"damage":8,"enemies":"Cultist and Chosen","floor":20,"turns":4},{"damage":29,"enemies":"3 Cultists","floor":21,"turns":4},{"damage":49,"enemies":"Book of Stabbing","floor":24,"turns":5},{"damage":0,"enemies":"Centurion and Healer","floor":25,"turns":4},{"damage":0,"enemies":"Gremlin Leader","floor":28,"turns":6},{"damage":21,"enemies":"Slavers","floor":29,"turns":3},{"damage":33,"enemies":"Champ","floor":33,"turns":7},{"damage":0,"enemies":"Orb Walker","floor":35,"turns":2},{"damage":11,"enemies":"3 Shapes","floor":36,"turns":3},{"damage":0,"enemies":"Mind Bloom Boss Battle","floor":38,"turns":6},{"damage":0,"enemies":"Nemesis","floor":40,"turns":5},{"damage":0,"enemies":"Transient","floor":41,"turns":6},{"damage":66,"enemies":"Reptomancer","floor":42,"turns":4},{"damage":0,"enemies":"Maw","floor":44,"turns":5},{"damage":18,"enemies":"4 Shapes","floor":48,"turns":3},{"damage":77,"enemies":"Awakened One","floor":50,"turns":7},{"damage":27,"enemies":"infinitespire:MassOfShapes","floor":51,"turns":6}],"seed_played":"5485144891011391829","potions_obtained":[{"floor":4,"key":"infinitespire:BlackPotion"},{"floor":4,"key":"AttackPotion"},{"floor":19,"key":"Regen Potion"},{"floor":24,"key":"CultistPotion"},{"floor":33,"key":"PotionOfCapacity"},{"floor":44,"key":"Explosive Potion"}],"is_trial":true,"path_per_floor":["M","?","?","?","$","R","R","E","T","E","$","R","R","E","R","B",null,"M","M","M","M","$","R","E","M","T","$","E","E","AVR","?","R","B",null,"M","M","$","?","AVR","E","M","E","T","M","R","$","$","M","R","B","B",null],"character_chosen":"DEFECT","items_purchased":["Self Repair","Dream Catcher","Storm","infinitespire:Magic Flask","Lee\u0027s Waffle","infinitespire:ShieldingShard","CeramicFish","Chemical X","Defragment","Blood Vial","Orrery"],"campfire_rested":9,"item_purchase_floors":[5,11,22,22,27,37,37,37,46,46,47],"current_hp_per_floor":[57,36,19,19,19,40,61,48,48,33,33,54,71,61,71,71,71,71,67,70,56,56,71,46,59,59,78,78,70,70,70,78,52,72,72,74,74,78,78,78,78,34,34,47,78,78,78,73,78,19,44],"gold":67,"neow_bonus":"","is_daily":false,"chose_seed":false,"campfire_upgraded":0,"win_rate":0.0,"timestamp":1607807116,"path_taken":["M","?","?","?","$","R","R","E","T","?","$","R","R","E","R","BOSS","M","M","M","M","$","R","E","M","T","$","E","E","AVR","?","R","BOSS","M","?","$","?","AVR","E","M","E","T","M","R","?","$","?","R","BOSS","BOSS"],"items_purchased_type":["Card","Relic","Card","Relic","Relic","Relic","Relic","Relic","Card","Relic","Relic"],"build_version":"2020-11-30","purchased_purges":3,"victory":true,"max_hp_per_floor":[71,71,71,71,71,71,71,71,71,71,71,71,71,71,71,71,71,71,71,71,71,71,71,71,71,71,78,78,78,78,78,78,78,78,78,78,78,78,78,78,78,78,78,78,78,78,78,78,78,78,78],"card_choices":[{"not_picked":["Cold Snap","Conserve Battery"],"picked":"Ball Lightning","floor":0},{"not_picked":["Coolheaded","Turbo"],"picked":"Loop","floor":0},{"not_picked":["Steam","Fusion"],"picked":"Sweeping Beam","floor":0},{"not_picked":["Streamline","Rebound"],"picked":"Cold Snap","floor":0},{"not_picked":["Steam","Stack"],"picked":"Go for the Eyes","floor":0},{"not_picked":["Barrage","Hologram"],"picked":"Redo","floor":0},{"not_picked":["Rebound","Leap"],"picked":"Sweeping Beam","floor":0},{"not_picked":["Conserve Battery","Ball Lightning"],"picked":"Storm","floor":0},{"not_picked":["Leap","Forethought"],"picked":"Hologram","floor":0},{"not_picked":["Deep Breath","Steam"],"picked":"Conserve Battery","floor":0},{"not_picked":["Redo","Stack"],"picked":"Conserve Battery","floor":0},{"not_picked":["Turbo","Leap"],"picked":"Genetic Algorithm","floor":0},{"not_picked":["PanicButton","Self Repair"],"picked":"White Noise","floor":0},{"not_picked":["Streamline","Compile Driver"],"picked":"Beam Cell","floor":0},{"not_picked":["Gash","Cold Snap"],"picked":"Conserve Battery","floor":0},{"not_picked":["infinitespire:SealOfDarkness+","infinitespire:Execution"],"picked":"infinitespire:Collect","floor":3},{"not_picked":["Secret Weapon","Secret Technique"],"picked":"Buffer","floor":8},{"not_picked":["Magnetism","Fission"],"picked":"Buffer","floor":10},{"not_picked":["Conserve Battery","Streamline"],"picked":"White Noise","floor":12},{"not_picked":["Fusion","Cold Snap"],"picked":"Bandage Up","floor":13},{"not_picked":["Sadistic Nature","All For One"],"picked":"Magnetism","floor":14},{"not_picked":["Master of Strategy","Biased Cognition","Amplify"],"picked":"SKIP","floor":24},{"not_picked":["Thunder Strike","Seek+1","Metamorphosis+1"],"picked":"SKIP","floor":28},{"not_picked":["The Bomb+1","Biased Cognition","Apotheosis+1"],"picked":"SKIP","floor":29},{"not_picked":["Go for the Eyes","Gash+1"],"picked":"Cold Snap+1","floor":32},{"not_picked":["Panache","Echo Form"],"picked":"Buffer","floor":40},{"not_picked":["Panache","Hyperbeam"],"picked":"Echo Form","floor":42},{"not_picked":["Streamline","Gash"],"picked":"Conserve Battery+1","floor":47}],"player_experience":304923,"relics_obtained":[{"floor":1,"key":"Dead Branch"},{"floor":8,"key":"Bottled Lightning"},{"floor":9,"key":"Smiling Mask"},{"floor":10,"key":"infinitespire:EmpoweringShard"},{"floor":14,"key":"War Paint"},{"floor":18,"key":"Centennial Puzzle"},{"floor":19,"key":"Meat on the Bone"},{"floor":20,"key":"Letter Opener"},{"floor":21,"key":"Lantern"},{"floor":24,"key":"Bronze Scales"},{"floor":25,"key":"Shuriken"},{"floor":26,"key":"Toxic Egg 2"},{"floor":28,"key":"Pantograph"},{"floor":29,"key":"Regal Pillow"},{"floor":35,"key":"Gremlin Horn"},{"floor":36,"key":"infinitespire:PuzzleCube"},{"floor":38,"key":"CaptainsWheel"},{"floor":40,"key":"Pocketwatch"},{"floor":40,"key":"Potion Belt"},{"floor":41,"key":"Orichalcum"},{"floor":42,"key":"Lizard Tail"},{"floor":42,"key":"Omamori"},{"floor":43,"key":"Akabeko"},{"floor":43,"key":"StoneCalendar"},{"floor":44,"key":"Vajra"},{"floor":48,"key":"Whetstone"}],"event_choices":[{"damage_healed":0,"gold_gain":0,"player_choice":"Entered Light","damage_taken":21,"max_hp_gain":0,"max_hp_loss":0,"event_name":"Shining Light","floor":2,"gold_loss":0,"cards_upgraded":["Storm","Beam Cell"]},{"damage_healed":0,"gold_gain":0,"player_choice":"Got Potions","damage_taken":0,"max_hp_gain":0,"max_hp_loss":0,"event_name":"Lab","floor":4,"gold_loss":0},{"damage_healed":0,"gold_gain":100,"player_choice":"Bet on Murderer","damage_taken":0,"max_hp_gain":0,"max_hp_loss":0,"event_name":"The Joust","floor":31,"gold_loss":50},{"damage_healed":0,"gold_gain":0,"player_choice":"Fight","damage_taken":0,"max_hp_gain":0,"max_hp_loss":0,"event_name":"MindBloom","floor":38,"gold_loss":0}],"is_beta":false,"boss_relics":[{"not_picked":["FrozenCore","Velvet Choker","Busted Crown"]},{"not_picked":["Runic Dome","Snecko Eye"],"picked":"Black Star"}],"items_purged_floors":[11,27,46],"is_endless":false,"potions_floor_spawned":[8,19,21,24,33,35,38,44],"ascension_level":20}}