{"host":"iuz15hczu39z2x63","time":1607794644,"event":{"mods":["Act Like it!","BaseMod","Gensokyo","Minty Spire (QoL Compilation)","Remilia£®¿Ÿ√◊¿Ú—«£©","StSLib"],"gold_per_floor":[20,20,32,42,42,42,70,82,108,160,185,196,214,231,231,335,335,345,345,358,358,238,238,238,271,271,271,311,159,194,214,214,214,214],"floor_reached":33,"playtime":1697,"items_purged":["Strike_RM"],"score":544,"play_id":"2f8f79b2-b498-4f1f-89a4-e5d4ac53815b","local_time":"20201213013724","is_ascension_mode":true,"campfire_choices":[{"data":"RedMoon","floor":6,"key":"SMITH"},{"data":"HeartBreak","floor":15,"key":"SMITH"},{"data":"Night Terror","floor":24,"key":"SMITH"},{"data":"BloodyMagicSquare","floor":27,"key":"SMITH"},{"data":"BloodyMagicSquare","floor":32,"key":"SMITH"}],"circlet_count":0,"master_deck":["AscendersBane","Strike_RM","Defend_RM","Defend_RM","Defend_RM","RedMoon+1","ScarletShoot","VampireSweep","ForecastOfChange","Ultimatum","ReincarnationDial","HeartBreak+1","VampireSweep","NightDance","CurseOfVladTepes","UltimateOffering","FavorOfDestiny","Gensokyo:AllTheWorldsEvil","Night Terror+1","ChaoticDestiny","BloodyMagicSquare+1","RedMagic","BloodyMagicSquare+1","BadLadyScramble"],"relics":["ScarletHat","Thread and Needle","Dream Catcher","Bag of Marbles","Pen Nib","Runic Dome","Gensokyo:SpiderMask","Tiny Chest","Shovel","Mercury Hourglass"],"acts_visited":["Gensokyo:Gensokyo","Gensokyo:Gensokyoer"],"potions_floor_usage":[12,25,33],"damage_taken":[{"damage":2,"enemies":"Gensokyo:2_Kodama","floor":1,"turns":4},{"damage":0,"enemies":"Gensokyo:Python","floor":3,"turns":5},{"damage":0,"enemies":"Gensokyo:3_Fairies","floor":4,"turns":11},{"damage":1,"enemies":"Gensokyo:Aya","floor":7,"turns":5},{"damage":4,"enemies":"Gensokyo:LivingMonolith","floor":8,"turns":5},{"damage":2,"enemies":"Gensokyo:Cirno","floor":11,"turns":6},{"damage":2,"enemies":"Gensokyo:5_Fairies","floor":12,"turns":8},{"damage":3,"enemies":"Gensokyo:VengefulSpirit","floor":13,"turns":7},{"damage":0,"enemies":"Gensokyo:Kitsune","floor":14,"turns":1},{"damage":0,"enemies":"Gensokyo:Kokoro","floor":16,"turns":11},{"damage":0,"enemies":"Gensokyo:CosmicMonolith","floor":18,"turns":6},{"damage":34,"enemies":"Gensokyo:AngelMirror","floor":20,"turns":2},{"damage":6,"enemies":"Gensokyo:Reisen","floor":25,"turns":7},{"damage":20,"enemies":"Gensokyo:Wraith","floor":28,"turns":5},{"damage":8,"enemies":"Gensokyo:Tenshi","floor":30,"turns":2},{"damage":7,"enemies":"Gensokyo:Slime_Group","floor":31,"turns":4},{"damage":60,"enemies":"Gensokyo:Eternal_Rivals","floor":33,"turns":6}],"seed_played":"-6602125878492393165","potions_obtained":[{"floor":7,"key":"Dexterity Potion"},{"floor":8,"key":"BlessingOfTheForge"},{"floor":11,"key":"AttackPotion"},{"floor":12,"key":"Strength Potion"},{"floor":25,"key":"DistilledChaos"}],"is_trial":false,"path_per_floor":["M","?","M","M","?","R","E","M","T","T","E","M","M","M","R","B",null,"M","?","M","?","?","?","R","E","T","R","M","$","E","M","R","B"],"character_chosen":"REMILIA","items_purchased":["BloodyMagicSquare"],"campfire_rested":0,"item_purchase_floors":[29],"current_hp_per_floor":[66,36,36,38,38,38,38,34,34,34,32,34,31,32,32,46,68,71,71,37,37,37,30,30,32,32,32,16,16,13,7,7,0,0],"gold":214,"neow_bonus":"ONE_RARE_RELIC","is_daily":false,"chose_seed":false,"campfire_upgraded":5,"win_rate":0.0,"timestamp":1607794644,"path_taken":["M","?","?","M","?","R","E","?","T","?","E","M","M","M","R","BOSS","M","?","M","?","?","?","R","E","T","R","M","$","E","M","R","BOSS"],"items_purchased_type":["Card"],"build_version":"2020-11-30","purchased_purges":1,"victory":false,"max_hp_per_floor":[75,75,75,75,75,75,75,75,75,75,75,75,75,75,75,75,75,75,75,75,75,75,75,75,75,75,75,75,75,75,75,75,75,75],"card_choices":[{"not_picked":["BloodHunter","UnderTheZenith","ScarletGensokyo"],"picked":"SKIP","floor":1},{"not_picked":["BadLadyScramble","ScarletDevil"],"picked":"VampireSweep","floor":3},{"not_picked":["RedRainbow","VampireKiss"],"picked":"ForecastOfChange","floor":4},{"not_picked":["BloodHunter","TwelveNightmare"],"picked":"Ultimatum","floor":7},{"not_picked":["EndlessAdversity","ScarletImprint","BlasphemousPunishment"],"picked":"SKIP","floor":8},{"not_picked":["EndlessAdversity","Stigmanizer","DiffusionOfMisfortune"],"picked":"SKIP","floor":8},{"not_picked":["MastersStateliness","UnstableMagic"],"picked":"ReincarnationDial","floor":11},{"not_picked":["UnderTheZenith","NightDance"],"picked":"HeartBreak","floor":12},{"not_picked":["BlasphemousPunishment","ScarletGensokyo"],"picked":"VampireSweep","floor":13},{"not_picked":["Stigmanizer","LeisurelyOfLord"],"picked":"NightDance","floor":13},{"not_picked":["BloodHunter","ChainGang","BlasphemousPunishment"],"picked":"SKIP","floor":14},{"not_picked":["TricksterDevil","BloodyCatastrophe"],"picked":"CurseOfVladTepes","floor":16},{"not_picked":["DiffusionOfMisfortune+1","FavorOfDestiny"],"picked":"UltimateOffering","floor":18},{"not_picked":["NightDance","ReincarnationDial","EndlessAdversity"],"picked":"SKIP","floor":18},{"not_picked":["EndlessAdversity","MastersStateliness"],"picked":"FavorOfDestiny","floor":20},{"not_picked":["AfternoonTea","DevilSight"],"picked":"ChaoticDestiny","floor":25},{"not_picked":["RedNightlessCastle+1","ScarletNetherworld"],"picked":"BloodyMagicSquare","floor":25},{"not_picked":["ScarletSymphony","ScarletImprint+1"],"picked":"RedMagic","floor":28},{"not_picked":["SuperhumanBloodyKnife","BloodAndWine"],"picked":"BadLadyScramble","floor":30},{"not_picked":["ScarletDevil","ScarletNetherworld","TwelveNightmare"],"picked":"SKIP","floor":30},{"not_picked":["EndlessAdversity","DiffusionOfMisfortune","BloodHunter"],"picked":"SKIP","floor":31},{"not_picked":["UnderTheZenith","BlasphemousPunishment+1","FavorOfDestiny"],"picked":"SKIP","floor":31}],"player_experience":690208,"relics_obtained":[{"floor":7,"key":"Dream Catcher"},{"floor":10,"key":"Bag of Marbles"},{"floor":11,"key":"Pen Nib"},{"floor":25,"key":"Tiny Chest"},{"floor":26,"key":"Shovel"},{"floor":30,"key":"Mercury Hourglass"}],"event_choices":[],"is_beta":false,"boss_relics":[{"not_picked":["APieceOfRedMist","Cursed Key"],"picked":"Runic Dome"}],"items_purged_floors":[29],"is_endless":false,"potions_floor_spawned":[7,8,11,12,13,18,20],"killed_by":"Gensokyo:Eternal_Rivals","ascension_level":11}}