{"host":"njruw0b0uprlitpx","time":1607752398,"event":{"mods":["2.2 Compatiblity","AchievementEnabler","Aspiration","Bartender","BaseMod","Block Reminder","Colored Map","Colored Powertips","Jedi Mod","Keyboard Shortcuts","Minty Spire (QoL Compilation)","Replay The Spire","Spicy Shops","StSLib","SuperFastMode"],"gold_per_floor":[119,119,119,131,146,172,172,201,201,231,3,3,22,38,38,140,140,152,152,152,171,190,190,190,203,203,234,234,244,273,292,292,292,292,307,307,322,337,27,27,59,69,69,94,109,109,124,136,136,136],"floor_reached":51,"playtime":7298,"items_purged":[],"score":861,"play_id":"4d834117-6111-496c-9772-f886df174262","local_time":"20201211235318","is_ascension_mode":false,"campfire_choices":[{"floor":7.0,"key":"REST"},{"floor":15.0,"key":"REST"},{"data":"ConjureBlade","floor":24.0,"key":"SMITH"},{"data":"Scrawl","floor":28.0,"key":"SMITH"},{"data":"Crescendo","floor":32.0,"key":"SMITH"},{"data":"Fasting2","floor":40,"key":"SMITH"},{"data":"Malaise","floor":49,"key":"SMITH"}],"circlet_count":0,"master_deck":["Strike_P+1","Strike_P","Strike_P+1","Defend_P","Defend_P","Eruption","Vigilance","EmptyFist","Crescendo+1","TalkToTheHand","Replay:Cycle","Replay:Hum","WindmillStrike","Wallop","FlyingSleeves","Scrawl+1","SashWhip","JustLucky","ConjureBlade+1","Fasting2+1","RitualDagger","BowlingBash","EmptyFist","ForeignInfluence+1","CutThroughFate","Protect","Wallop","WheelKick","ClearTheMind+1","Atom Bomb","Survivor","Malaise+1","Tantrum","DevaForm+1","Blasphemy+1","SashWhip+1","Ragnarok","jedi:nirvanicrebirth+1","Protect+1"],"relics":["PureWater","aspiration:Nostalgia","Ring of the Snake","Onion Ring","Bag of Preparation","Dream Catcher","ReplayFunnel","Odd Mushroom","PreservedInsect","Divine Protection","ReplayTheSpireMod:DimensionalGlitch","NlothsMask","Mummified Hand","Gremlin Horn","Runic Pyramid","jedi:gremlinknob","Toxic Egg 2","jedi:matchstick","Calipers"],"acts_visited":["Exordium","TheCity","TheBeyond"],"potions_floor_usage":[38,42,50,50,50],"damage_taken":[{"damage":0.0,"enemies":"Small Slimes","floor":1.0,"turns":3.0},{"damage":0.0,"enemies":"2 Louse","floor":4.0,"turns":2.0},{"damage":0.0,"enemies":"Cultist","floor":5.0,"turns":2.0},{"damage":10.0,"enemies":"Lagavulin","floor":6.0,"turns":5.0},{"damage":19.0,"enemies":"3 Sentries","floor":8.0,"turns":4.0},{"damage":18.0,"enemies":"The Mushroom Lair","floor":10.0,"turns":3.0},{"damage":0.0,"enemies":"2 Fungi Beasts","floor":13.0,"turns":2.0},{"damage":0.0,"enemies":"Blue Slaver","floor":14.0,"turns":2.0},{"damage":11.0,"enemies":"The Guardian","floor":16.0,"turns":6.0},{"damage":0.0,"enemies":"Chosen","floor":18.0,"turns":3.0},{"damage":0.0,"enemies":"3 Byrds","floor":21.0,"turns":3.0},{"damage":0.0,"enemies":"3 Cultists","floor":22.0,"turns":2.0},{"damage":0.0,"enemies":"Sentry and Sphere","floor":25.0,"turns":2.0},{"damage":0.0,"enemies":"Gremlin Leader","floor":27.0,"turns":1.0},{"damage":0.0,"enemies":"Cultist and Chosen","floor":29.0,"turns":2.0},{"damage":0.0,"enemies":"Replay:Snechameleon","floor":30.0,"turns":2.0},{"damage":0.0,"enemies":"Chosen and Byrds","floor":31.0,"turns":3.0},{"damage":28.0,"enemies":"Champ","floor":33.0,"turns":9.0},{"damage":0,"enemies":"3 Darklings","floor":35,"turns":2},{"damage":7,"enemies":"3 Shapes","floor":37,"turns":1},{"damage":0,"enemies":"Sphere and 2 Shapes","floor":38,"turns":1},{"damage":0,"enemies":"Giant Head","floor":41,"turns":3},{"damage":1,"enemies":"Writhing Mass","floor":42,"turns":4},{"damage":0,"enemies":"Nemesis","floor":44,"turns":1},{"damage":0,"enemies":"Spire Growth","floor":45,"turns":1},{"damage":0,"enemies":"Jaw Worm Horde","floor":47,"turns":1},{"damage":0,"enemies":"3 Darklings","floor":48,"turns":1},{"damage":63,"enemies":"Donu and Deca","floor":50,"turns":6}],"seed_played":"-6241361413978586022","potions_obtained":[{"floor":8.0,"key":"SkillPotion"},{"floor":10.0,"key":"Energy Potion"},{"floor":13.0,"key":"jedi:wingpotion"},{"floor":16.0,"key":"Adrenaline Potion"},{"floor":21.0,"key":"Elixir"},{"floor":22.0,"key":"BottledMiracle"},{"floor":27.0,"key":"Block Potion"},{"floor":29.0,"key":"Toxic Potion"},{"floor":37,"key":"ColorlessPotion"},{"floor":38,"key":"jedi:tentaclejuice"},{"floor":41,"key":"Adrenaline Potion"},{"floor":42,"key":"Reflective Coating"},{"floor":48,"key":"LiquidBronze"}],"is_trial":false,"path_per_floor":["M","?","?","M","M","E","R","E","T","?","$","T","M","M","R","B",null,"M","?","?","M","M","?","R","M","T","E","R","M","E","M","R","B",null,"M","?","M","M","$","R","E","M","T","E","M","?","M","M","R","B",null],"character_chosen":"WATCHER","items_purchased":["Wallop","PreservedInsect","FlyingSleeves","jedi:gremlinknob"],"campfire_rested":2,"item_purchase_floors":[11,11,11,39],"current_hp_per_floor":[72,60,46,46,46,36,57,38,38,20,20,20,20,20,41,30,72,72,66,66,66,66,66,66,66,66,66,66,66,66,66,66,38,72,72,72,65,65,65,65,65,64,64,64,64,64,64,64,64,1],"gold":136,"neow_bonus":"NOSTALGIA","is_daily":false,"chose_seed":false,"campfire_upgraded":5,"win_rate":0.0,"timestamp":1607752398,"path_taken":["M","?","?","M","M","E","R","E","T","?","$","?","?","M","R","BOSS","M","?","?","M","?","?","R","M","T","E","R","M","E","M","R","BOSS","M","?","M","M","$","R","E","M","T","E","M","?","?","M","R","BOSS"],"items_purchased_type":["Card","Relic","Card","Relic"],"build_version":"2020-11-30","purchased_purges":0,"victory":true,"max_hp_per_floor":[72,72,72,72,72,72,72,72,72,72,72,72,72,72,72,72,72,72,72,72,72,72,72,72,72,72,72,72,72,72,72,72,72,72,72,72,72,72,72,72,72,72,72,72,72,72,72,72,72,72],"card_choices":[{"not_picked":["Halt","FlyingSleeves"],"picked":"EmptyFist","floor":1.0},{"not_picked":["Replay:AtTheReady","DeceiveReality"],"picked":"Crescendo","floor":4.0},{"not_picked":["ClearTheMind","CutThroughFate"],"picked":"TalkToTheHand","floor":5.0},{"not_picked":["Consecrate","Replay:DivineShield"],"picked":"Replay:Cycle","floor":6.0},{"not_picked":["Evaluate","Wireheading"],"picked":"Replay:Hum","floor":8.0},{"not_picked":["Crescendo","Replay:AtTheReady"],"picked":"WindmillStrike","floor":10.0},{"not_picked":["Conclude","SashWhip"],"picked":"Scrawl","floor":13.0},{"not_picked":["Replay:BluntJabs","ThirdEye"],"picked":"SashWhip","floor":14.0},{"not_picked":["WreathOfFlame","WindmillStrike"],"picked":"JustLucky","floor":15.0},{"not_picked":["Replay:AllIn","MasterReality"],"picked":"ConjureBlade","floor":16.0},{"not_picked":["Halt","Consecrate"],"picked":"Fasting2","floor":18.0},{"not_picked":["WaveOfTheHand","Evaluate+1"],"picked":"BowlingBash","floor":21.0},{"not_picked":["Prostrate","PathToVictory+1"],"picked":"EmptyFist","floor":22.0},{"not_picked":["Wireheading+1","LessonLearned"],"picked":"ForeignInfluence+1","floor":25.0},{"not_picked":["WindmillStrike","JustLucky"],"picked":"CutThroughFate","floor":27.0},{"not_picked":["EmptyFist","Halt"],"picked":"Protect","floor":29.0},{"not_picked":["Sanctity","CutThroughFate+1"],"picked":"Wallop","floor":30.0},{"not_picked":["SignatureMove","CarveReality"],"picked":"WheelKick","floor":31.0},{"not_picked":["Consecrate","SashWhip+1"],"picked":"ClearTheMind+1","floor":35},{"not_picked":["Worship","BowlingBash+1"],"picked":"Tantrum","floor":37},{"not_picked":["ReachHeaven+1","WheelKick+1","Replay:Hum+1"],"picked":"SKIP","floor":38},{"not_picked":["PathToVictory+1","Crescendo+1","CutThroughFate"],"picked":"SKIP","floor":41},{"not_picked":["FlurryOfBlows","Collect+1"],"picked":"Blasphemy+1","floor":42},{"not_picked":["JustLucky+1","Vengeance+1","Replay:AtTheReady+1"],"picked":"SKIP","floor":44},{"not_picked":["FlyingSleeves+1","EmptyBody+1"],"picked":"SashWhip+1","floor":45},{"not_picked":["Replay:ManipulateFuture+1","Consecrate+1"],"picked":"jedi:nirvanicrebirth+1","floor":47},{"not_picked":["Evaluate+1","PathToVictory+1"],"picked":"Protect+1","floor":48}],"player_experience":994887,"relics_obtained":[{"floor":6.0,"key":"Bag of Preparation"},{"floor":8.0,"key":"Dream Catcher"},{"floor":9.0,"key":"ReplayFunnel"},{"floor":10.0,"key":"Odd Mushroom"},{"floor":12.0,"key":"Divine Protection"},{"floor":27.0,"key":"Mummified Hand"},{"floor":30.0,"key":"Gremlin Horn"},{"floor":41,"key":"Toxic Egg 2"},{"floor":43,"key":"jedi:matchstick"},{"floor":44,"key":"Calipers"}],"event_choices":[{"damage_healed":0.0,"max_hp_gain":0.0,"max_hp_loss":0.0,"gold_gain":0.0,"event_name":"Scrap Ooze","player_choice":"Success","floor":2.0,"gold_loss":0.0,"damage_taken":12.0,"relics_obtained":["Onion Ring"]},{"damage_healed":0.0,"max_hp_gain":0.0,"max_hp_loss":0.0,"gold_gain":0.0,"event_name":"Shining Light","player_choice":"Entered Light","floor":3.0,"gold_loss":0.0,"damage_taken":14.0,"cards_upgraded":["Strike_P","Strike_P"]},{"damage_healed":0.0,"max_hp_gain":0.0,"max_hp_loss":0.0,"gold_gain":0.0,"event_name":"Mushrooms","player_choice":"Fought Mushrooms","floor":10.0,"gold_loss":0.0,"damage_taken":0.0},{"damage_healed":0.0,"max_hp_gain":0.0,"max_hp_loss":0.0,"gold_gain":0.0,"event_name":"Nest","player_choice":"Joined the Cult","floor":19.0,"gold_loss":0.0,"damage_taken":6.0,"cards_obtained":["RitualDagger"]},{"damage_healed":0.0,"max_hp_gain":0.0,"max_hp_loss":0.0,"gold_gain":0.0,"event_name":"FaceTrader","player_choice":"Trade","floor":20.0,"gold_loss":0.0,"damage_taken":0.0,"relics_obtained":["NlothsMask"]},{"damage_healed":0.0,"max_hp_gain":0.0,"max_hp_loss":0.0,"gold_gain":0.0,"event_name":"Ghosts","player_choice":"Ignored","floor":23.0,"gold_loss":0.0,"damage_taken":0.0},{"damage_healed":0,"gold_gain":0,"player_choice":"1 cards matched","damage_taken":0,"max_hp_gain":0,"max_hp_loss":0,"event_name":"Match and Keep!","floor":46,"gold_loss":0,"cards_obtained":["Ragnarok"]}],"is_beta":false,"boss_relics":[{"not_picked":["Kintsugi","SacredBark"],"picked":"ReplayTheSpireMod:DimensionalGlitch"},{"not_picked":["Pandora\u0027s Box","jedi:battlestandard"],"picked":"Runic Pyramid"}],"items_purged_floors":[],"is_endless":false,"potions_floor_spawned":[8,10,13,16,21,22,27,29,37,38,41,42,48],"ascension_level":0}}