{"host":"naykp6d9ulahlwib","time":1607739873,"event":{"mods":["BaseMod","Highlight Path","Minty Spire (QoL Compilation)","StSLib"],"gold_per_floor":[118,118,118,143,168,168,21,54,77,93,114,114,32,107,107,228,228,251,172,190,190,190,234,234,253,253,273,15,15,36,72,72,195,195,211,183,207,207,207,207,232,232,256,299,10,46,46,62,62,62],"floor_reached":51,"playtime":6484,"items_purged":["Redo","Shame"],"score":1429,"play_id":"577bed96-bb0e-4bb1-97bf-381a2ea77db4","local_time":"20201211202433","daily_mods":["SealedDeck","Heirloom"],"is_ascension_mode":true,"campfire_choices":[{"data":"Capacitor","floor":6.0,"key":"SMITH"},{"data":"Defragment","floor":12.0,"key":"SMITH"},{"data":"Buffer","floor":15.0,"key":"SMITH"},{"data":"Blizzard","floor":24.0,"key":"SMITH"},{"data":"Barrage","floor":29.0,"key":"SMITH"},{"data":"Seek","floor":32.0,"key":"SMITH"},{"data":"Amplify","floor":40.0,"key":"SMITH"},{"data":"1","floor":42.0,"key":"LIFT"},{"data":"2","floor":47.0,"key":"LIFT"},{"floor":49.0,"key":"REST"}],"circlet_count":0,"master_deck":["Double Energy","Barrage+1","Coolheaded","Blizzard+1","Double Energy","Leap","Coolheaded","Cold Snap+1","Capacitor+1","Self Repair","Defragment+1","Capacitor","Buffer+1","Amplify+1","Redo+1","Defragment+1","Seek+1","Seek","Barrage+1"],"relics":["Cracked Core","Calipers","Golden Idol","Membership Card","Bronze Scales","Vajra","SlaversCollar","Frozen Eye","Symbiotic Virus","Girya","The Courier","DollysMirror","Mummified Hand","Lantern","Mango","Cursed Key","Whetstone","Incense Burner","Happy Flower","Strawberry","OrangePellets","Pen Nib","Blue Candle"],"acts_visited":["Exordium","TheCity","TheBeyond"],"potions_floor_usage":[50,50],"damage_taken":[{"damage":0.0,"enemies":"2 Louse","floor":1.0,"turns":3.0},{"damage":1.0,"enemies":"Jaw Worm","floor":4.0,"turns":4.0},{"damage":0.0,"enemies":"Cultist","floor":5.0,"turns":4.0},{"damage":0.0,"enemies":"Lagavulin","floor":8.0,"turns":7.0},{"damage":2.0,"enemies":"Looter","floor":10.0,"turns":3.0},{"damage":5.0,"enemies":"Large Slime","floor":11.0,"turns":5.0},{"damage":0.0,"enemies":"The Guardian","floor":16.0,"turns":9.0},{"damage":0.0,"enemies":"Chosen","floor":18.0,"turns":6.0},{"damage":6.0,"enemies":"Spheric Guardian","floor":20.0,"turns":6.0},{"damage":6.0,"enemies":"Slavers","floor":23.0,"turns":8.0},{"damage":18.0,"enemies":"Chosen and Byrds","floor":25.0,"turns":6.0},{"damage":0.0,"enemies":"Centurion and Healer","floor":27.0,"turns":6.0},{"damage":0.0,"enemies":"Snecko","floor":30.0,"turns":5.0},{"damage":10.0,"enemies":"Book of Stabbing","floor":31.0,"turns":5.0},{"damage":0.0,"enemies":"Champ","floor":33.0,"turns":9.0},{"damage":0.0,"enemies":"3 Shapes","floor":35.0,"turns":4.0},{"damage":0.0,"enemies":"Orb Walker","floor":37.0,"turns":3.0},{"damage":7.0,"enemies":"Jaw Worm Horde","floor":41.0,"turns":4.0},{"damage":42.0,"enemies":"Reptomancer","floor":44.0,"turns":5.0},{"damage":0.0,"enemies":"Giant Head","floor":46.0,"turns":6.0},{"damage":0.0,"enemies":"Spire Growth","floor":48.0,"turns":5.0},{"damage":0,"enemies":"Awakened One","floor":50,"turns":21}],"seed_played":"4647461935293912660","potions_obtained":[{"floor":1.0,"key":"FocusPotion"},{"floor":4.0,"key":"DistilledChaos"},{"floor":8.0,"key":"Swift Potion"},{"floor":10.0,"key":"SkillPotion"},{"floor":11.0,"key":"DuplicationPotion"},{"floor":20.0,"key":"PowerPotion"},{"floor":25.0,"key":"FearPotion"},{"floor":27.0,"key":"SpeedPotion"},{"floor":31.0,"key":"Swift Potion"},{"floor":35.0,"key":"Dexterity Potion"},{"floor":44.0,"key":"DistilledChaos"}],"is_trial":true,"path_per_floor":["M","?","?","M","M","R","$","E","T","M","M","R","$","?","R","B",null,"M","$","M","?","T","E","R","M","T","M","$","R","M","E","R","B",null,"M","$","M","$","?","R","M","R","T","E","$","E","R","M","R","B",null],"character_chosen":"DEFECT","items_purchased":["Membership Card","Buffer","Frozen Eye","DollysMirror","Mummified Hand","Lantern","Seek","Happy Flower","Strawberry","OrangePellets","Pen Nib"],"campfire_rested":1,"item_purchase_floors":[7,13,19,28,28,28,36,45,45,45,45],"current_hp_per_floor":[68,50,55,54,61,61,61,68,68,66,68,68,68,57,57,64,76,80,80,80,80,80,80,80,76,76,80,80,80,80,91,91,94,94,94,94,94,94,94,94,94,94,94,52,59,73,73,80,101,101],"gold":62,"neow_bonus":"","is_daily":false,"chose_seed":false,"campfire_upgraded":7,"win_rate":0.0,"timestamp":1607739873,"path_taken":["M","?","?","M","M","R","$","E","T","?","M","R","$","?","R","BOSS","M","$","M","?","?","E","R","?","T","M","$","R","M","E","R","BOSS","M","$","M","$","?","R","M","R","T","E","$","E","R","M","R","BOSS"],"items_purchased_type":["Relic","Card","Relic","Relic","Relic","Relic","Card","Relic","Relic","Relic","Relic"],"build_version":"2020-11-30","purchased_purges":2,"victory":true,"max_hp_per_floor":[75,75,80,80,80,80,80,80,80,80,80,80,80,80,80,80,80,80,80,80,80,80,80,80,80,80,80,80,80,80,94,94,94,94,94,94,94,94,94,94,94,94,94,94,101,101,101,101,101,101],"card_choices":[{"not_picked":["Streamline","Gash","Turbo"],"picked":"SKIP","floor":1.0},{"not_picked":["Leap","Doom and Gloom"],"picked":"Self Repair","floor":4.0},{"not_picked":["Undo","Steam Power","Darkness"],"picked":"SKIP","floor":5.0},{"not_picked":["Coolheaded","Cold Snap"],"picked":"Defragment","floor":8.0},{"not_picked":["Rebound","Go for the Eyes","Auto Shields"],"picked":"SKIP","floor":10.0},{"not_picked":["Storm","Lockon"],"picked":"Capacitor","floor":11.0},{"not_picked":["Seek","Biased Cognition"],"picked":"Amplify","floor":16.0},{"not_picked":["Aggregate","Redo","Sweeping Beam"],"picked":"SKIP","floor":18.0},{"not_picked":["Ball Lightning","Scrape","Storm"],"picked":"SKIP","floor":20.0},{"not_picked":["Rebound+1","Static Discharge+1","Aggregate"],"picked":"SKIP","floor":23.0},{"not_picked":["Coolheaded","Ball Lightning"],"picked":"Redo+1","floor":25.0},{"not_picked":["Sweeping Beam+1","Streamline+1","Gash"],"picked":"SKIP","floor":27.0},{"not_picked":["Loop","Heatsinks+1","Auto Shields"],"picked":"SKIP","floor":30.0},{"not_picked":["Sunder","Storm+1"],"picked":"Seek","floor":31.0},{"not_picked":["Beam Cell","Gash+1","Cold Snap"],"picked":"SKIP","floor":35.0},{"not_picked":["Auto Shields","Stack+1","Sweeping Beam+1"],"picked":"SKIP","floor":37.0},{"not_picked":["Streamline+1","Genetic Algorithm+1","Darkness+1"],"picked":"SKIP","floor":41.0},{"not_picked":["Seek","Cold Snap"],"picked":"Barrage+1","floor":44.0},{"not_picked":["Cold Snap","Stack","Melter"],"picked":"SKIP","floor":46.0},{"not_picked":["Amplify","Coolheaded+1","Sunder+1"],"picked":"SKIP","floor":48.0}],"player_experience":689353,"relics_obtained":[{"floor":8.0,"key":"Bronze Scales"},{"floor":9.0,"key":"Vajra"},{"floor":22.0,"key":"Symbiotic Virus"},{"floor":23.0,"key":"Girya"},{"floor":26.0,"key":"The Courier"},{"floor":31.0,"key":"Mango"},{"floor":43.0,"key":"Whetstone"},{"floor":44.0,"key":"Incense Burner"},{"floor":46.0,"key":"Blue Candle"}],"event_choices":[{"damage_healed":0.0,"max_hp_gain":0.0,"max_hp_loss":0.0,"gold_gain":0.0,"event_name":"Golden Idol","player_choice":"Take Damage","floor":2.0,"gold_loss":0.0,"damage_taken":18.0,"relics_obtained":["Golden Idol"]},{"damage_healed":0.0,"max_hp_gain":5.0,"max_hp_loss":0.0,"gold_gain":0.0,"event_name":"Big Fish","player_choice":"Donut","floor":3.0,"gold_loss":0.0,"damage_taken":0.0},{"damage_healed":0.0,"max_hp_gain":0.0,"max_hp_loss":0.0,"gold_gain":75.0,"event_name":"World of Goop","player_choice":"Gather Gold","floor":14.0,"gold_loss":0.0,"damage_taken":11.0},{"damage_healed":0.0,"max_hp_gain":0.0,"max_hp_loss":0.0,"gold_gain":0.0,"event_name":"Ghosts","player_choice":"Ignored","floor":21.0,"gold_loss":0.0,"damage_taken":0.0},{"damage_healed":0.0,"max_hp_gain":0.0,"max_hp_loss":0.0,"gold_gain":0.0,"event_name":"Tomb of Lord Red Mask","player_choice":"Ignored","floor":39.0,"gold_loss":0.0,"damage_taken":0.0}],"is_beta":false,"boss_relics":[{"not_picked":["Empty Cage","Philosopher\u0027s Stone"],"picked":"SlaversCollar"},{"not_picked":["Inserter","Runic Dome"],"picked":"Cursed Key"}],"items_purged_floors":[28,45],"is_endless":false,"potions_floor_spawned":[1,4,8,10,11,20,25,27,31,35,44],"ascension_level":9}}