{"host":"1rf9pknejqhzkc4o","time":1607806067,"event":{"mods":["Aspiration","BaseMod","Better Altar","Better Match","Better Note","Better Sensory Stone","Better Skull","Better Third Choice","Colored Map","Colored Powertips","Communication Mod","Conspire","Energized Spire","Hubris","Ironclad Rager","Minty Spire (QoL Compilation)","Quick Restart","RNG Fix","Rare Cards Sparkle","Relic Stats","Replay The Spire","Retaliation","Spicy Shops","StSLib","The Blue Laboratory","Trackpad"],"gold_per_floor":[144,213,258,41,86,86,131,197,272,272,317,362,407,407,407,707,707,752,752,602,602,647,647,692,692,692,692,692,737,87,132,132,132,132],"floor_reached":33,"playtime":1475,"items_purged":[],"score":264,"play_id":"0b60d152-fb2c-4fa4-bb22-e926188d8e16","local_time":"20201212234747","daily_mods":["Chimera","ControlledChaos","Midas"],"is_ascension_mode":false,"campfire_choices":[{"floor":6,"key":"REST"},{"floor":10,"key":"REST"},{"floor":15,"key":"REST"},{"floor":23,"key":"REST"},{"floor":25,"key":"REST"},{"floor":27,"key":"REST"},{"floor":32,"key":"REST"}],"circlet_count":0,"master_deck":["Bash","Survivor","Zap","Eruption","Strike_R+1","Strike_G","Strike_B","Defend_P","PathToVictory","CrushJoints","FearNoEvil","BowlingBash","SashWhip","SashWhip","WindmillStrike","FollowUp","Protect","DeusExMachina","SashWhip+1","Vengeance+1","EmptyFist+1","Protect+1","Halt"],"relics":["PureWater","Frozen Eye","Simple Rune","Lee\u0027s Waffle","trackpad:WondrousWand","Oddly Smooth Stone","Empty Cage","Omamori","Damaru","FossilizedHelix","BranchBurnRelic","hubris:BottledHeart","Lizard Tail","Durian"],"acts_visited":["Exordium","TheCity"],"potions_floor_usage":[16],"damage_taken":[{"damage":12,"enemies":"Small Slimes","floor":1,"turns":3},{"damage":1,"enemies":"conspire:MimicChest","floor":2,"turns":4},{"damage":6,"enemies":"Jaw Worm","floor":3,"turns":3},{"damage":0,"enemies":"Cultist","floor":5,"turns":2},{"damage":15,"enemies":"Exordium Thugs","floor":7,"turns":4},{"damage":0,"enemies":"Large Slime","floor":11,"turns":3},{"damage":11,"enemies":"Blue Slaver","floor":12,"turns":3},{"damage":8,"enemies":"Exordium Wildlife","floor":13,"turns":3},{"damage":51,"enemies":"Fading Forest","floor":16,"turns":11},{"damage":31,"enemies":"Spheric Guardian","floor":18,"turns":5},{"damage":5,"enemies":"Chosen","floor":22,"turns":4},{"damage":8,"enemies":"Centurion and Healer","floor":24,"turns":4},{"damage":0,"enemies":"Sentry and Sphere","floor":29,"turns":5},{"damage":0,"enemies":"Snake Plant","floor":31,"turns":4},{"damage":25,"enemies":"Automaton","floor":33,"turns":11}],"seed_played":"-2740983366772686195","potions_obtained":[{"floor":1,"key":"Languid Potion"},{"floor":2,"key":"Energy Potion"},{"floor":11,"key":"Adrenaline Potion"},{"floor":29,"key":"blueLaboratory:FrostheartPotion"},{"floor":31,"key":"blueLaboratory:PressurePotion"}],"is_trial":false,"path_per_floor":["M","?","M","$","M","R","M","?","T","R","M","M","M","?","R","B",null,"M","?","$","T","M","R","M","R","T","R","?","M","$","M","R","B"],"character_chosen":"WATCHER","items_purchased":["Lee\u0027s Waffle","BowlingBash","Damaru","Lizard Tail","Durian","Energy Potion"],"campfire_rested":7,"item_purchase_floors":[4,4,20,30,30,30],"current_hp_per_floor":[60,59,53,79,79,79,64,64,64,79,79,68,60,60,79,40,79,48,48,48,48,43,66,58,79,79,79,1,1,1,1,1,0,0],"gold":132,"neow_bonus":"","is_daily":true,"chose_seed":false,"campfire_upgraded":0,"win_rate":0.0,"timestamp":1607806067,"path_taken":["M","?","M","$","M","R","M","?","T","R","M","?","M","?","R","BOSS","M","?","$","?","M","R","M","R","T","R","?","M","$","M","R","BOSS"],"items_purchased_type":["Relic","Card","Relic","Relic","Relic","Potion"],"build_version":"2020-11-30","purchased_purges":0,"victory":false,"max_hp_per_floor":[72,72,72,79,79,79,79,79,79,79,79,79,79,79,79,79,79,79,79,79,79,79,79,79,79,79,79,1,1,1,1,1,1,1],"relic_stats":{"Lee\u0027s Waffle":26,"Lizard Tail":1,"counters":[15,69],"obtain_stats":[{"Lee\u0027s Waffle":4,"Dead Branch":26,"Oddly Smooth Stone":14,"Damaru":20,"trackpad:WondrousWand":9,"Omamori":19,"Empty Cage":17,"Frozen Eye":0,"BranchBurnRelic":27,"Lizard Tail":30,"hubris:BottledHeart":28,"Simple Rune":2,"Durian":30,"PureWater":0,"FossilizedHelix":21},{"Lee\u0027s Waffle":3,"Dead Branch":12,"Oddly Smooth Stone":8,"Damaru":10,"trackpad:WondrousWand":5,"Omamori":10,"Empty Cage":9,"Frozen Eye":0,"BranchBurnRelic":12,"Lizard Tail":13,"hubris:BottledHeart":12,"Simple Rune":2,"Durian":13,"PureWater":0,"FossilizedHelix":10},{"Lee\u0027s Waffle":10,"Dead Branch":49,"Oddly Smooth Stone":25,"Damaru":41,"trackpad:WondrousWand":16,"Omamori":41,"Empty Cage":36,"Frozen Eye":0,"BranchBurnRelic":49,"Lizard Tail":54,"hubris:BottledHeart":49,"Simple Rune":7,"Durian":54,"PureWater":0,"FossilizedHelix":41}]},"card_choices":[{"not_picked":["LikeWater","Crescendo"],"picked":"PathToVictory","floor":1},{"not_picked":["EmptyBody","JustLucky"],"picked":"CrushJoints","floor":2},{"not_picked":["FlurryOfBlows","Meditate"],"picked":"FearNoEvil","floor":3},{"not_picked":["Replay:AtTheReady","ClearTheMind"],"picked":"SashWhip","floor":5},{"not_picked":["DeceiveReality","ICR:Serenity"],"picked":"SashWhip","floor":7},{"not_picked":["Replay:Cycle","Weave"],"picked":"WindmillStrike","floor":11},{"not_picked":["BowlingBash","FlurryOfBlows"],"picked":"FollowUp","floor":12},{"not_picked":["JustLucky","CutThroughFate"],"picked":"Protect","floor":13},{"not_picked":["Scrawl","Replay:AllIn"],"picked":"DeusExMachina","floor":16},{"not_picked":["CutThroughFate","Fasting2"],"picked":"SashWhip+1","floor":18},{"not_picked":["Prostrate","Evaluate"],"picked":"Vengeance+1","floor":22},{"not_picked":["JustLucky","BowlingBash"],"picked":"EmptyFist+1","floor":24},{"not_picked":["CarveReality","ThirdEye"],"picked":"Protect+1","floor":29},{"not_picked":["JustLucky","FollowUp"],"picked":"Halt","floor":31}],"player_experience":130298,"relics_obtained":[{"floor":2,"key":"Simple Rune"},{"floor":9,"key":"trackpad:WondrousWand"},{"floor":21,"key":"FossilizedHelix"},{"floor":26,"key":"Dead Branch"}],"event_choices":[{"damage_healed":0,"gold_gain":66,"player_choice":"Gained Gold","damage_taken":0,"max_hp_gain":0,"max_hp_loss":0,"event_name":"Golden Wing","floor":8,"gold_loss":0},{"damage_healed":0,"gold_gain":0,"player_choice":"Gave Potion","damage_taken":0,"relics_obtained":["Oddly Smooth Stone"],"max_hp_gain":0,"max_hp_loss":0,"event_name":"WeMeetAgain","floor":14,"gold_loss":0}],"is_beta":false,"boss_relics":[{"not_picked":["ReplayTheSpireMod:DimensionalGlitch","Replay:Drink Me"],"picked":"Empty Cage"}],"items_purged_floors":[],"is_endless":false,"potions_floor_spawned":[1,2,11,12,29,31],"killed_by":"Automaton","ascension_level":0}}