{"host":"eyd8pf3bw1xm0qjv","time":1607755392,"event":{"mods":["AchievementEnabler","Aspiration","Bard","BaseMod","Beaked The Cultist","BetterRewards","CCEM","Challenge The Spire","Clawfect","Colored Map","Conspire","DeckTracker","Downfall","Duelist Mod","Ekko","GifTheSpireLib","Glutton Mod","Googly Eyes","Halation","Hermit","Highlight Path","Hubris","Jedi Mod","Jorbs\u0027s Wanderer Trilogy","Mad Scientist","Marisa????????","Mimic Mod","Minty Spire (QoL Compilation)","Permanent Neow","Potionbrewer","Relic Sorter","Replay The Spire","StSLib","Stuff the Spire","The Administrix","The Animator","The Blackbeard","The Bug Knight","The Construct","The Cursed","The Dragon Tamer","The Florist","The Gatherer","The Hierophant","The IronCluck","The Jungle","The Mystic","The Necromancer","The Problem Sleuth","The Runesmith","The Servant 0.9.4","The Spell Scribe","[IsaacMod]????","vexMod"],"gold_per_floor":[119,129,129,139,159,194,194,228,228,228,241,241,241,252,252,357,357,367,397,397,397],"floor_reached":20,"playtime":1468,"items_purged":[],"score":234,"play_id":"708ebb47-b4c7-4673-a5a5-d02947c92eda","local_time":"20201212014312","is_ascension_mode":false,"campfire_choices":[{"data":"Agrypnos:Summer","floor":7,"key":"SMITH"},{"data":"Agrypnos:Fertilize","floor":10,"key":"SMITH"},{"floor":15,"key":"REST"}],"circlet_count":0,"master_deck":["Agrypnos:BasicStrike","Agrypnos:BasicStrike","Agrypnos:BasicStrike","Agrypnos:BasicDefend","Agrypnos:BasicDefend","Agrypnos:BasicDefend","Agrypnos:BasicDefend","Agrypnos:Dandelion","Agrypnos:Trowel","Agrypnos:Poppy","Agrypnos:Wolfsbane","Agrypnos:CorpseFlower","StuffTheSpire:CuriosityCurse","Agrypnos:CombTheEarth","Agrypnos:Summer+1","Agrypnos:Fertilize+1","Agrypnos:CorpseFlower","Agrypnos:Myosotis","Agrypnos:Rainfall","jedi:thedog"],"relics":["Agrypnos:Floristry","HowToJump","HushsDoor","GuppysTail","vexMod:MemoryStick","Prayer Wheel","Gremlin Horn","PrismaticShard","ReplayTheSpireMod:DimensionalGlitch","Replay:WaspNest"],"acts_visited":["Exordium","theJungle:Jungle"],"potions_floor_usage":[5,8,8,16],"damage_taken":[{"damage":0,"enemies":"conspire:RoseBush","floor":1,"turns":6},{"damage":0,"enemies":"2 Louse","floor":2,"turns":2},{"damage":0,"enemies":"Small Slimes","floor":4,"turns":4},{"damage":10,"enemies":"3 Louse","floor":5,"turns":3},{"damage":28,"enemies":"HollowMod:MossKnight","floor":6,"turns":6},{"damage":0,"enemies":"Replay:BlueRogue","floor":8,"turns":5},{"damage":4,"enemies":"2 Fungi Beasts","floor":11,"turns":4},{"damage":19,"enemies":"Large Slime","floor":14,"turns":5},{"damage":22,"enemies":"The Guardian","floor":16,"turns":7},{"damage":24,"enemies":"theJungle:5_Spyders","floor":18,"turns":7},{"damage":41,"enemies":"conspire:MimicChest","floor":19,"turns":7},{"damage":7,"enemies":"theJungle:MUSHROOMGANG","floor":20,"turns":1}],"seed_played":"4571956339666035119","potions_obtained":[{"floor":0,"key":"Venom Potion"},{"floor":0,"key":"Doom Potion"},{"floor":0,"key":"BlessingOfTheForge"},{"floor":4,"key":"Adrenaline Potion"},{"floor":6,"key":"DuplicationPotion"},{"floor":11,"key":"FearPotion"}],"is_trial":false,"path_per_floor":["M","M","?","M","M","E","R","E","T","R","M","?","?","M","R","B",null,"M","?","M"],"character_chosen":"THE_FLORIST","items_purchased":[],"campfire_rested":1,"item_purchase_floors":[],"current_hp_per_floor":[70,70,70,70,60,32,32,32,32,32,28,21,21,2,23,1,70,46,5,0,0],"gold":397,"neow_bonus":"THREE_SMALL_POTIONS","is_daily":false,"chose_seed":false,"campfire_upgraded":2,"win_rate":0.0,"timestamp":1607755392,"path_taken":["M","M","?","M","M","E","R","E","T","R","M","?","?","?","R","BOSS","M","?","?"],"items_purchased_type":[],"build_version":"2020-11-30","purchased_purges":0,"victory":false,"max_hp_per_floor":[70,70,70,70,70,70,70,70,70,70,70,70,70,70,70,70,70,70,70,70,70],"card_choices":[{"not_picked":["Bomb","Agrypnos:StormShelter"],"picked":"Agrypnos:Poppy","floor":0},{"not_picked":["Agrypnos:Poinsettia","Agrypnos:Watering"],"picked":"Agrypnos:Wolfsbane","floor":1},{"not_picked":["Agrypnos:Zinnia","Agrypnos:Tumbleweed"],"picked":"Agrypnos:CorpseFlower","floor":2},{"not_picked":["Agrypnos:Leaf","Agrypnos:Rake"],"picked":"Agrypnos:CombTheEarth","floor":4},{"not_picked":["Agrypnos:RoseGarden","Agrypnos:Rose"],"picked":"Agrypnos:Summer","floor":5},{"not_picked":["Agrypnos:Leaf","Agrypnos:StormShelter"],"picked":"Agrypnos:Fertilize","floor":6},{"not_picked":["Bomb","Agrypnos:Rot"],"picked":"Agrypnos:CorpseFlower","floor":8},{"not_picked":["Agrypnos:Watering","Agrypnos:FloralScent"],"picked":"Agrypnos:Myosotis","floor":11},{"not_picked":["Agrypnos:Sunbeam","Agrypnos:Rake"],"picked":"Agrypnos:Rainfall","floor":11},{"not_picked":["construct:Zapper","theDuelist:FossilSkullknight","hierophant:PassingBell"],"picked":"SKIP","floor":14},{"not_picked":["Glutton:PainMeditation","TheCursedMod:CursedArmor","theDuelist:WitchBlackRose"],"picked":"SKIP","floor":14},{"not_picked":["beaked:Devastation","FollowUp","theDuelist:GiantTurtle"],"picked":"SKIP","floor":18},{"not_picked":["Spin","animator:DolaCouronne","theDuelist:LesserDragon"],"picked":"SKIP","floor":18}],"player_experience":124303,"relics_obtained":[{"floor":6,"key":"HowToJump"},{"floor":8,"key":"Prayer Wheel"},{"floor":9,"key":"Gremlin Horn"},{"floor":19,"key":"Replay:WaspNest"}],"event_choices":[{"cards_removed":["Agrypnos:BasicStrike"],"damage_healed":0,"gold_gain":0,"player_choice":"Card Removal","damage_taken":7,"max_hp_gain":0,"max_hp_loss":0,"event_name":"Golden Wing","floor":12,"gold_loss":0}],"is_beta":false,"boss_relics":[{"not_picked":["hubris:Stopwatch","vexMod:MegatonBomb"],"picked":"ReplayTheSpireMod:DimensionalGlitch"},{"not_picked":[]}],"items_purged_floors":[],"is_endless":false,"potions_floor_spawned":[1,4,6,11],"killed_by":"theJungle:MUSHROOMGANG","ascension_level":0}}