{"host":"tyfpg4h531zkrrpn","time":1607755082,"event":{"mods":["Act Like it!","BaseMod","CapriCore","Card Filter","Colored Map","Minty Spire (QoL Compilation)","MostiFishMod","Permanent Neow","Quick Restart","StSLib","Waifu the Spire"],"gold_per_floor":[114,128,143,162,162,189,204,215,215,215,248,248,261,288,288,392,392,411,428,443,461,471,504,521,548,571,603,30,68,92,125,125,233,233,253,213,231,115,127,154,202,241,264,293,293,328,378,378,378,379,379,379,65,93,94],"floor_reached":56,"playtime":3343,"items_purged":["Strike_B"],"score":2657,"play_id":"5d23cad9-bfa8-4570-b27c-2f46664f7f31","local_time":"20201211223802","is_ascension_mode":true,"campfire_choices":[{"data":"Coolheaded","floor":10,"key":"SMITH"},{"data":"Coolheaded","floor":12,"key":"SMITH"},{"data":"White Noise","floor":15,"key":"SMITH"},{"floor":32,"key":"RECALL"},{"floor":49,"key":"DIG"},{"floor":52,"key":"DIG"}],"circlet_count":0,"master_deck":["Strike_B","Strike_B","Strike_B","Defend_B","Defend_B","Defend_B","Defend_B","Zap","Dualcast","Ball Lightning+1","Ball Lightning","Conserve Battery","White Noise+1","Sweeping Beam+1","Coolheaded+1","Coolheaded+1","Leap","Capacitor","MostiFishMod:FourSeasons+1","Conserve Battery+1","Barrage","Defragment","MostiFishMod:KingOfFree","MostiFishMod:ActiveDefenseSystem","Panacea","Apotheosis","Recycle+1"],"relics":["Cracked Core","DaveBox","BirthdayGift-Icosahedron","Question Card","Torii","DianDianMeat","Pocketwatch","Happy Flower","Shuriken","ImportantClient","MetatronsCube","Anchor","DianPoetry","Bottled Lightning","Bag of Preparation","Ornamental Fan","Sling","StrikeDummy","Centennial Puzzle","Peace Pipe","GreenFoldingFan","Juzu Bracelet","Whetstone","Shovel","Blue Candle","Bronze Scales","Vajra","Omamori","Calipers","Kunai","Symbiotic Virus","OrangePellets","Gremlin Horn"],"acts_visited":["Exordium","TheCity","TheBeyond","TheEnding"],"potions_floor_usage":[],"damage_taken":[{"damage":0,"enemies":"Cultist","floor":1,"turns":2},{"damage":0,"enemies":"2 Louse","floor":2,"turns":1},{"damage":0,"enemies":"Jaw Worm","floor":3,"turns":1},{"damage":0,"enemies":"2 Fungi Beasts","floor":4,"turns":2},{"damage":0,"enemies":"Gremlin Nob","floor":6,"turns":2},{"damage":0,"enemies":"Exordium Wildlife","floor":7,"turns":1},{"damage":0,"enemies":"Blue Slaver","floor":8,"turns":1},{"damage":0,"enemies":"Lagavulin","floor":11,"turns":2},{"damage":0,"enemies":"Exordium Thugs","floor":13,"turns":2},{"damage":0,"enemies":"Gremlin Nob","floor":14,"turns":2},{"damage":0,"enemies":"Slime Boss","floor":16,"turns":3},{"damage":0,"enemies":"Shell Parasite","floor":18,"turns":3},{"damage":0,"enemies":"Spheric Guardian","floor":19,"turns":1},{"damage":0,"enemies":"Snake Plant","floor":20,"turns":3},{"damage":0,"enemies":"Chosen and Byrds","floor":21,"turns":3},{"damage":0,"enemies":"Snecko","floor":22,"turns":3},{"damage":0,"enemies":"Slavers","floor":23,"turns":1},{"damage":0,"enemies":"Snake Plant","floor":24,"turns":2},{"damage":0,"enemies":"Book of Stabbing","floor":25,"turns":3},{"damage":0,"enemies":"Slavers","floor":27,"turns":2},{"damage":0,"enemies":"Book of Stabbing","floor":29,"turns":3},{"damage":0,"enemies":"Gremlin Leader","floor":31,"turns":3},{"damage":0,"enemies":"Automaton","floor":33,"turns":4},{"damage":0,"enemies":"Orb Walker","floor":35,"turns":1},{"damage":0,"enemies":"3 Shapes","floor":37,"turns":1},{"damage":3,"enemies":"3 Darklings","floor":39,"turns":2},{"damage":0,"enemies":"Nemesis","floor":40,"turns":3},{"damage":3,"enemies":"2 Orb Walkers","floor":41,"turns":2},{"damage":2,"enemies":"Giant Head","floor":42,"turns":4},{"damage":0,"enemies":"Nemesis","floor":44,"turns":1},{"damage":0,"enemies":"Giant Head","floor":46,"turns":3},{"damage":5,"enemies":"Mind Bloom Boss Battle","floor":47,"turns":2},{"damage":2,"enemies":"Donu and Deca","floor":50,"turns":3},{"damage":0,"enemies":"Shield and Spear","floor":54,"turns":2},{"damage":0,"enemies":"The Heart","floor":55,"turns":2}],"seed_played":"686071847886983038","potions_obtained":[{"floor":2,"key":"EssenceOfDarkness"},{"floor":4,"key":"Strength Potion"},{"floor":8,"key":"LiquidBronze"},{"floor":18,"key":"DuplicationPotion"},{"floor":22,"key":"Fire Potion"},{"floor":46,"key":"LiquidBronze"}],"is_trial":false,"path_per_floor":["M","M","M","M","T","E","M","M","T","R","E","R","M","E","R","B",null,"M","M","M","M","M","E","M","E","T","E","$","E","T","E","R","B",null,"M","?","M","$","M","E","?","E","T","E","$","E","?","?","R","B",null,"R","$","E","B",null],"character_chosen":"DEFECT","items_purchased":["Bag of Preparation","Ornamental Fan","Sling","MostiFishMod:KingOfFree","Juzu Bracelet","OrangePellets","Apotheosis"],"campfire_rested":0,"item_purchase_floors":[28,28,28,28,38,53,53],"current_hp_per_floor":[69,70,71,72,72,74,77,81,81,81,85,85,85,85,85,85,85,90,90,90,96,103,111,111,120,120,120,130,130,130,130,130,141,141,141,141,141,141,141,141,141,141,141,141,141,141,141,153,153,153,153,153,166,180,180],"gold":94,"neow_bonus":"THREE_CARDS","is_daily":false,"chose_seed":false,"campfire_upgraded":3,"win_rate":0.0,"timestamp":1607755082,"path_taken":["M","?","M","M","?","E","M","M","T","R","E","R","M","E","R","BOSS","M","M","?","M","?","E","M","E","T","E","$","E","?","E","R","BOSS","M","?","?","$","M","E","?","E","T","E","$","E","?","?","R","BOSS","R","$","E","BOSS"],"items_purchased_type":["Relic","Relic","Relic","Card","Relic","Relic","Card"],"build_version":"2020-11-30","purchased_purges":1,"victory":true,"max_hp_per_floor":[75,75,75,75,75,76,78,81,81,81,85,85,85,85,85,85,85,90,90,90,96,103,111,111,120,120,120,130,130,130,130,130,141,141,141,141,141,141,141,141,141,141,141,141,141,141,141,153,153,153,153,153,166,180,180],"card_choices":[{"not_picked":["Chill","Stack"],"picked":"Ball Lightning","floor":0},{"not_picked":["Beam Cell","Turbo","Barrage"],"picked":"SKIP","floor":1},{"not_picked":["Stack","Leap","Turbo"],"picked":"Ball Lightning","floor":2},{"not_picked":["MostiFishMod:FluxCapactior","Consume","Steam Power"],"picked":"Conserve Battery","floor":3},{"not_picked":["Redo","Auto Shields","Ball Lightning"],"picked":"White Noise","floor":4},{"not_picked":["Stack","Steam Power","Beam Cell"],"picked":"Sweeping Beam","floor":6},{"not_picked":["Cold Snap","Stack","Blizzard"],"picked":"Coolheaded","floor":7},{"not_picked":["Hologram","Steam Power","Streamline"],"picked":"Coolheaded","floor":8},{"not_picked":["Streamline","Hello World","Stack"],"picked":"Leap","floor":11},{"not_picked":["Ball Lightning","Force Field","MostiFishMod:DeathFromBelow","Stack"],"picked":"SKIP","floor":13},{"not_picked":["Self Repair","Skim","Fusion","Reinforced Body"],"picked":"SKIP","floor":14},{"not_picked":["Redo","Leap","Streamline+1"],"picked":"Capacitor","floor":18},{"not_picked":["Storm","Skim+1","Redo","Doom and Gloom"],"picked":"SKIP","floor":19},{"not_picked":["Stack+1","Barrage","Lockon+1","Leap"],"picked":"SKIP","floor":20},{"not_picked":["Sweeping Beam+1","Cold Snap","Coolheaded"],"picked":"MostiFishMod:FourSeasons","floor":21},{"not_picked":["Leap+1","Redo","Darkness"],"picked":"Conserve Battery+1","floor":22},{"not_picked":["Heatsinks","MostiFishMod:Impulse","All For One"],"picked":"Barrage","floor":23},{"not_picked":["Redo","Turbo+1","Hologram","Stack"],"picked":"SKIP","floor":24},{"not_picked":["Hologram","Double Energy","Sweeping Beam"],"picked":"Defragment","floor":25},{"not_picked":["Turbo","Auto Shields","Beam Cell","BootSequence"],"picked":"SKIP","floor":27},{"not_picked":["Beam Cell","Redo","Turbo+1","Consume"],"picked":"SKIP","floor":29},{"not_picked":["Defragment","Auto Shields","Streamline","Chill"],"picked":"SKIP","floor":31},{"not_picked":["MostiFishMod:InterfaceCompatibility","MostiFishMod:DawningShadow","MostiFishMod:ReadyAimFire"],"picked":"MostiFishMod:ActiveDefenseSystem","floor":33},{"not_picked":["Hello World","Glacier","Ball Lightning+1","Lockon"],"picked":"SKIP","floor":35},{"not_picked":["Cold Snap+1","Ball Lightning","Defragment","Blizzard"],"picked":"SKIP","floor":37},{"not_picked":["Static Discharge+1","Barrage","Heatsinks+1","Streamline+1"],"picked":"SKIP","floor":39},{"not_picked":["Conserve Battery+1","Streamline","Sweeping Beam","Stack+1"],"picked":"SKIP","floor":40},{"not_picked":["Lockon","MostiFishMod:ActiveDefenseSystem","Force Field","Consume+1"],"picked":"SKIP","floor":42},{"not_picked":["Cold Snap","Coolheaded","Heatsinks+1","Darkness"],"picked":"SKIP","floor":44},{"not_picked":["Cold Snap","Ball Lightning+1","Heatsinks+1","Conserve Battery"],"picked":"SKIP","floor":46},{"not_picked":["HandOfGreed","Madness","Bandage Up"],"picked":"Panacea","floor":48},{"not_picked":["White Noise+1","Redo+1","Conserve Battery+1"],"picked":"Recycle+1","floor":54}],"player_experience":557502,"relics_obtained":[{"floor":1,"key":"Question Card"},{"floor":5,"key":"Torii"},{"floor":6,"key":"DianDianMeat"},{"floor":9,"key":"Pocketwatch"},{"floor":11,"key":"Happy Flower"},{"floor":14,"key":"Shuriken"},{"floor":16,"key":"ImportantClient"},{"floor":23,"key":"Anchor"},{"floor":25,"key":"DianPoetry"},{"floor":27,"key":"Bottled Lightning"},{"floor":29,"key":"StrikeDummy"},{"floor":30,"key":"Centennial Puzzle"},{"floor":31,"key":"Peace Pipe"},{"floor":40,"key":"Whetstone"},{"floor":41,"key":"Shovel"},{"floor":42,"key":"Blue Candle"},{"floor":43,"key":"Bronze Scales"},{"floor":44,"key":"Vajra"},{"floor":46,"key":"Omamori"},{"floor":47,"key":"Calipers"},{"floor":49,"key":"Kunai"},{"floor":52,"key":"Symbiotic Virus"},{"floor":54,"key":"Gremlin Horn"}],"event_choices":[{"damage_healed":0,"gold_gain":0,"player_choice":"Upgrade","damage_taken":0,"max_hp_gain":0,"max_hp_loss":0,"event_name":"Designer","floor":36,"gold_loss":40,"cards_upgraded":["MostiFishMod:FourSeasons"]},{"damage_healed":0,"gold_gain":0,"player_choice":"Fight","damage_taken":0,"max_hp_gain":0,"max_hp_loss":0,"event_name":"Mysterious Sphere","floor":41,"gold_loss":0},{"damage_healed":0,"gold_gain":0,"player_choice":"Fight","damage_taken":0,"max_hp_gain":0,"max_hp_loss":0,"event_name":"MindBloom","floor":47,"gold_loss":0},{"damage_healed":0,"gold_gain":0,"player_choice":"Memory 1","damage_taken":0,"max_hp_gain":0,"max_hp_loss":0,"event_name":"SensoryStone","floor":48,"gold_loss":0}],"is_beta":false,"boss_relics":[{"not_picked":["TimeKeys","Tiny House"],"picked":"MetatronsCube"},{"not_picked":["GuanYuAspect","Empty Cage"],"picked":"GreenFoldingFan"}],"items_purged_floors":[53],"is_endless":false,"potions_floor_spawned":[2,4,8,11,13,16,18,22,27,29,31,35,40,46,47,54],"ascension_level":8}}