{"host":"icfpfg8l7slpscsh","time":1607750311,"event":{"mods":["AchievementEnabler","BaseMod","Colored Map","Colored Powertips","Highlight Path","Minty Spire (QoL Compilation)","Permanent Neow","Quick Restart","StSLib"],"gold_per_floor":[111,128,128,139,149,182,182,147,147,147,162,175,189,218,218,218,218],"floor_reached":16,"playtime":1035,"items_purged":[],"score":228,"play_id":"af08f1bc-38d5-4f41-8954-b9ea42d31406","local_time":"20201212001831","is_ascension_mode":true,"campfire_choices":[{"floor":7,"key":"REST"},{"data":"Perseverance","floor":10,"key":"SMITH"},{"data":"Vigilance","floor":15,"key":"SMITH"}],"circlet_count":0,"master_deck":["AscendersBane","Strike_P","Strike_P","Strike_P","Defend_P","Defend_P","Defend_P","Defend_P","Eruption","Vigilance+1","Protect","TalkToTheHand","Wallop","Perseverance+1","EmptyBody","ThirdEye","Establishment"],"relics":["PureWater","Singing Bowl","CaptainsWheel","StoneCalendar","Darkstone Periapt"],"acts_visited":["Exordium"],"potions_floor_usage":[5,6,14],"damage_taken":[{"damage":0.0,"enemies":"Jaw Worm","floor":1.0,"turns":4.0},{"damage":1.0,"enemies":"Small Slimes","floor":2.0,"turns":3.0},{"damage":0.0,"enemies":"Cultist","floor":4.0,"turns":3.0},{"damage":4,"enemies":"Gremlin Gang","floor":5,"turns":6},{"damage":13,"enemies":"Lagavulin","floor":6,"turns":7},{"damage":10,"enemies":"Large Slime","floor":11,"turns":7},{"damage":0,"enemies":"Red Slaver","floor":12,"turns":5},{"damage":0,"enemies":"Blue Slaver","floor":13,"turns":6},{"damage":12,"enemies":"3 Sentries","floor":14,"turns":7},{"damage":50,"enemies":"Slime Boss","floor":16,"turns":9}],"seed_played":"3977083433752960736","potions_obtained":[{"floor":2.0,"key":"Block Potion"},{"floor":5,"key":"FearPotion"},{"floor":6,"key":"Ambrosia"},{"floor":11,"key":"SkillPotion"},{"floor":12,"key":"Dexterity Potion"}],"is_trial":false,"path_per_floor":["M","M","?","M","M","E","R","?","T","R","M","M","M","E","R","B"],"character_chosen":"WATCHER","items_purchased":[],"campfire_rested":1,"item_purchase_floors":[],"current_hp_per_floor":[61,60,42,42,40,29,50,68,68,68,58,60,60,48,48,0,0],"gold":218,"neow_bonus":"TRANSFORM_CARD","is_daily":false,"chose_seed":false,"campfire_upgraded":2,"win_rate":0.0,"timestamp":1607750311,"path_taken":["M","M","?","M","M","E","R","?","T","R","M","?","M","E","R","BOSS"],"items_purchased_type":[],"build_version":"2020-11-30","purchased_purges":0,"victory":false,"max_hp_per_floor":[68,68,68,68,70,72,72,72,72,72,72,74,74,74,74,74,74],"card_choices":[{"not_picked":["Halt","CarveReality"],"picked":"TalkToTheHand","floor":1.0},{"not_picked":["Crescendo","Adaptation"],"picked":"Wallop","floor":2.0},{"not_picked":["Consecrate","DeceiveReality"],"picked":"Perseverance","floor":4.0},{"not_picked":["Pray","JustLucky","Nirvana"],"picked":"Singing Bowl","floor":5},{"not_picked":["CutThroughFate","Prostrate","WreathOfFlame"],"picked":"Singing Bowl","floor":6},{"not_picked":["Prostrate","InnerPeace"],"picked":"EmptyBody","floor":11},{"not_picked":["JustLucky","Nirvana","Pray"],"picked":"Singing Bowl","floor":12},{"not_picked":["EmptyFist","ClearTheMind"],"picked":"ThirdEye","floor":13},{"not_picked":["Pray","CutThroughFate"],"picked":"Establishment","floor":14}],"player_experience":1408166,"relics_obtained":[{"floor":6,"key":"CaptainsWheel"},{"floor":9,"key":"StoneCalendar"},{"floor":14,"key":"Darkstone Periapt"}],"event_choices":[{"damage_healed":0.0,"max_hp_gain":0.0,"max_hp_loss":0.0,"gold_gain":0.0,"event_name":"Scrap Ooze","player_choice":"Success","floor":3.0,"gold_loss":0.0,"damage_taken":18.0,"relics_obtained":["Singing Bowl"]},{"damage_healed":18,"gold_gain":0,"player_choice":"Healed","damage_taken":0,"max_hp_gain":0,"max_hp_loss":0,"event_name":"The Cleric","floor":8,"gold_loss":35}],"is_beta":false,"boss_relics":[],"items_purged_floors":[],"is_endless":false,"potions_floor_spawned":[2,5,6,11,12],"killed_by":"Slime Boss","ascension_level":20}}