{"host":"a1eatafr7pisesky","time":1607754175,"event":{"mods":["BaseMod","Colored Map","DeckTracker","Highlight Path","Keyboard Shortcuts","Minty Spire (QoL Compilation)","Permanent Neow","Random Character Button","StSLib","SuperFastMode","everything is the same but u backflip on backflip"],"gold_per_floor":[118,135,148,167,92,92,38,38,111,111,154,6,30,53,53,53,53],"floor_reached":16,"playtime":339,"items_purged":["Strike_R"],"score":133,"play_id":"6bd6fd78-f172-4158-bb34-86af66613a11","local_time":"20201212152255","is_ascension_mode":true,"campfire_choices":[{"data":"Entrench","floor":6,"key":"SMITH"},{"floor":15,"key":"REST"}],"circlet_count":0,"master_deck":["Strike_R","Strike_R","Strike_R","Strike_R","Defend_R","Defend_R","Defend_R","Defend_R","Bash","Perfected Strike","Entrench+1","Armaments","Body Slam","Shrug It Off","Burning Pact"],"relics":["Burning Blood","NeowsBlessing","Golden Idol","Self Forming Clay","Bag of Marbles","Toy Ornithopter","ClockworkSouvenir"],"acts_visited":["Exordium"],"potions_floor_usage":[11,16,16],"damage_taken":[{"damage":0,"enemies":"Cultist","floor":1,"turns":1},{"damage":0,"enemies":"2 Louse","floor":2,"turns":2},{"damage":0,"enemies":"Jaw Worm","floor":3,"turns":1},{"damage":13,"enemies":"Exordium Wildlife","floor":4,"turns":4},{"damage":26,"enemies":"3 Sentries","floor":11,"turns":8},{"damage":6,"enemies":"2 Fungi Beasts","floor":13,"turns":3},{"damage":0,"enemies":"Blue Slaver","floor":14,"turns":4},{"damage":49,"enemies":"Slime Boss","floor":16,"turns":11}],"seed_played":"1129515766713958766","potions_obtained":[{"floor":1,"key":"PowerPotion"},{"floor":4,"key":"Swift Potion"},{"floor":11,"key":"Explosive Potion"},{"floor":14,"key":"GamblersBrew"}],"is_trial":false,"path_per_floor":["M","M","M","M","$","R","$","?","T","?","E","$","M","M","R","B"],"character_chosen":"IRONCLAD","items_purchased":["Body Slam","ClockworkSouvenir"],"campfire_rested":1,"item_purchase_floors":[7,12],"current_hp_per_floor":[78,80,80,73,73,73,73,53,53,35,15,15,15,21,45,6,6],"gold":53,"neow_bonus":"THREE_ENEMY_KILL","is_daily":false,"chose_seed":false,"campfire_upgraded":1,"win_rate":0.0,"timestamp":1607754175,"path_taken":["M","M","M","M","$","R","$","?","T","?","E","?","?","M","R","BOSS"],"items_purchased_type":["Card","Relic"],"build_version":"2020-11-30","purchased_purges":1,"victory":false,"max_hp_per_floor":[80,80,80,80,80,80,80,80,80,80,80,80,80,80,80,80,80],"card_choices":[{"not_picked":["Rampage","Pommel Strike"],"picked":"Perfected Strike","floor":1},{"not_picked":["Wild Strike","Pommel Strike"],"picked":"Entrench","floor":2},{"not_picked":["Clash","Heavy Blade"],"picked":"Armaments","floor":3},{"not_picked":["Spot Weakness","Armaments","Heavy Blade"],"picked":"SKIP","floor":4},{"not_picked":["Clash","Rupture","Inflame"],"picked":"SKIP","floor":11},{"not_picked":["Flex","Rupture"],"picked":"Shrug It Off","floor":13},{"not_picked":["Clothesline","Wild Strike"],"picked":"Burning Pact","floor":14}],"player_experience":197420,"relics_obtained":[{"floor":9,"key":"Self Forming Clay"},{"floor":11,"key":"Toy Ornithopter"}],"event_choices":[{"damage_healed":0,"gold_gain":0,"player_choice":"Take Damage","damage_taken":20,"relics_obtained":["Golden Idol"],"max_hp_gain":0,"max_hp_loss":0,"event_name":"Golden Idol","floor":8,"gold_loss":0},{"damage_healed":0,"gold_gain":0,"player_choice":"Success","damage_taken":18,"relics_obtained":["Bag of Marbles"],"max_hp_gain":0,"max_hp_loss":0,"event_name":"Scrap Ooze","floor":10,"gold_loss":0}],"is_beta":false,"boss_relics":[],"items_purged_floors":[5],"is_endless":false,"potions_floor_spawned":[1,4,11,14],"killed_by":"Slime Boss","ascension_level":6}}