{"host":"jm9833yuloeli2yd","time":1607798058,"event":{"mods":["AchievementEnabler","BaseMod","Better Altar","Better Match","Better Note","Better Sensory Stone","Better Skull","Better Vampires","Colored Map","Colored Powertips","DeckTracker","Minty Spire (QoL Compilation)","Permanent Neow","Quick Restart","StSLib","SuperFastMode"],"gold_per_floor":[113,113,83,31,44,44,73,73,142,142,59,87,87,105,105,177,177,195,195,212,212,212,212],"floor_reached":22,"playtime":540,"items_purged":[],"score":430,"play_id":"0e79e108-3c89-4e04-a59b-f792082a18bd","local_time":"20201212133418","is_ascension_mode":true,"campfire_choices":[{"data":"Go for the Eyes","floor":6.0,"key":"SMITH"},{"data":"Beam Cell","floor":8.0,"key":"SMITH"},{"data":"Reprogram","floor":10.0,"key":"SMITH"},{"data":"Defragment","floor":13,"key":"SMITH"},{"data":"Static Discharge","floor":15,"key":"SMITH"}],"circlet_count":0,"master_deck":["AscendersBane","Strike_B","Strike_B","Defend_B","Defend_B","Defend_B","Defend_B","Zap","Dualcast","Go for the Eyes+1","Beam Cell+1","Reprogram+1","Reinforced Body","Static Discharge+1","Defragment+1","Heatsinks","Reboot","Gash","Reboot","Reprogram","Scrape"],"relics":["Cracked Core","NeowsBlessing","Nunchaku","Regal Pillow","Mummified Hand","Centennial Puzzle","Nuclear Battery","Blood Vial"],"acts_visited":["Exordium","TheCity"],"potions_floor_usage":[12,16,16,22],"damage_taken":[{"damage":0.0,"enemies":"Jaw Worm","floor":1.0,"turns":1.0},{"damage":0.0,"enemies":"2 Louse","floor":5.0,"turns":1.0},{"damage":0.0,"enemies":"3 Sentries","floor":7.0,"turns":1.0},{"damage":2,"enemies":"Lagavulin","floor":12,"turns":7},{"damage":0,"enemies":"Cultist","floor":14,"turns":3},{"damage":18,"enemies":"Hexaghost","floor":16,"turns":7},{"damage":16,"enemies":"Chosen","floor":18,"turns":5},{"damage":19,"enemies":"3 Byrds","floor":20,"turns":8},{"damage":10,"enemies":"Centurion and Healer","floor":22,"turns":2}],"seed_played":"1187048430488556323","potions_obtained":[{"floor":3.0,"key":"FocusPotion"},{"floor":3.0,"key":"CultistPotion"},{"floor":14,"key":"ColorlessPotion"},{"floor":18,"key":"FocusPotion"},{"floor":20,"key":"AttackPotion"}],"is_trial":false,"path_per_floor":["M","?","?","$","M","R","E","R","T","R","$","E","R","M","R","B",null,"M","?","M","?","M"],"character_chosen":"DEFECT","items_purchased":["Beam Cell","Static Discharge"],"campfire_rested":0,"item_purchase_floors":[4,11],"current_hp_per_floor":[64,53,53,53,53,53,53,53,53,53,53,51,51,51,51,33,62,46,46,27,5,0,0],"gold":212,"neow_bonus":"THREE_ENEMY_KILL","is_daily":false,"chose_seed":false,"campfire_upgraded":5,"win_rate":0.0,"timestamp":1607798058,"path_taken":["M","?","?","$","M","R","E","R","T","R","$","E","R","M","R","BOSS","M","?","M","?","M"],"items_purchased_type":["Card","Card"],"build_version":"2020-11-30","purchased_purges":0,"victory":false,"max_hp_per_floor":[71,71,71,71,71,71,71,71,71,71,71,71,71,71,71,71,71,71,71,71,71,71,71],"card_choices":[{"not_picked":["Darkness","Chaos"],"picked":"Go for the Eyes","floor":1.0},{"not_picked":["Aggregate","Turbo"],"picked":"Reprogram","floor":5.0},{"not_picked":["Steam","Stack"],"picked":"Reinforced Body","floor":7.0},{"not_picked":["Heatsinks","Darkness"],"picked":"Defragment","floor":12},{"not_picked":["Recycle","Double Energy"],"picked":"Heatsinks","floor":14},{"not_picked":["Meteor Strike","Thunder Strike"],"picked":"Reboot","floor":16},{"not_picked":["Skim","Lockon"],"picked":"Gash","floor":18},{"not_picked":["Stack","Steam+1"],"picked":"Scrape","floor":20}],"player_experience":1028090,"relics_obtained":[{"floor":7.0,"key":"Regal Pillow"},{"floor":9.0,"key":"Mummified Hand"},{"floor":12,"key":"Centennial Puzzle"}],"event_choices":[{"damage_healed":0.0,"max_hp_gain":0.0,"max_hp_loss":0.0,"gold_gain":0.0,"event_name":"Scrap Ooze","player_choice":"Success","floor":2.0,"gold_loss":0.0,"damage_taken":11.0,"relics_obtained":["Nunchaku"]},{"damage_healed":0.0,"max_hp_gain":0.0,"max_hp_loss":0.0,"gold_gain":0.0,"event_name":"The Woman in Blue","player_choice":"Bought 2 Potions","floor":3.0,"gold_loss":0.0,"damage_taken":0.0},{"damage_healed":0,"gold_gain":0,"cards_transformed":["Strike_B","Strike_B"],"player_choice":"Became Test Subject","damage_taken":0,"max_hp_gain":0,"max_hp_loss":0,"event_name":"Drug Dealer","floor":19,"gold_loss":0,"cards_obtained":["Reboot","Reprogram"]},{"damage_healed":0,"gold_gain":0,"player_choice":" Vial ","damage_taken":22,"relics_obtained":["Blood Vial"],"max_hp_gain":27,"max_hp_loss":5,"event_name":"betterAltar:BetterAltar","floor":21,"potions_obtained":[],"relics_lost":[],"gold_loss":0}],"is_beta":false,"boss_relics":[{"not_picked":["Snecko Eye","FrozenCore"],"picked":"Nuclear Battery"}],"items_purged_floors":[],"is_endless":false,"potions_floor_spawned":[5,7,14,18,20],"killed_by":"Centurion and Healer","ascension_level":20}}