{"host":"i09pxcjttd31eh4q","time":1607767825,"event":{"mods":["AchievementEnabler","BaseMod","Colored Map","Keyboard Shortcuts","Minty Spire (QoL Compilation)","StSLib","SuperFastMode"],"gold_per_floor":[116,41,41,41,58,58,86,103,103,122,135,162,173,208,208,282,282,257,77,77,77,96,121,121,150,150,150,161,172,172,182,182,182,182],"floor_reached":33,"playtime":836,"items_purged":["Strike_P","Strike_P"],"score":773,"play_id":"e7f8cc71-1507-4739-b6da-a6fe58992cb7","local_time":"20201212191025","is_ascension_mode":true,"campfire_choices":[{"data":"Eruption","floor":6.0,"key":"SMITH"},{"data":"CrushJoints","floor":15.0,"key":"SMITH"},{"floor":24.0,"key":"REST"},{"data":"Adaptation","floor":27.0,"key":"SMITH"},{"data":"Adaptation","floor":32,"key":"SMITH"}],"circlet_count":0,"master_deck":["AscendersBane","Strike_P","Defend_P","Defend_P","Defend_P","Eruption+1","Vigilance","CrushJoints+1","Judgement","EmptyFist","CurseOfTheBell","Adaptation+1","Adaptation+1"],"relics":["PureWater","NeowsBlessing","CaptainsWheel","HornCleat","Tiny Chest","InkBottle","Calling Bell","Dream Catcher","Mummified Hand","Lizard Tail","Blood Vial","Lantern","Kunai"],"acts_visited":["Exordium","TheCity"],"potions_floor_usage":[29],"damage_taken":[{"damage":0.0,"enemies":"Small Slimes","floor":1.0,"turns":1.0},{"damage":0.0,"enemies":"Cultist","floor":5.0,"turns":1.0},{"damage":0.0,"enemies":"3 Sentries","floor":7.0,"turns":1.0},{"damage":0.0,"enemies":"2 Louse","floor":8.0,"turns":2.0},{"damage":3.0,"enemies":"Exordium Thugs","floor":10.0,"turns":4.0},{"damage":3.0,"enemies":"Looter","floor":11.0,"turns":2.0},{"damage":2.0,"enemies":"Gremlin Nob","floor":12.0,"turns":3.0},{"damage":0.0,"enemies":"Blue Slaver","floor":13.0,"turns":3.0},{"damage":27.0,"enemies":"Lagavulin","floor":14.0,"turns":7.0},{"damage":0.0,"enemies":"Hexaghost","floor":16.0,"turns":5.0},{"damage":4.0,"enemies":"2 Thieves","floor":18.0,"turns":4.0},{"damage":0.0,"enemies":"Chosen","floor":22.0,"turns":3.0},{"damage":32.0,"enemies":"Book of Stabbing","floor":23.0,"turns":5.0},{"damage":0.0,"enemies":"Gremlin Leader","floor":25.0,"turns":5.0},{"damage":26.0,"enemies":"Shelled Parasite and Fungi","floor":28.0,"turns":3.0},{"damage":10,"enemies":"Centurion and Healer","floor":29,"turns":5},{"damage":4,"enemies":"Snake Plant","floor":31,"turns":5},{"damage":0,"enemies":"Champ","floor":33,"turns":1}],"seed_played":"-1621549588714328476","potions_obtained":[{"floor":1.0,"key":"Block Potion"},{"floor":5.0,"key":"BottledMiracle"},{"floor":12.0,"key":"EntropicBrew"},{"floor":13.0,"key":"DistilledChaos"},{"floor":18.0,"key":"SpeedPotion"},{"floor":23.0,"key":"Strength Potion"}],"is_trial":false,"path_per_floor":["M","$","?","?","M","R","E","M","T","M","M","E","M","E","R","B",null,"M","$","?","$","M","E","R","E","T","R","M","M","T","M","R","B"],"character_chosen":"WATCHER","items_purchased":["Adaptation"],"campfire_rested":1,"item_purchase_floors":[19],"current_hp_per_floor":[61,61,61,61,61,61,61,61,61,58,55,53,53,26,26,26,58,54,54,54,54,54,22,42,44,44,44,20,12,12,10,10,12,12],"gold":182,"neow_bonus":"THREE_ENEMY_KILL","is_daily":false,"chose_seed":false,"campfire_upgraded":4,"win_rate":0.0,"timestamp":1607767825,"path_taken":["M","$","?","?","?","R","E","M","T","M","M","E","M","E","R","BOSS","M","?","?","$","M","E","R","E","T","R","?","M","?","M","R","BOSS"],"items_purchased_type":["Card"],"build_version":"2020-11-30","purchased_purges":2,"victory":false,"max_hp_per_floor":[68,68,68,68,68,68,68,68,68,68,68,68,68,68,68,68,68,68,68,68,68,68,68,68,68,68,68,68,68,68,68,68,68,68],"card_choices":[{"not_picked":["Pray","SignatureMove","InnerPeace"],"picked":"SKIP","floor":1.0},{"not_picked":["EmptyBody","ReachHeaven"],"picked":"CrushJoints","floor":5.0},{"not_picked":["Crescendo","BattleHymn"],"picked":"Judgement","floor":7.0},{"not_picked":["SashWhip","ThirdEye","Vengeance"],"picked":"SKIP","floor":8.0},{"not_picked":["Protect","Swivel","Wallop"],"picked":"SKIP","floor":10.0},{"not_picked":["Study","InnerPeace","Halt"],"picked":"SKIP","floor":11.0},{"not_picked":["Crescendo","CutThroughFate","ClearTheMind"],"picked":"SKIP","floor":12.0},{"not_picked":["FollowUp","Consecrate","ClearTheMind"],"picked":"SKIP","floor":13.0},{"not_picked":["Vault","WreathOfFlame"],"picked":"EmptyFist","floor":14.0},{"not_picked":["Conclude","SignatureMove","Wallop"],"picked":"SKIP","floor":18.0},{"not_picked":["ClearTheMind","FollowUp","JustLucky"],"picked":"SKIP","floor":22.0},{"not_picked":["Consecrate","Prostrate","EmptyMind"],"picked":"SKIP","floor":23.0},{"not_picked":["TalkToTheHand","Indignation","EmptyBody"],"picked":"SKIP","floor":25.0},{"not_picked":["FollowUp","Consecrate","Wireheading"],"picked":"SKIP","floor":28.0},{"not_picked":["FlurryOfBlows+1","WreathOfFlame","DevaForm"],"picked":"SKIP","floor":29},{"not_picked":["LikeWater+1","Wallop","Halt"],"picked":"SKIP","floor":31}],"player_experience":723652,"relics_obtained":[{"floor":7.0,"key":"CaptainsWheel"},{"floor":9.0,"key":"HornCleat"},{"floor":12.0,"key":"Tiny Chest"},{"floor":14.0,"key":"InkBottle"},{"floor":17.0,"key":"Dream Catcher"},{"floor":17.0,"key":"Mummified Hand"},{"floor":17.0,"key":"Lizard Tail"},{"floor":23.0,"key":"Blood Vial"},{"floor":25.0,"key":"Lantern"},{"floor":26.0,"key":"Kunai"}],"event_choices":[{"cards_removed":["Defend_P"],"damage_healed":0.0,"max_hp_gain":0.0,"max_hp_loss":0.0,"gold_gain":0.0,"event_name":"Living Wall","player_choice":"Forget","floor":3.0,"gold_loss":0.0,"damage_taken":0.0},{"cards_removed":["Strike_P"],"damage_healed":0.0,"max_hp_gain":0.0,"max_hp_loss":0.0,"gold_gain":0.0,"event_name":"Bonfire Elementals","player_choice":"Offered Basic","floor":4.0,"gold_loss":0.0,"damage_taken":0.0},{"damage_healed":0.0,"max_hp_gain":0.0,"max_hp_loss":0.0,"gold_gain":0.0,"event_name":"Duplicator","player_choice":"Copied","floor":20.0,"gold_loss":0.0,"damage_taken":0.0,"cards_obtained":["Adaptation"]}],"is_beta":false,"boss_relics":[{"not_picked":["Empty Cage","Velvet Choker"],"picked":"Calling Bell"}],"items_purged_floors":[2,19],"is_endless":false,"potions_floor_spawned":[1,5,12,13,18,23],"killed_by":"Champ","ascension_level":18}}