{"host":"x0ovlu53kkkog8rv","time":1607787869,"event":{"mods":["BaseMod","Colored Map","Minty Spire (QoL Compilation)","Quick Restart","SuperFastMode"],"gold_per_floor":[110,110,122,122,72,72,115,139,139,157,3,3,3,28,28,152,152,170,184,32,56,71,71,104,104,104],"floor_reached":25,"playtime":684,"items_purged":[],"score":287,"play_id":"de7724ab-1def-4900-98a3-40c85d2ad68d","local_time":"20201213004429","is_ascension_mode":true,"campfire_choices":[{"data":"Perfected Strike","floor":6,"key":"SMITH"},{"floor":12,"key":"REST"},{"data":"Warcry","floor":15,"key":"SMITH"},{"floor":23,"key":"REST"}],"circlet_count":0,"master_deck":["Strike_R","Strike_R","Strike_R","Strike_R","Strike_R","Defend_R","Defend_R","Bash","Combust","Perfected Strike+1","Pommel Strike+1","Warcry+1","Metallicize","Disarm+1","Twin Strike+1","Seeing Red","Inflame"],"relics":["Burning Blood","Golden Idol","Incense Burner","Ginger","Regal Pillow","Mark of Pain","Medical Kit","Gremlin Horn"],"acts_visited":["Exordium","TheCity"],"potions_floor_usage":[16,16,22,22,24],"damage_taken":[{"damage":13,"enemies":"Jaw Worm","floor":1,"turns":4},{"damage":9,"enemies":"2 Louse","floor":3,"turns":2},{"damage":39,"enemies":"Lagavulin","floor":7,"turns":5},{"damage":6,"enemies":"Cultist","floor":8,"turns":3},{"damage":9,"enemies":"Blue Slaver","floor":10,"turns":3},{"damage":0,"enemies":"Large Slime","floor":14,"turns":2},{"damage":0,"enemies":"Slime Boss","floor":16,"turns":5},{"damage":22,"enemies":"Spheric Guardian","floor":18,"turns":4},{"damage":27,"enemies":"3 Byrds","floor":19,"turns":5},{"damage":20,"enemies":"Sentry and Sphere","floor":21,"turns":4},{"damage":13,"enemies":"Centurion and Healer","floor":22,"turns":5},{"damage":55,"enemies":"Gremlin Leader","floor":24,"turns":4},{"damage":25,"enemies":"Shelled Parasite and Fungi","floor":25,"turns":2}],"seed_played":"-7370263052851087895","potions_obtained":[{"floor":7,"key":"LiquidBronze"},{"floor":8,"key":"AttackPotion"},{"floor":10,"key":"ColorlessPotion"},{"floor":18,"key":"Explosive Potion"},{"floor":21,"key":"BlessingOfTheForge"},{"floor":22,"key":"Fruit Juice"}],"is_trial":false,"path_per_floor":["M","?","M","?","?","R","E","M","T","M","$","R","?","M","R","B",null,"M","M","$","M","M","R","E","M"],"character_chosen":"IRONCLAD","items_purchased":["Regal Pillow","Medical Kit"],"campfire_rested":2,"item_purchase_floors":[11,20],"current_hp_per_floor":[73,66,63,63,63,63,30,30,30,27,27,66,66,72,72,78,80,64,43,43,29,27,67,18,0,0],"gold":104,"neow_bonus":"TRANSFORM_CARD","is_daily":false,"chose_seed":false,"campfire_upgraded":2,"win_rate":0.0,"timestamp":1607787869,"path_taken":["M","?","M","?","?","R","E","M","T","M","$","R","?","M","R","BOSS","M","?","$","M","M","R","E","M"],"items_purchased_type":["Relic","Relic"],"build_version":"2020-11-30","purchased_purges":0,"victory":false,"max_hp_per_floor":[80,80,80,80,80,80,80,80,80,80,80,80,80,80,80,80,80,80,80,80,80,85,85,85,85,85],"card_choices":[{"not_picked":["Havoc","Carnage","True Grit"],"picked":"SKIP","floor":1},{"not_picked":["Combust","Body Slam"],"picked":"Perfected Strike","floor":3},{"not_picked":["Headbutt","Rampage"],"picked":"Pommel Strike","floor":7},{"not_picked":["True Grit","Rampage","Corruption"],"picked":"SKIP","floor":8},{"not_picked":["Battle Trance","Cleave"],"picked":"Warcry","floor":10},{"not_picked":["Clash","Blood for Blood"],"picked":"Metallicize","floor":14},{"not_picked":["Sentinel","Sword Boomerang"],"picked":"Disarm+1","floor":18},{"not_picked":["Cleave","Body Slam"],"picked":"Twin Strike+1","floor":19},{"not_picked":["Armaments","Hemokinesis","Limit Break"],"picked":"SKIP","floor":21},{"not_picked":["Armaments","Blood for Blood"],"picked":"Seeing Red","floor":22},{"not_picked":["Sword Boomerang","Clothesline+1"],"picked":"Inflame","floor":24}],"player_experience":176092,"relics_obtained":[{"floor":7,"key":"Incense Burner"},{"floor":9,"key":"Ginger"},{"floor":24,"key":"Gremlin Horn"}],"event_choices":[{"cards_removed":["Defend_R"],"damage_healed":0,"gold_gain":0,"player_choice":"Card Removal","damage_taken":7,"max_hp_gain":0,"max_hp_loss":0,"event_name":"Golden Wing","floor":2,"gold_loss":0},{"damage_healed":0,"gold_gain":0,"player_choice":"Take Wound","damage_taken":0,"relics_obtained":["Golden Idol"],"max_hp_gain":0,"max_hp_loss":0,"event_name":"Golden Idol","floor":4,"gold_loss":0,"cards_obtained":["Injury"]},{"cards_removed":["Injury"],"damage_healed":0,"gold_gain":0,"player_choice":"Card Removal","damage_taken":0,"max_hp_gain":0,"max_hp_loss":0,"event_name":"The Cleric","floor":5,"gold_loss":50},{"damage_healed":0,"gold_gain":0,"player_choice":"Forge","damage_taken":0,"max_hp_gain":0,"max_hp_loss":0,"event_name":"Accursed Blacksmith","floor":13,"gold_loss":0,"cards_upgraded":["Pommel Strike"]}],"is_beta":false,"boss_relics":[{"not_picked":["Coffee Dripper","Cursed Key"],"picked":"Mark of Pain"}],"items_purged_floors":[],"is_endless":false,"potions_floor_spawned":[7,8,10,18,21,22],"killed_by":"Shelled Parasite and Fungi","ascension_level":1}}