{"host":"9r4xop0yxveozoj0","time":1607734899,"event":{"mods":["BaseMod","Colored Map","Colored Powertips","Hubris","Infinite Spire","Minty Spire (QoL Compilation)","Permanent Neow","Replay The Spire","StSLib","The Blue Laboratory","The Cursed"],"gold_per_floor":[111,127,146,146,161,195,207,112,112,146,159,185,83,9,9,108,108,126,126,141,321,336,362,381,381,381,381,404,404,314,344,344,447,447,482,509,708,708,764,802,802,825,872,872,884,884],"floor_reached":45,"playtime":4869,"items_purged":["Injury","Bash"],"score":608,"play_id":"5975e1ad-de45-4b84-9453-54337c454236","local_time":"20201211200139","is_ascension_mode":false,"campfire_choices":[{"data":"Eclipse","floor":15,"key":"SMITH"},{"floor":25,"key":"REST"},{"floor":32,"key":"RECALL"},{"floor":41,"key":"REST"}],"circlet_count":0,"master_deck":["Strike_R","Strike_R","Strike_R","Strike_R","Strike_R","Defend_R","Defend_R","Defend_R","Defend_R","Eclipse+1","Inflame","Cleave","hubris:StunningStrike","Inflame","Cleave+1","Heavy Blade","Cleave","Cleave+1","Feed+1","Flex","infinitespire:FinalStrike","Heavy Blade","Demon Form","ReplayTheSpireMod:Muscle Training","TheCursedMod:SpreadPlague","Hemogenesis","hubris:StunningStrike","Flex+1","Cleave","Flex"],"relics":["Burning Blood","hubris:PeanutButter","Smiling Mask","Replay:Bottled Steam","Juzu Bracelet","StrikeDummy","Honey Jar","Velvet Choker","Boot","Whetstone","Replay:Bandana","hubris:Towel","Black Star","hubris:Zylophone","Ancient Tea Set","Strawberry","hubris:ChampionShield"],"acts_visited":["Exordium","TheCity","TheBeyond"],"potions_floor_usage":[10,12,16,16,18,20,33,33,36,39,39,40],"damage_taken":[{"damage":7,"enemies":"Cultist","floor":1,"turns":6},{"damage":10,"enemies":"Jaw Worm","floor":2,"turns":4},{"damage":8,"enemies":"Small Slimes","floor":3,"turns":3},{"damage":31,"enemies":"Exordium Thugs","floor":5,"turns":5},{"damage":0,"enemies":"Replay:BlueRogue","floor":6,"turns":4},{"damage":0,"enemies":"Large Slime","floor":7,"turns":5},{"damage":0,"enemies":"Gremlin Nob","floor":10,"turns":4},{"damage":5,"enemies":"Gremlin Gang","floor":11,"turns":3},{"damage":0,"enemies":"3 Sentries","floor":12,"turns":4},{"damage":11,"enemies":"Fading Forest","floor":16,"turns":11},{"damage":16,"enemies":"Shell Parasite","floor":18,"turns":5},{"damage":0,"enemies":"Chosen","floor":20,"turns":3},{"damage":29,"enemies":"Shelled Parasite and Fungi","floor":22,"turns":4},{"damage":19,"enemies":"Slavers","floor":23,"turns":3},{"damage":0,"enemies":"Snecko","floor":24,"turns":3},{"damage":2,"enemies":"Chosen and Byrds","floor":31,"turns":4},{"damage":62,"enemies":"Automaton","floor":33,"turns":8},{"damage":15,"enemies":"3 Darklings","floor":35,"turns":3},{"damage":13,"enemies":"3 Shapes","floor":36,"turns":2},{"damage":4,"enemies":"Mind Bloom Boss Battle","floor":39,"turns":2},{"damage":38,"enemies":"Nemesis","floor":40,"turns":7},{"damage":55,"enemies":"Jaw Worm Horde","floor":42,"turns":7},{"damage":18,"enemies":"Giant Head","floor":45,"turns":5}],"seed_played":"7906096292254922494","potions_obtained":[{"floor":6,"key":"blueLaboratory:RememoryPotion"},{"floor":7,"key":"blueLaboratory:IronCompound"},{"floor":11,"key":"Block Potion"},{"floor":16,"key":"Fire Potion"},{"floor":18,"key":"BlessingOfTheForge"},{"floor":23,"key":"blueLaboratory:ForbiddenFruitJuice"},{"floor":31,"key":"BlessingOfTheForge"},{"floor":35,"key":"Energy Potion"},{"floor":38,"key":"Death Potion"},{"floor":38,"key":"FearPotion"},{"floor":39,"key":"SneckoOil"}],"is_trial":false,"path_per_floor":["M","M","M","T","M","E","M","$","T","E","M","E","$","?","R","B",null,"M","AVR","M","?","M","E","M","R","T","?","T","?","?","M","R","B",null,"M","M","?","?","?","E","R","M","T","$","E"],"character_chosen":"IRONCLAD","items_purchased":["Cleave","Explosive Potion"],"campfire_rested":2,"item_purchase_floors":[8,13],"current_hp_per_floor":[79,75,73,73,48,54,60,60,60,66,67,73,73,73,73,78,80,70,70,79,60,40,27,33,58,58,58,58,58,58,62,62,41,76,67,64,32,32,34,24,50,12,12,12,0,0],"gold":884,"neow_bonus":"THREE_RARE_CARDS","is_daily":false,"chose_seed":false,"campfire_upgraded":1,"win_rate":0.0,"timestamp":1607734899,"path_taken":["M","M","M","?","M","E","?","$","T","E","M","E","$","?","R","BOSS","M","AVR","M","?","M","E","M","R","T","?","?","?","?","M","R","BOSS","M","M","?","?","?","E","R","M","T","$","E"],"items_purchased_type":["Card","Potion"],"build_version":"2020-11-30","purchased_purges":2,"victory":false,"max_hp_per_floor":[80,80,80,80,80,80,80,80,80,80,80,80,80,80,80,80,80,80,80,83,83,86,86,86,86,86,86,86,86,86,86,86,76,76,76,80,80,80,80,87,87,91,91,91,91,91],"card_choices":[{"not_picked":["Offering","Hemogenesis"],"picked":"Eclipse","floor":0},{"not_picked":["Dual Wield","Clash"],"picked":"Inflame","floor":1},{"not_picked":["Sword Boomerang","Thunderclap"],"picked":"Cleave","floor":2},{"not_picked":["Intimidate","Immolate","Run Through"],"picked":"SKIP","floor":3},{"not_picked":["Clash","hubris:ReadiedAction","Anger"],"picked":"SKIP","floor":5},{"not_picked":["Perfected Strike","Carnage"],"picked":"hubris:StunningStrike","floor":6},{"not_picked":["Armaments","Pommel Strike"],"picked":"Inflame","floor":7},{"not_picked":["Feel No Pain","Perfected Strike"],"picked":"Heavy Blade","floor":10},{"not_picked":["Shrug It Off","Anger"],"picked":"Cleave","floor":11},{"not_picked":["Reckless Charge","Warcry"],"picked":"Cleave","floor":12},{"not_picked":["Juggernaut","Barricade"],"picked":"Feed","floor":16},{"not_picked":["Heavy Blade","Sword Boomerang","Headbutt+1"],"picked":"Flex","floor":18},{"not_picked":["hubris:ReadiedAction+1","Iron Wave","True Grit+1"],"picked":"Heavy Blade","floor":20},{"not_picked":["ReplayTheSpireMod:Strike From Hell","Clothesline","Iron Wave+1"],"picked":"Replay:Undeath\u0027s Touch+1","floor":22},{"not_picked":["Intimidate","Anger","Replay:Many Hands"],"picked":"Demon Form","floor":23},{"not_picked":["hubris:CleavingFinish","Iron Wave+1","ReplayTheSpireMod:Strike From Hell"],"picked":"ReplayTheSpireMod:Muscle Training","floor":24},{"not_picked":["ReplayTheSpireMod:Strike From Hell","Body Slam","Blood for Blood"],"picked":"Hemogenesis","floor":31},{"not_picked":["Brutality","Bludgeon","Immolate"],"picked":"hubris:StunningStrike","floor":33},{"not_picked":["ReplayTheSpireMod:LeadingStrike","Clothesline","Life Link"],"picked":"Flex+1","floor":35},{"not_picked":["Replay:Undeath\u0027s Touch","Run Through","True Grit","Body Slam"],"picked":"SKIP","floor":36},{"not_picked":["Pommel Strike+1","Armaments","Heavy Blade+1"],"picked":"Cleave","floor":37},{"not_picked":["Fire Breathing","Wild Strike","Seeing Red+1"],"picked":"Flex","floor":39},{"not_picked":["Clothesline","hubris:SharpeningStone","Juggernaut","Pommel Strike+1"],"picked":"SKIP","floor":40},{"not_picked":["Shrug It Off+1","Wild Strike+1","Thunderclap","Armaments"],"picked":"SKIP","floor":42}],"player_experience":149131,"relics_obtained":[{"floor":4,"key":"hubris:PeanutButter"},{"floor":6,"key":"Smiling Mask"},{"floor":10,"key":"Replay:Bottled Steam"},{"floor":12,"key":"Juzu Bracelet"},{"floor":23,"key":"Boot"},{"floor":26,"key":"Whetstone"},{"floor":28,"key":"Replay:Bandana"},{"floor":39,"key":"hubris:Zylophone"},{"floor":40,"key":"Ancient Tea Set"},{"floor":40,"key":"Strawberry"},{"floor":43,"key":"hubris:ChampionShield"}],"event_choices":[{"damage_healed":0,"gold_gain":0,"player_choice":"Paid Gold","damage_taken":0,"relics_obtained":["StrikeDummy"],"max_hp_gain":0,"max_hp_loss":0,"event_name":"WeMeetAgain","floor":14,"gold_loss":74},{"damage_healed":0,"gold_gain":180,"player_choice":"GOLD GOLD ","damage_taken":19,"max_hp_gain":0,"max_hp_loss":0,"event_name":"Knowing Skull","floor":21,"potions_obtained":[],"gold_loss":0,"cards_obtained":[]},{"damage_healed":0,"gold_gain":0,"player_choice":"Read","damage_taken":0,"max_hp_gain":0,"max_hp_loss":0,"event_name":"The Library","floor":27,"gold_loss":0,"cards_obtained":["TheCursedMod:SpreadPlague"]},{"cards_removed":["Replay:Undeath\u0027s Touch"],"damage_healed":0,"gold_gain":0,"player_choice":"Upgrade and Remove","damage_taken":0,"max_hp_gain":0,"max_hp_loss":0,"event_name":"Designer","floor":30,"gold_loss":90,"cards_upgraded":["Cleave"]},{"damage_healed":0,"gold_gain":0,"player_choice":"Got Potions","damage_taken":0,"max_hp_gain":0,"max_hp_loss":0,"event_name":"Lab","floor":38,"gold_loss":0},{"damage_healed":0,"gold_gain":0,"player_choice":"Fight","damage_taken":0,"max_hp_gain":0,"max_hp_loss":0,"event_name":"MindBloom","floor":39,"gold_loss":0}],"is_beta":false,"boss_relics":[{"not_picked":["infinitespire:Cupcake","hubris:ScarierMask"],"picked":"Honey Jar"},{"not_picked":["hubris:GrandSneckoEye","Replay:Ancient Bell"],"picked":"Black Star"}],"items_purged_floors":[8,13],"is_endless":false,"potions_floor_spawned":[2,6,7,11,16,18,23,31,35,39],"killed_by":"Giant Head","ascension_level":0}}