{"host":"g4ryq3ohgato1u8z","time":1607773540,"event":{"mods":["BaseMod","Dota2Spire","Friendly Minions","Koishi","Minty Spire (QoL Compilation)","Prisma Mod","Remilia£®¿Ÿ√◊¿Ú—«£©","StSLib","The Animator","The Senshi","Waifu the Spire"],"gold_per_floor":[116,131,131,143,143,143,174,174,242,270,286,319,319,150,150,150,150],"floor_reached":16,"playtime":646,"items_purged":[],"score":236,"play_id":"89c6bc41-f015-42c8-832a-bc0227cebbd2","local_time":"20201212194540","is_ascension_mode":true,"campfire_choices":[{"data":"ScarletShoot","floor":6,"key":"SMITH"},{"data":"RedMoon","floor":8,"key":"SMITH"},{"data":"VampireClaw","floor":13,"key":"SMITH"},{"data":"VampireSweep","floor":15,"key":"SMITH"}],"circlet_count":0,"master_deck":["AscendersBane","Strike_RM","Strike_RM","Strike_RM","Strike_RM","Defend_RM","Defend_RM","Defend_RM","Defend_RM","RedMoon+1","ScarletShoot+1","VampireSweep+1","UnstableMagic","VampireClaw+1"],"relics":["ScarletHat","Vajra","Smiling Mask","HornCleat","Dota2Spire:EtherealBlade","Darkstone Periapt","Omamori"],"acts_visited":["Exordium"],"potions_floor_usage":[10,12],"damage_taken":[{"damage":1,"enemies":"Cultist","floor":1,"turns":4},{"damage":2,"enemies":"Small Slimes","floor":2,"turns":8},{"damage":0,"enemies":"2 Louse","floor":4,"turns":3},{"damage":12,"enemies":"3 Sentries","floor":7,"turns":17},{"damage":21,"enemies":"Lagavulin","floor":10,"turns":7},{"damage":0,"enemies":"Exordium Wildlife","floor":11,"turns":4},{"damage":27,"enemies":"Gremlin Nob","floor":12,"turns":6},{"damage":76,"enemies":"Hexaghost","floor":16,"turns":14}],"seed_played":"7073713468207973737","potions_obtained":[{"floor":4,"key":"Weak Potion"},{"floor":7,"key":"LiquidBronze"},{"floor":11,"key":"FairyPotion"}],"is_trial":false,"path_per_floor":["M","M","$","M","?","R","E","R","T","E","M","E","R","$","R","B"],"character_chosen":"REMILIA","items_purchased":["Omamori"],"campfire_rested":0,"item_purchase_floors":[14],"current_hp_per_floor":[64,69,69,69,69,69,59,59,59,46,49,30,30,30,30,0,0],"gold":150,"neow_bonus":"RANDOM_COMMON_RELIC","is_daily":false,"chose_seed":false,"campfire_upgraded":4,"win_rate":0.0,"timestamp":1607773540,"path_taken":["M","M","?","M","?","R","E","R","T","E","?","E","R","?","R","BOSS"],"items_purchased_type":["Relic"],"build_version":"2020-11-30","purchased_purges":0,"victory":false,"max_hp_per_floor":[70,70,70,70,70,70,70,70,70,70,70,70,70,70,70,70,70],"card_choices":[{"not_picked":["BombardNight","ForbiddenFruit","ScarletDevil"],"picked":"SKIP","floor":1},{"not_picked":["BombardNight","ScarletImprint","EndlessAdversity"],"picked":"SKIP","floor":2},{"not_picked":["LeisurelyOfLord","ScarletDevil","ScarletImprint"],"picked":"SKIP","floor":4},{"not_picked":["DemonKingCradle","VampireFantasy","StarOfDavid"],"picked":"SKIP","floor":7},{"not_picked":["VampireKiss","BloodHunter"],"picked":"VampireSweep","floor":10},{"not_picked":["NightLord","LeisurelyOfLord"],"picked":"UnstableMagic","floor":11},{"not_picked":["VampireKiss","EndlessAdversity"],"picked":"VampireClaw","floor":12}],"player_experience":1380806,"relics_obtained":[{"floor":7,"key":"Smiling Mask"},{"floor":9,"key":"HornCleat"},{"floor":10,"key":"Dota2Spire:EtherealBlade"},{"floor":12,"key":"Darkstone Periapt"}],"event_choices":[{"damage_healed":0,"gold_gain":0,"player_choice":"0 cards matched","damage_taken":0,"max_hp_gain":0,"max_hp_loss":0,"event_name":"Match and Keep!","floor":5,"gold_loss":0,"cards_obtained":[]}],"is_beta":false,"boss_relics":[],"items_purged_floors":[],"is_endless":false,"potions_floor_spawned":[4,7,11],"killed_by":"Hexaghost","ascension_level":20}}