{"host":"m3rs92yjkwi06hli","time":1607786658,"event":{"mods":["Act Like it!","Aspiration","BaseMod","Colored Map","Conspire","Defuse TimeMaze Blight","Energized Spire","Hubris","Infinite Spire","Jorbs\u0027s Wanderer Trilogy","Minty Spire (QoL Compilation)","Relic Stats","Replay The Spire","Spicy Shops","StSLib"],"gold_per_floor":[115,115,115,126,140,152,152,24,24,24,40,40,50,66,66,161,161,180,105,124,124,124,124,136,136,136,136,136,154,167,167,167,264,264,280,280,280,299,299,299,349,349,349,376,388,388,406,423,423,433],"floor_reached":51,"playtime":1867,"items_purged":["Normality"],"score":794,"play_id":"101d5d73-39e4-4e92-ade7-6757b18a6d67","local_time":"20201212092418","is_ascension_mode":false,"campfire_choices":[{"data":"stsjorbsmod:TrueStrike","floor":7,"key":"SMITH"},{"data":"stsjorbsmod:ColorSpray","floor":12,"key":"SMITH"},{"data":"stsjorbsmod:DeathThroes","floor":15,"key":"SMITH"},{"data":"stsjorbsmod:ChatteringStrike","floor":23,"key":"SMITH"},{"data":"stsjorbsmod:MageArmor","floor":25,"key":"SMITH"},{"data":"stsjorbsmod:TollTheDead","floor":28,"key":"SMITH"},{"floor":32,"key":"DIG"},{"floor":42,"key":"REST"},{"data":"stsjorbsmod:Withdraw","floor":46,"key":"SMITH"},{"data":"stsjorbsmod:ArcaneWeapon","floor":49,"key":"SMITH"}],"circlet_count":0,"master_deck":["stsjorbsmod:ForbiddenGrimoire+1","stsjorbsmod:Strike_Wanderer","stsjorbsmod:Strike_Wanderer","stsjorbsmod:Strike_Wanderer","stsjorbsmod:Strike_Wanderer","stsjorbsmod:Defend_Wanderer","stsjorbsmod:Defend_Wanderer","stsjorbsmod:Defend_Wanderer","stsjorbsmod:Defend_Wanderer","stsjorbsmod:FreshAdventure","stsjorbsmod:EyeOfTheStorm+1","stsjorbsmod:ParryingBlow","stsjorbsmod:BlackTentacles","stsjorbsmod:TrueStrike+1","stsjorbsmod:ColorSpray+1","stsjorbsmod:TollTheDead+1","stsjorbsmod:DeathThroes+1","stsjorbsmod:Channel","stsjorbsmod:ChatteringStrike+1","stsjorbsmod:DoubleCheck","stsjorbsmod:MageArmor+1","stsjorbsmod:TrueStrike+1","stsjorbsmod:Materialize","stsjorbsmod:Withdraw+1","stsjorbsmod:Thorns+1","Madness","Madness","stsjorbsmod:TinyHut","stsjorbsmod:Materialize","stsjorbsmod:UnseenServant+1","stsjorbsmod:LocateObject","stsjorbsmod:ArcaneWeapon+1"],"relics":["stsjorbsmod:GrimoireRelic","Ring of Peace","Ring of Fury","Replay:Bottled Flurry","aspiration:TomeofQuesting","aspiration:RunicSpoon","Shuriken","Omamori","ChewingGum","Replay:PocketPolymizer","conspire:SlowCooker","Turnip","aspiration:StickyExplosives","aspiration:HummingbirdHeart"],"acts_visited":["Exordium","TheCity","TheBeyond"],"potions_floor_usage":[16,18,24,50,50,50],"damage_taken":[{"damage":2,"enemies":"Small Slimes","floor":1,"turns":3},{"damage":0,"enemies":"Cultist","floor":4,"turns":3},{"damage":0,"enemies":"conspire:RoseBush","floor":5,"turns":5},{"damage":0,"enemies":"Exordium Thugs","floor":6,"turns":5},{"damage":0,"enemies":"Red Slaver","floor":11,"turns":2},{"damage":0,"enemies":"3 Louse","floor":13,"turns":2},{"damage":12,"enemies":"conspire:2 RoseBushes","floor":14,"turns":3},{"damage":0,"enemies":"Slime Boss","floor":16,"turns":6},{"damage":12,"enemies":"2 Thieves","floor":18,"turns":4},{"damage":0,"enemies":"Spheric Guardian","floor":20,"turns":2},{"damage":20,"enemies":"Snake Plant","floor":24,"turns":5},{"damage":0,"enemies":"conspire:HollyBat","floor":29,"turns":5},{"damage":0,"enemies":"Centurion and Healer","floor":30,"turns":4},{"damage":17,"enemies":"Champ","floor":33,"turns":6},{"damage":18,"enemies":"3 Darklings","floor":35,"turns":4},{"damage":0,"enemies":"Orb Walker","floor":38,"turns":4},{"damage":12,"enemies":"Mind Bloom Boss Battle","floor":41,"turns":7},{"damage":0,"enemies":"Giant Head","floor":44,"turns":6},{"damage":7,"enemies":"Maw","floor":45,"turns":6},{"damage":0,"enemies":"Sphere and 2 Shapes","floor":47,"turns":2},{"damage":0,"enemies":"Transient","floor":48,"turns":4},{"damage":73,"enemies":"conspire:OrnateMirror","floor":50,"turns":6}],"seed_played":"-8703715200652531377","potions_obtained":[{"floor":1,"key":"ColorlessPotion"},{"floor":5,"key":"Block Potion"},{"floor":6,"key":"Block Potion"},{"floor":20,"key":"SpeedPotion"},{"floor":24,"key":"Weak Potion"},{"floor":30,"key":"Dexterity Potion"},{"floor":44,"key":"ColorlessPotion"},{"floor":45,"key":"Adrenaline Potion"},{"floor":47,"key":"Energy Potion"},{"floor":48,"key":"stsjorbsmod:LiquidVirtue"}],"is_trial":false,"path_per_floor":["M","?","?","M","M","M","R","$","T","?","M","R","M","M","R","B",null,"M","$","M","?","?","R","M","R","T","AVR","R","M","M","?","R_BF","B",null,"M","?","?","M","?","?","?","R","T","E","M","R","M","M","R","B",null],"character_chosen":"WANDERER","items_purchased":["Replay:Bottled Flurry"],"campfire_rested":1,"item_purchase_floors":[8],"current_hp_per_floor":[67,67,78,78,78,82,82,82,82,82,82,82,82,73,73,75,84,73,73,74,82,82,82,65,65,65,65,65,67,69,69,69,53,84,67,67,56,58,58,58,48,73,73,75,70,70,72,76,76,9],"gold":433,"neow_bonus":"ONE_RANDOM_RARE_CARD","is_daily":false,"chose_seed":false,"campfire_upgraded":8,"win_rate":0.0,"timestamp":1607786658,"path_taken":["M","?","?","?","M","M","R","?","T","?","M","R","?","M","R","BOSS","M","$","M","?","?","R","M","R","T","AVR","R","?","M","?","R_BF","BOSS","M","?","?","M","?","?","?","R","T","E","M","R","?","M","R","BOSS"],"items_purchased_type":["Relic"],"build_version":"2020-11-30","purchased_purges":1,"victory":true,"max_hp_per_floor":[68,68,78,78,78,82,82,82,82,82,82,82,82,84,84,84,84,84,84,84,84,84,84,84,84,84,84,84,84,84,84,84,84,84,84,84,84,84,84,84,84,84,84,84,84,84,84,84,84,84],"relic_stats":{"counters":[22,94],"Shuriken":[36],"aspiration:RunicSpoon":[80],"Turnip":[3],"obtain_stats":[{"aspiration:StickyExplosives":43,"Replay:PocketPolymizer":32,"aspiration:RunicSpoon":17,"stsjorbsmod:GrimoireRelic":0,"aspiration:TomeofQuesting":9,"conspire:SlowCooker":34,"Omamori":27,"aspiration:HummingbirdHeart":44,"Shuriken":26,"Ring of Peace":2,"Ring of Fury":2,"ChewingGum":27,"Turnip":41,"Replay:Bottled Flurry":8},{"aspiration:StickyExplosives":17,"Replay:PocketPolymizer":13,"aspiration:RunicSpoon":8,"stsjorbsmod:GrimoireRelic":0,"aspiration:TomeofQuesting":4,"conspire:SlowCooker":14,"Omamori":11,"aspiration:HummingbirdHeart":18,"Shuriken":11,"Ring of Peace":1,"Ring of Fury":1,"ChewingGum":11,"Turnip":17,"Replay:Bottled Flurry":4},{"aspiration:StickyExplosives":70,"Replay:PocketPolymizer":49,"aspiration:RunicSpoon":29,"stsjorbsmod:GrimoireRelic":0,"aspiration:TomeofQuesting":16,"conspire:SlowCooker":55,"Omamori":40,"aspiration:HummingbirdHeart":76,"Shuriken":40,"Ring of Peace":3,"Ring of Fury":3,"ChewingGum":40,"Turnip":70,"Replay:Bottled Flurry":16}]},"card_choices":[{"not_picked":["stsjorbsmod:FracturedMind","stsjorbsmod:Mending"],"picked":"stsjorbsmod:ParryingBlow","floor":1},{"not_picked":["stsjorbsmod:Materialize","stsjorbsmod:UnseenServant"],"picked":"stsjorbsmod:BlackTentacles","floor":4},{"not_picked":["stsjorbsmod:Prepare","stsjorbsmod:WanderingMind"],"picked":"stsjorbsmod:TrueStrike","floor":5},{"not_picked":["stsjorbsmod:LocateObject","stsjorbsmod:RefuseToForget"],"picked":"stsjorbsmod:ColorSpray","floor":6},{"not_picked":["stsjorbsmod:Firebolt","stsjorbsmod:WeightOfMemory"],"picked":"stsjorbsmod:TollTheDead","floor":11},{"not_picked":["stsjorbsmod:MagicMirror","stsjorbsmod:ParryingBlow"],"picked":"stsjorbsmod:DeathThroes","floor":13},{"not_picked":["stsjorbsmod:Firebolt","stsjorbsmod:FaerieFire"],"picked":"stsjorbsmod:Channel","floor":14},{"not_picked":["stsjorbsmod:Firebolt","stsjorbsmod:WeightOfMemory"],"picked":"stsjorbsmod:ChatteringStrike","floor":18},{"not_picked":["stsjorbsmod:RayOfFrost+1","stsjorbsmod:SchoolsOfMagic"],"picked":"stsjorbsmod:DoubleCheck","floor":20},{"not_picked":["stsjorbsmod:ScorchingRay","stsjorbsmod:RayOfFrost"],"picked":"stsjorbsmod:MageArmor","floor":24},{"not_picked":["stsjorbsmod:Hibernate","stsjorbsmod:Mending"],"picked":"stsjorbsmod:TrueStrike","floor":29},{"not_picked":["stsjorbsmod:SchoolsOfMagic","stsjorbsmod:RayOfFrost"],"picked":"stsjorbsmod:Materialize","floor":30},{"not_picked":["stsjorbsmod:Pyromancy","stsjorbsmod:MirrorImage"],"picked":"stsjorbsmod:Withdraw","floor":33},{"not_picked":["stsjorbsmod:Index+1","stsjorbsmod:Introspection+1"],"picked":"stsjorbsmod:Thorns+1","floor":35},{"not_picked":["stsjorbsmod:Mending+1","stsjorbsmod:ChainLightning+1"],"picked":"stsjorbsmod:TinyHut","floor":38},{"not_picked":["stsjorbsmod:WeightOfMemory","stsjorbsmod:HedgeWizard"],"picked":"stsjorbsmod:Materialize","floor":41},{"not_picked":["stsjorbsmod:RayOfFrost","stsjorbsmod:FranticSearch+1"],"picked":"stsjorbsmod:UnseenServant+1","floor":44},{"not_picked":["stsjorbsmod:Message","stsjorbsmod:RefuseToForget"],"picked":"stsjorbsmod:LocateObject","floor":45},{"not_picked":["stsjorbsmod:UnseenServant","stsjorbsmod:Banish"],"picked":"stsjorbsmod:ArcaneWeapon","floor":47},{"not_picked":["stsjorbsmod:RefuseToForget+1","stsjorbsmod:BurningFlask","stsjorbsmod:Hibernate+1"],"picked":"SKIP","floor":48}],"player_experience":750990,"relics_obtained":[{"floor":2,"key":"Ring of Peace"},{"floor":2,"key":"Ring of Fury"},{"floor":9,"key":"aspiration:TomeofQuesting"},{"floor":26,"key":"Shuriken"},{"floor":32,"key":"Replay:PocketPolymizer"},{"floor":41,"key":"Turnip"},{"floor":43,"key":"aspiration:StickyExplosives"},{"floor":44,"key":"aspiration:HummingbirdHeart"}],"event_choices":[{"cards_removed":["stsjorbsmod:Fear"],"damage_healed":1,"gold_gain":0,"player_choice":"Offered Rare","damage_taken":0,"max_hp_gain":10,"max_hp_loss":0,"event_name":"Bonfire Elementals","floor":3,"gold_loss":0},{"damage_healed":0,"gold_gain":0,"player_choice":"Upgraded","damage_taken":0,"max_hp_gain":0,"max_hp_loss":0,"event_name":"Upgrade Shrine","floor":10,"gold_loss":0,"cards_upgraded":["stsjorbsmod:EyeOfTheStorm"]},{"damage_healed":0,"gold_gain":0,"player_choice":"0 cards matched","damage_taken":0,"max_hp_gain":0,"max_hp_loss":0,"event_name":"Match and Keep!","floor":22,"gold_loss":0,"cards_obtained":[]},{"damage_healed":0,"gold_gain":0,"player_choice":"Embrace Madness","damage_taken":11,"max_hp_gain":0,"max_hp_loss":0,"event_name":"Winding Halls","floor":37,"gold_loss":0,"cards_obtained":["Madness","Madness"]},{"damage_healed":0,"gold_gain":0,"player_choice":"Leave","damage_taken":0,"max_hp_gain":0,"max_hp_loss":0,"event_name":"conspire:Investor","floor":40,"gold_loss":0},{"damage_healed":0,"gold_gain":0,"player_choice":"Fight","damage_taken":0,"max_hp_gain":0,"max_hp_loss":0,"event_name":"MindBloom","floor":41,"gold_loss":0}],"is_beta":false,"boss_relics":[{"not_picked":["energizedSpire:HugeHouse","Fusion Hammer"],"picked":"aspiration:RunicSpoon"},{"not_picked":["ReplayTheSpireMod:DimensionalGlitch","Snecko Heart"],"picked":"conspire:SlowCooker"}],"items_purged_floors":[19],"is_endless":false,"potions_floor_spawned":[1,5,6,13,20,24,30,44,45,47,48],"ascension_level":0}}