{"host":"ze754j8gfb8asmsl","time":1607757174,"event":{"mods":["BaseMod","Lobotomy","LobotomyExtend","Marisa（F雨　魔理沙）","Minty Spire (QoL Compilation)","Quick Restart","Relic Stats","Replay The Spire","RumiaBox-露米娅的神秘盒子","Shop Mod","StSLib","【东方二次创作】八云紫mod","【功能Mod】混沌之环修复补丁","【遗物卡牌】REMEMod"],"gold_per_floor":[-99,-79,-65,-65,-46,-15,-15,15,42,76,76,91,114,148,148,253,253,265,281,281,281,90,121,121,153,153,53,80,99,199,2,2,100,100,114,214,61,80,80,105,173,292,319,319,399,458,434,793,793,853],"floor_reached":51,"playtime":4270,"items_purged":["Shame","Defend_MRS"],"score":1479,"play_id":"b69f611f-ed3b-49b1-a5d6-14822379a9bb","local_time":"20201212151254","is_ascension_mode":true,"campfire_choices":[{"data":"PropBag","floor":11.0,"key":"SMITH"},{"data":"Singularity","floor":15.0,"key":"SMITH"},{"floor":32,"key":"REST"},{"data":"EscapeVelocity","floor":44,"key":"SMITH"},{"data":"FinalSpark","floor":49,"key":"SMITH"}],"circlet_count":0,"master_deck":["MysteriousBeam","GrandCross","Chrysalis","EnergyFlow","PropBag+1","OrrerysSun","SuperPerseids","6A","Parasite","Parasite","Singularity+1","FinalSpark+1","UnstableBomb","DoubleSpark","MilkyWay","PowerUp","AbsoluteMagnitude+1","StarDustReverie+1","TreasureHunter+1","ManaRampage+1","StarDustReverie","MaximisePower","TreasureHunter","EscapeVelocity+1","BlazingStar","SporeBomb","CasketOfStar","WitchLeyline+1","IllusionStar+1","MilkyWay+1","MagicAbsorber+1"],"relics":["BewitchedHakkero","REME_ComplimentaryCards","PreservedInsect","Mirror","Orichalcum","ShroomBag","SoulBox","MerchantsRug","Question Card","Simple Rune","Oddly Smooth Stone","Quantum Egg","Unceasing Top","GodSword4","Sozu","REME_CardOfGreed","Replay:Bandana","MealTicket","LetterFromLob","Pantograph","Baka2","HornCleat","Old Coin"],"acts_visited":["TheCity","TheBeyond"],"potions_floor_usage":[16,25,30,50],"damage_taken":[{"damage":4.0,"enemies":"2 Louse","floor":1.0,"turns":3.0},{"damage":1.0,"enemies":"Small Slimes","floor":2.0,"turns":2.0},{"damage":2.0,"enemies":"Jaw Worm","floor":3.0,"turns":2.0},{"damage":8.0,"enemies":"Blue Slaver","floor":5.0,"turns":2.0},{"damage":3.0,"enemies":"3 Sentries","floor":6.0,"turns":2.0},{"damage":0.0,"enemies":"Gremlin Nob","floor":8.0,"turns":2.0},{"damage":0.0,"enemies":"2 Fungi Beasts","floor":10.0,"turns":2.0},{"damage":9.0,"enemies":"Red Slaver","floor":12.0,"turns":3.0},{"damage":8.0,"enemies":"The Mushroom Lair","floor":13.0,"turns":2.0},{"damage":7.0,"enemies":"Lagavulin","floor":14.0,"turns":4.0},{"damage":24,"enemies":"Hexaghost","floor":16,"turns":7},{"damage":8,"enemies":"Shell Parasite","floor":18,"turns":4},{"damage":0,"enemies":"Chosen","floor":19,"turns":3},{"damage":14,"enemies":"Gremlin Leader","floor":23,"turns":5},{"damage":31,"enemies":"REME_1_Revenger","floor":25,"turns":5},{"damage":0,"enemies":"Replay:Snechameleon","floor":28,"turns":3},{"damage":4,"enemies":"Centurion and Healer","floor":29,"turns":5},{"damage":15,"enemies":"Colosseum Slavers","floor":30,"turns":4},{"damage":7,"enemies":"Colosseum Nobs","floor":30,"turns":2},{"damage":8,"enemies":"Champ","floor":33,"turns":5},{"damage":8,"enemies":"3 Shapes","floor":35,"turns":2},{"damage":0,"enemies":"Orb Walker","floor":38,"turns":1},{"damage":0,"enemies":"R_Hoarder","floor":40,"turns":4},{"damage":0,"enemies":"Sphere and 2 Shapes","floor":41,"turns":2},{"damage":0,"enemies":"Giant Head","floor":42,"turns":4},{"damage":0,"enemies":"Nemesis","floor":45,"turns":3},{"damage":4,"enemies":"Spire Growth","floor":46,"turns":4},{"damage":0,"enemies":"3 Darklings","floor":47,"turns":3},{"damage":0,"enemies":"Giant Head","floor":48,"turns":2},{"damage":69,"enemies":"Time Eater","floor":50,"turns":6}],"seed_played":"1039477566025356881","potions_obtained":[{"floor":1.0,"key":"PowerPotion"},{"floor":6.0,"key":"Swift Potion"},{"floor":8.0,"key":"FairyPotion"},{"floor":16,"key":"LiquidMemories"},{"floor":18,"key":"DuplicationPotion"},{"floor":28,"key":"Death Potion"},{"floor":29,"key":"Adrenaline Potion"}],"is_trial":false,"path_per_floor":["M","M","M","$","M","E","?","E","T","M","R","M","?","E","R","B",null,"M","M","?","?","$","E","?","E","T","$","E","M","?","$","R","B",null,"M","?","$","M","$","E","M","E","T","R","E","M","M","E","R","B",null],"character_chosen":"MARISA","items_purchased":["MerchantsRug","GodSword4","REME_CardOfGreed"],"campfire_rested":1,"item_purchase_floors":[22,31,37],"current_hp_per_floor":[64,63,62,62,66,63,56,56,56,56,56,47,39,50,50,28,74,70,74,74,74,74,60,60,33,33,33,35,35,29,29,55,51,80,74,74,74,74,74,76,78,82,82,82,86,86,93,93,93,31],"gold":853,"neow_bonus":"CURSED_BOSS_RELIC","is_daily":false,"chose_seed":false,"campfire_upgraded":4,"win_rate":0.0,"timestamp":1607757174,"path_taken":["M","M","M","$","M","E","?","E","T","M","R","M","?","E","R","BOSS","M","M","?","?","$","E","?","E","T","?","E","?","?","$","R","BOSS","M","?","$","M","$","E","?","E","T","R","E","M","M","E","R","BOSS"],"items_purchased_type":["Relic","Relic","Relic"],"build_version":"2020-11-30","purchased_purges":2,"victory":true,"max_hp_per_floor":[75,75,75,75,75,75,75,75,75,75,75,75,75,89,89,89,89,89,89,89,89,89,89,89,89,89,89,89,89,89,89,89,89,89,89,89,89,89,89,89,89,89,89,89,89,93,93,93,93,96],"relic_stats":{"Sozu":3,"counters":[30,98],"Pantograph":0,"MealTicket":0,"PreservedInsect":612,"Orichalcum":[126],"Question Card":14,"obtain_stats":[{"AmplifyWand":23,"Gremlin Horn":13,"Mango":14,"SoulBox":17,"Old Coin":48,"Sozu":34,"Replay:Bandana":40,"Baka2":42,"HornCleat":45,"Sundial":12,"Pantograph":42,"MealTicket":40,"BewitchedHakkero":0,"SumBook":30,"MerchantsRug":22,"Blue Candle":6,"Quantum Egg":28,"Oddly Smooth Stone":26,"PreservedInsect":6,"Baka":1,"Letter Opener":46,"War Paint":7,"Orichalcum":9,"Question Card":23,"Mercury Hourglass":14,"ShroomBag":13,"Shuriken":8,"Ornamental Fan":50,"Simple Rune":25,"LetterFromLob":40,"MiniHakkero":0,"REME_CardOfGreed":37,"GodSword4":31,"Mirror":8,"Unceasing Top":30,"REME_ComplimentaryCards":0,"Meat on the Bone":18},{"AmplifyWand":14,"Gremlin Horn":9,"Mango":10,"SoulBox":11,"Old Coin":29,"Sozu":20,"Replay:Bandana":23,"Baka2":25,"HornCleat":26,"Sundial":8,"Pantograph":25,"MealTicket":23,"BewitchedHakkero":0,"SumBook":19,"MerchantsRug":13,"Blue Candle":5,"Quantum Egg":16,"Oddly Smooth Stone":15,"PreservedInsect":5,"Baka":1,"Letter Opener":27,"War Paint":5,"Orichalcum":6,"Question Card":14,"Mercury Hourglass":10,"ShroomBag":9,"Shuriken":6,"Ornamental Fan":30,"Simple Rune":15,"LetterFromLob":23,"MiniHakkero":0,"REME_CardOfGreed":21,"GodSword4":19,"Mirror":6,"Unceasing Top":19,"REME_ComplimentaryCards":0,"Meat on the Bone":12},{"AmplifyWand":41,"Gremlin Horn":19,"Mango":24,"SoulBox":31,"Old Coin":92,"Sozu":67,"Replay:Bandana":74,"Baka2":80,"HornCleat":83,"Sundial":16,"Pantograph":80,"MealTicket":74,"BewitchedHakkero":0,"SumBook":62,"MerchantsRug":38,"Blue Candle":11,"Quantum Egg":51,"Oddly Smooth Stone":48,"PreservedInsect":11,"Baka":3,"Letter Opener":84,"War Paint":11,"Orichalcum":13,"Question Card":43,"Mercury Hourglass":21,"ShroomBag":20,"Shuriken":12,"Ornamental Fan":93,"Simple Rune":48,"LetterFromLob":74,"MiniHakkero":0,"REME_CardOfGreed":69,"GodSword4":62,"Mirror":13,"Unceasing Top":62,"REME_ComplimentaryCards":0,"Meat on the Bone":32}],"Unceasing Top":[2]},"card_choices":[{"not_picked":["Robbery","WitchOfGreed"],"picked":"MysteriousBeam","floor":1.0},{"not_picked":["MysteriousBeam","GalacticHalo"],"picked":"GrandCross","floor":2.0},{"not_picked":["DC","GasGiant"],"picked":"EnergyFlow","floor":3.0},{"not_picked":["SuperPerseids","EarthLightRay"],"picked":"PropBag","floor":5.0},{"not_picked":["WitchLeyline","AsteroidBelt"],"picked":"OrrerysSun","floor":6.0},{"not_picked":["OpenUniverse","GasGiant"],"picked":"SuperPerseids","floor":8.0},{"not_picked":["DarkSpark","LuminesStrike","GravityBeat"],"picked":"SKIP","floor":10.0},{"not_picked":["EnergyFlow","ShootTheMoon"],"picked":"6A","floor":12.0},{"not_picked":["DarkSpark","DC"],"picked":"Singularity","floor":13.0},{"not_picked":["6A","MachineGunSpark","OrrerysSun"],"picked":"SKIP","floor":14.0},{"not_picked":["MillisecondPulsars","TreasureHunter"],"picked":"FinalSpark","floor":16},{"not_picked":["DC","EnergyRecoil"],"picked":"UnstableBomb","floor":18},{"not_picked":["PowerUp","DC+1"],"picked":"DoubleSpark","floor":19},{"not_picked":["StarBarrage","LuminesStrike+1","ShootingEcho"],"picked":"SKIP","floor":23},{"not_picked":["OneTimeOff+1","EscapeVelocity","6A","WitchOfGreed+1"],"picked":"SKIP","floor":25},{"not_picked":["ManaRampage","Orbital+1","NonDirectionalLaser","EventHorizon+1"],"picked":"SKIP","floor":28},{"not_picked":["ShootingEcho","GrandCross","Acceleration"],"picked":"PowerUp","floor":29},{"not_picked":["MysteriousBeam","GalacticHalo","DarkSpark"],"picked":"SporeBomb","floor":30},{"not_picked":["MaximisePower","MillisecondPulsars","CollectingQuirk"],"picked":"CasketOfStar","floor":33},{"not_picked":["NonDirectionalLaser+1","SporeBomb+1","AsteroidBelt","LuminesStrike"],"picked":"SKIP","floor":35},{"not_picked":["GrandCross+1","GravityBeat+1","StarBarrage+1","WitchLeyline"],"picked":"SKIP","floor":38},{"not_picked":["IllusionStar+1","ChargeUpSpray+1","WitchOfGreed"],"picked":"WitchLeyline+1","floor":40},{"not_picked":["OpenUniverse+1","GravityBeat+1","GalacticHalo"],"picked":"IllusionStar+1","floor":41},{"not_picked":["MagicChant","GrandCross+1","AbsoluteMagnitude","AsteroidBelt"],"picked":"SKIP","floor":42},{"not_picked":["EarthLightRay","Robbery+1","ChargeUpSpray","Orbital"],"picked":"SKIP","floor":45},{"not_picked":["Robbery+1","MeteoricShower+1","DoubleSpark","MysteriousBeam"],"picked":"SKIP","floor":46},{"not_picked":["GasGiant","WitchLeyline","OrrerysSun+1"],"picked":"MilkyWay+1","floor":47},{"not_picked":["Acceleration+1","MagicChant","AsteroidBelt+1"],"picked":"MagicAbsorber+1","floor":48}],"player_experience":108862,"relics_obtained":[{"floor":1.0,"key":"Baka"},{"floor":6.0,"key":"PreservedInsect"},{"floor":8.0,"key":"Mirror"},{"floor":9.0,"key":"Orichalcum"},{"floor":13.0,"key":"ShroomBag"},{"floor":14.0,"key":"Mango"},{"floor":23,"key":"Question Card"},{"floor":25,"key":"Simple Rune"},{"floor":26,"key":"Oddly Smooth Stone"},{"floor":28,"key":"Quantum Egg"},{"floor":30,"key":"Unceasing Top"},{"floor":30,"key":"SumBook"},{"floor":40,"key":"Replay:Bandana"},{"floor":40,"key":"MealTicket"},{"floor":40,"key":"LetterFromLob"},{"floor":42,"key":"Pantograph"},{"floor":42,"key":"Baka2"},{"floor":45,"key":"HornCleat"},{"floor":48,"key":"Old Coin"}],"event_choices":[{"damage_healed":0.0,"max_hp_gain":0.0,"max_hp_loss":0.0,"gold_gain":0.0,"event_name":"Scrap Ooze","player_choice":"Success","floor":7.0,"gold_loss":0.0,"damage_taken":7.0,"relics_obtained":["War Paint"]},{"damage_healed":0.0,"max_hp_gain":0.0,"max_hp_loss":0.0,"gold_gain":0.0,"event_name":"Mushrooms_MRS","player_choice":"Fought Mushrooms","floor":13.0,"gold_loss":0.0,"damage_taken":0.0},{"damage_healed":0,"gold_gain":0,"player_choice":"Read","damage_taken":0,"max_hp_gain":0,"max_hp_loss":0,"event_name":"The Library","floor":20,"gold_loss":0,"cards_obtained":["MilkyWay"]},{"damage_healed":0,"gold_gain":0,"player_choice":"Ignored","damage_taken":0,"max_hp_gain":0,"max_hp_loss":0,"event_name":"Vampires","floor":24,"gold_loss":0},{"damage_healed":0,"gold_gain":0,"player_choice":"Fight","damage_taken":0,"max_hp_gain":0,"max_hp_loss":0,"event_name":"Colosseum","floor":30,"gold_loss":0},{"damage_healed":0,"gold_gain":0,"player_choice":"Fought Nobs","damage_taken":0,"max_hp_gain":0,"max_hp_loss":0,"event_name":"Colosseum","floor":30,"gold_loss":0},{"damage_healed":0,"gold_gain":100,"player_choice":"Pray","damage_taken":0,"max_hp_gain":0,"max_hp_loss":0,"event_name":"Golden Shrine","floor":36,"gold_loss":0}],"is_beta":false,"boss_relics":[{"not_picked":["Replay:Ancient Bell","Pandora\u0027s Box"],"picked":"SoulBox"},{"not_picked":["Philosopher\u0027s Stone","Runic Dome"],"picked":"Sozu"}],"items_purged_floors":[22,27],"is_endless":false,"potions_floor_spawned":[1,6,8,10,12,16,18,28,29,30,35,38,42,47],"ascension_level":9}}