{"host":"ktr1tislz6a097sj","time":1607784694,"event":{"mods":["BaseMod","Downfall","Marisa£®ÏF”Í°°ƒß¿Ì…≥£©","Minty Spire (QoL Compilation)","Quick Restart","Replay The Spire","StSLib","The Cursed","The Servant 0.9.4"],"gold_per_floor":[110,121,137,157,82,117,117,148,216,216,227,127,147,182,182,182,182],"floor_reached":16,"playtime":962,"items_purged":["Strike_R","Strike_R"],"score":153,"play_id":"6f7ebdea-2876-43de-80a6-f3fbbe832973","local_time":"20201212225134","is_ascension_mode":true,"campfire_choices":[{"floor":7,"key":"RECALL"},{"data":"Disarm","floor":10,"key":"SMITH"},{"data":"Bash","floor":15,"key":"PURGE"}],"circlet_count":0,"master_deck":["Strike_R","Strike_R","Strike_R","Defend_R","Defend_R","Defend_R","Defend_R","Flex","Disarm+1","Cleave","Iron Wave","Carnage","Feed+1","Flex","Juggernaut+1","Impervious+1","Pot Of Greed","Pot Of Greed"],"relics":["Burning Blood","Golden Egg","Gambling Chip","ReplayTheSpireMod:Ninjato","Grinning Jar"],"acts_visited":["Exordium"],"potions_floor_usage":[8,8,16],"damage_taken":[{"damage":1,"enemies":"Cultist","floor":1,"turns":4},{"damage":4,"enemies":"2 Louse","floor":2,"turns":3},{"damage":10,"enemies":"Small Slimes","floor":3,"turns":5},{"damage":10,"enemies":"Looter","floor":4,"turns":3},{"damage":10,"enemies":"Gremlin Nob","floor":6,"turns":4},{"damage":22,"enemies":"3 Sentries","floor":8,"turns":8},{"damage":11,"enemies":"Gremlin Gang","floor":11,"turns":4},{"damage":1,"enemies":"Exordium Wildlife","floor":13,"turns":2},{"damage":19,"enemies":"Lagavulin","floor":14,"turns":6},{"damage":24,"enemies":"Slime Boss","floor":16,"turns":7}],"seed_played":"7426416769401707825","potions_obtained":[{"floor":4,"key":"Fruit Juice"},{"floor":6,"key":"SteroidPotion"},{"floor":8,"key":"AttackPotion"},{"floor":11,"key":"PowerPotion"}],"is_trial":false,"path_per_floor":["M","M","M","M","$","E","R","E","T","R","M","$","M","E","R","B"],"character_chosen":"IRONCLAD","items_purchased":[],"campfire_rested":0,"item_purchase_floors":[],"current_hp_per_floor":[77,79,75,71,71,67,67,56,56,56,55,55,64,51,51,27,27],"gold":182,"neow_bonus":"TWENTY_PERCENT_HP_BONUS","is_daily":false,"chose_seed":false,"campfire_upgraded":1,"win_rate":0.0,"timestamp":1607784694,"path_taken":["M","M","?","?","$","E","R","E","T","R","M","$","M","E","R","BOSS"],"items_purchased_type":[],"build_version":"2020-11-30","purchased_purges":2,"victory":false,"max_hp_per_floor":[96,96,96,96,96,96,96,101,101,101,105,105,109,109,109,109,109],"card_choices":[{"not_picked":["Headbutt","Twin Strike"],"picked":"Flex","floor":1},{"not_picked":["Sword Boomerang","Run Through"],"picked":"Disarm","floor":2},{"not_picked":["Clothesline","Anger"],"picked":"Cleave","floor":3},{"not_picked":["Whirlwind","Anger"],"picked":"Iron Wave","floor":4},{"not_picked":["Warcry","Feel No Pain"],"picked":"Carnage","floor":6},{"not_picked":["Perfected Strike","True Grit"],"picked":"Feed","floor":8},{"not_picked":["Sever Soul","Iron Wave"],"picked":"Flex","floor":11},{"not_picked":["Anger","Heavy Blade"],"picked":"Juggernaut","floor":13},{"not_picked":["ReplayTheSpireMod:Limb From Limb","Pommel Strike"],"picked":"Impervious","floor":14}],"player_experience":27993,"relics_obtained":[{"floor":6,"key":"Golden Egg"},{"floor":8,"key":"Gambling Chip"},{"floor":9,"key":"ReplayTheSpireMod:Ninjato"},{"floor":14,"key":"Grinning Jar"}],"event_choices":[],"is_beta":false,"boss_relics":[],"items_purged_floors":[5,12],"is_endless":false,"potions_floor_spawned":[4,6,8,11],"killed_by":"Slime Boss","ascension_level":1}}