{"host":"p7j7o00jacnw7qzt","time":1607754517,"event":{"mods":["BaseMod","Colored Map","Colored Powertips","DeckTracker","Highlight Path","Minty Spire (QoL Compilation)","Relic Stats"],"gold_per_floor":[119,119,142,161,174,174,199,211,211,136,153,234,260,273,273,347,347,357,372,33,33,33,33,44,79,79,79,79,92,92,109,109,183,183,195,213,213,226,245,245,275,275,275,10,21,37,68,68,68,68,68,68,68,17,48,48],"floor_reached":57,"playtime":3665,"items_purged":["Strike_R","Strike_R"],"score":2963,"play_id":"9ecbf414-5fe0-48fb-b365-edc2c8ba70b6","local_time":"20201212012837","is_ascension_mode":true,"campfire_choices":[{"data":"Hemokinesis","floor":6.0,"key":"SMITH"},{"data":"True Grit","floor":15.0,"key":"SMITH"},{"data":"Pommel Strike","floor":23.0,"key":"SMITH"},{"data":"Dark Embrace","floor":30.0,"key":"SMITH"},{"floor":32.0,"key":"RECALL"},{"data":"Offering","floor":40.0,"key":"SMITH"},{"data":"Evolve","floor":42.0,"key":"SMITH"},{"floor":49.0,"key":"DIG"},{"floor":53.0,"key":"DIG"}],"circlet_count":0,"master_deck":["AscendersBane","Strike_R","Strike_R","Defend_R","Defend_R","Defend_R","Defend_R","Bash","Hemokinesis+1","Pommel Strike+1","Dark Embrace+1","Evolve+1","True Grit+1","Offering+1","Whirlwind+1","Shrug It Off","Ghostly","Ghostly","Ghostly","Shrug It Off+1","Fiend Fire+1","Pommel Strike+1","Pommel Strike+1","Offering","Pommel Strike+1"],"relics":["Burning Blood","Anchor","Oddly Smooth Stone","Pocketwatch","StoneCalendar","Molten Egg 2","Boot","Runic Dome","Sundial","White Beast Statue","Regal Pillow","Busted Crown","StrikeDummy","Orrery","Shovel","Lantern","Mummified Hand","Vajra"],"acts_visited":["Exordium","TheCity","TheBeyond","TheEnding"],"potions_floor_usage":[],"damage_taken":[{"damage":1.0,"enemies":"2 Louse","floor":1.0,"turns":3.0},{"damage":4.0,"enemies":"Jaw Worm","floor":4.0,"turns":2.0},{"damage":8.0,"enemies":"Cultist","floor":5.0,"turns":4.0},{"damage":14.0,"enemies":"3 Sentries","floor":7.0,"turns":7.0},{"damage":9.0,"enemies":"Gremlin Gang","floor":8.0,"turns":3.0},{"damage":6.0,"enemies":"Exordium Wildlife","floor":11.0,"turns":7.0},{"damage":12.0,"enemies":"Lagavulin","floor":13.0,"turns":7.0},{"damage":2.0,"enemies":"Looter","floor":14.0,"turns":2.0},{"damage":19.0,"enemies":"Hexaghost","floor":16.0,"turns":7.0},{"damage":19.0,"enemies":"Spheric Guardian","floor":18.0,"turns":4.0},{"damage":33.0,"enemies":"3 Byrds","floor":19.0,"turns":5.0},{"damage":2.0,"enemies":"Snake Plant","floor":24.0,"turns":4.0},{"damage":16.0,"enemies":"Slavers","floor":25.0,"turns":5.0},{"damage":6.0,"enemies":"Centurion and Healer","floor":29.0,"turns":6.0},{"damage":4.0,"enemies":"Sentry and Sphere","floor":31.0,"turns":4.0},{"damage":40.0,"enemies":"Automaton","floor":33.0,"turns":11.0},{"damage":10.0,"enemies":"3 Darklings","floor":35.0,"turns":2.0},{"damage":0.0,"enemies":"Orb Walker","floor":36.0,"turns":2.0},{"damage":8.0,"enemies":"Maw","floor":38.0,"turns":3.0},{"damage":3.0,"enemies":"3 Darklings","floor":39.0,"turns":3.0},{"damage":3.0,"enemies":"Nemesis","floor":41.0,"turns":5.0},{"damage":2.0,"enemies":"Spire Growth","floor":45.0,"turns":3.0},{"damage":7.0,"enemies":"Writhing Mass","floor":46.0,"turns":3.0},{"damage":7.0,"enemies":"Reptomancer","floor":47.0,"turns":2.0},{"damage":7.0,"enemies":"Time Eater","floor":50.0,"turns":4.0},{"damage":7.0,"enemies":"Donu and Deca","floor":51.0,"turns":1.0},{"damage":2.0,"enemies":"Shield and Spear","floor":55.0,"turns":1.0},{"damage":37,"enemies":"The Heart","floor":56,"turns":4}],"seed_played":"4498662284742855293","potions_obtained":[{"floor":1.0,"key":"Block Potion"},{"floor":4.0,"key":"EntropicBrew"},{"floor":8.0,"key":"SkillPotion"},{"floor":13.0,"key":"Strength Potion"},{"floor":18.0,"key":"Swift Potion"},{"floor":29.0,"key":"Regen Potion"},{"floor":31.0,"key":"LiquidMemories"},{"floor":33.0,"key":"Block Potion"},{"floor":35.0,"key":"DistilledChaos"},{"floor":36.0,"key":"Energy Potion"},{"floor":38.0,"key":"ElixirPotion"},{"floor":41.0,"key":"SteroidPotion"},{"floor":46.0,"key":"Swift Potion"}],"is_trial":false,"path_per_floor":["M","?","T","M","M","R","E","M","T","$","M","T","E","M","R","B",null,"M","M","$","?","?","R","M","E","T","?","$","M","R","M","R","B",null,"M","M","?","M","M","R","E","R","T","$","M","M","E","?","R","B","B",null,"R","$","E","B",null],"character_chosen":"IRONCLAD","items_purchased":["Sundial","Shrug It Off","Orrery","Pommel Strike+1"],"campfire_rested":0,"item_purchase_floors":[20,20,44,54],"current_hp_per_floor":[73,78,78,80,78,78,70,67,67,67,67,67,61,65,65,52,73,60,33,33,33,33,33,37,27,27,27,27,27,27,29,29,10,33,29,35,35,33,36,36,39,39,39,39,40,39,38,38,38,37,36,39,39,39,40,9],"gold":48,"neow_bonus":"RANDOM_COMMON_RELIC","is_daily":false,"chose_seed":false,"campfire_upgraded":6,"win_rate":0.0,"timestamp":1607754517,"path_taken":["M","?","?","?","?","R","E","M","T","$","M","?","E","M","R","BOSS","M","M","$","?","?","R","M","E","T","?","$","M","R","M","R","BOSS","M","M","?","?","M","R","E","R","T","$","M","M","E","?","R","BOSS","BOSS","R","$","E","BOSS"],"items_purchased_type":["Relic","Card","Relic","Card"],"build_version":"2020-11-30","purchased_purges":2,"victory":true,"max_hp_per_floor":[75,80,80,80,80,80,80,80,80,80,80,80,80,80,80,80,80,80,80,80,80,40,40,40,40,40,40,40,40,40,40,40,40,40,40,40,40,40,40,40,40,40,40,40,40,40,40,40,40,40,40,40,40,40,40,40],"relic_stats":{"Regal Pillow":0,"Busted Crown":28,"Shovel":2,"counters":[28,114],"Sundial":[348],"Mummified Hand":[4],"StoneCalendar":[82],"Boot":[80],"obtain_stats":[{"Regal Pillow":26,"Lantern":49,"Oddly Smooth Stone":3,"Vajra":55,"StoneCalendar":9,"Boot":13,"Burning Blood":0,"White Beast Statue":25,"Runic Dome":17,"Anchor":0,"Busted Crown":34,"Shovel":47,"Sundial":20,"Mummified Hand":53,"Orrery":44,"Molten Egg 2":12,"StrikeDummy":41,"Pocketwatch":7},{"Regal Pillow":13,"Lantern":24,"Oddly Smooth Stone":1,"Vajra":27,"StoneCalendar":5,"Boot":7,"Burning Blood":0,"White Beast Statue":13,"Runic Dome":9,"Anchor":0,"Busted Crown":16,"Shovel":24,"Sundial":11,"Mummified Hand":26,"Orrery":21,"Molten Egg 2":6,"StrikeDummy":21,"Pocketwatch":4},{"Regal Pillow":60,"Lantern":104,"Oddly Smooth Stone":3,"Vajra":110,"StoneCalendar":19,"Boot":33,"Burning Blood":0,"White Beast Statue":60,"Runic Dome":42,"Anchor":0,"Busted Crown":81,"Shovel":104,"Sundial":51,"Mummified Hand":109,"Orrery":96,"Molten Egg 2":26,"StrikeDummy":96,"Pocketwatch":16}],"Burning Blood":162,"Pocketwatch":[114]},"card_choices":[{"not_picked":["Cleave","Dropkick"],"picked":"Hemokinesis","floor":1.0},{"not_picked":["Thunderclap","Clash","Carnage"],"picked":"SKIP","floor":4.0},{"not_picked":["Thunderclap","Clash","Carnage"],"picked":"SKIP","floor":4.0},{"not_picked":["Rage","Seeing Red"],"picked":"Pommel Strike","floor":5.0},{"not_picked":["Sentinel","Brutality","True Grit"],"picked":"SKIP","floor":7.0},{"not_picked":["Dual Wield","Clash"],"picked":"Dark Embrace","floor":8.0},{"not_picked":["Flex","Pommel Strike"],"picked":"Evolve","floor":11.0},{"not_picked":["Headbutt+1","Sentinel"],"picked":"Body Slam+1","floor":13.0},{"not_picked":["Sword Boomerang+1","Uppercut+1"],"picked":"True Grit","floor":14.0},{"not_picked":["Impervious","Barricade"],"picked":"Offering","floor":16.0},{"not_picked":["Thunderclap+1","Armaments","Clash+1"],"picked":"SKIP","floor":18.0},{"not_picked":["Heavy Blade+1","Pummel+1"],"picked":"Whirlwind+1","floor":19.0},{"not_picked":["Havoc","Flex","Body Slam+1"],"picked":"SKIP","floor":24.0},{"not_picked":["Armaments","Battle Trance"],"picked":"Shrug It Off+1","floor":25.0},{"not_picked":["Cleave+1","Rupture+1","True Grit"],"picked":"SKIP","floor":29.0},{"not_picked":["Thunderclap+1","Clash+1","Metallicize"],"picked":"SKIP","floor":31.0},{"not_picked":["Brutality","Impervious"],"picked":"Fiend Fire+1","floor":33.0},{"not_picked":["Pommel Strike+1"],"picked":"SKIP","floor":35.0},{"not_picked":[],"picked":"Pommel Strike+1","floor":35.0},{"not_picked":[],"picked":"Pommel Strike+1","floor":36.0},{"not_picked":["Whirlwind+1"],"picked":"SKIP","floor":38.0},{"not_picked":["Heavy Blade+1"],"picked":"SKIP","floor":39.0},{"not_picked":["Power Through"],"picked":"SKIP","floor":41.0},{"not_picked":[],"picked":"Offering","floor":44.0},{"not_picked":["Uppercut+1"],"picked":"SKIP","floor":45.0},{"not_picked":["Dual Wield"],"picked":"SKIP","floor":46.0},{"not_picked":["Clothesline+1"],"picked":"SKIP","floor":47.0},{"not_picked":["Clash+1"],"picked":"SKIP","floor":55.0}],"player_experience":800785,"relics_obtained":[{"floor":3.0,"key":"Oddly Smooth Stone"},{"floor":7.0,"key":"Pocketwatch"},{"floor":9.0,"key":"StoneCalendar"},{"floor":12.0,"key":"Molten Egg 2"},{"floor":13.0,"key":"Boot"},{"floor":25.0,"key":"White Beast Statue"},{"floor":26.0,"key":"Regal Pillow"},{"floor":41.0,"key":"StrikeDummy"},{"floor":47.0,"key":"Shovel"},{"floor":49.0,"key":"Lantern"},{"floor":53.0,"key":"Mummified Hand"},{"floor":55.0,"key":"Vajra"}],"event_choices":[{"damage_healed":0.0,"max_hp_gain":5.0,"max_hp_loss":0.0,"gold_gain":0.0,"event_name":"Big Fish","player_choice":"Donut","floor":2.0,"gold_loss":0.0,"damage_taken":0.0},{"damage_healed":0.0,"max_hp_gain":0.0,"max_hp_loss":0.0,"gold_gain":0.0,"event_name":"Cursed Tome","player_choice":"Ignored","floor":21.0,"gold_loss":0.0,"damage_taken":0.0},{"damage_healed":0.0,"max_hp_gain":0.0,"max_hp_loss":40.0,"gold_gain":0.0,"event_name":"Ghosts","player_choice":"Became a Ghost","floor":22.0,"gold_loss":0.0,"damage_taken":0.0,"cards_obtained":["Ghostly","Ghostly","Ghostly"]},{"damage_healed":0.0,"max_hp_gain":0.0,"max_hp_loss":0.0,"gold_gain":0.0,"event_name":"Vampires","player_choice":"Ignored","floor":27.0,"gold_loss":0.0,"damage_taken":0.0},{"cards_removed":["Strike_R"],"damage_healed":0.0,"max_hp_gain":0.0,"max_hp_loss":0.0,"gold_gain":0.0,"event_name":"Bonfire Elementals","player_choice":"Offered Basic","floor":37.0,"gold_loss":0.0,"damage_taken":0.0},{"cards_removed":["Body Slam"],"damage_healed":0.0,"max_hp_gain":0.0,"max_hp_loss":0.0,"gold_gain":0.0,"event_name":"Falling","player_choice":"Removed Attack","floor":48.0,"gold_loss":0.0,"damage_taken":0.0}],"is_beta":false,"boss_relics":[{"not_picked":["Runic Pyramid","Black Blood"],"picked":"Runic Dome"},{"not_picked":["Coffee Dripper","Cursed Key"],"picked":"Busted Crown"}],"items_purged_floors":[10,44],"is_endless":false,"potions_floor_spawned":[1,4,8,13,14,18,29,31,33,35,36,38,39,41,45,46,47,55],"ascension_level":20}}