{"host":"y1t8p8u0dxvsm95y","time":1607811656,"event":{"mods":["BaseMod","Colored Map","Colored Powertips","Downfall","Hermit","Infinite Spire","Minty Spire (QoL Compilation)","Quick Restart","Somnambulant","StSLib","The Blackbeard","The Clintock","The Construct","The Cursed","The Elementalist","The Exalted","The Factory","The Forsaken","The Hayseed","The Hierophant","The Judge","The Jungle","The Mystic","The Necromancer","The Problem Sleuth","The Runesmith","The Senshi","The Servant 0.9.4","The Wild Card","TheBandit"],"gold_per_floor":[99,99,99,117,117,567,567,582,604,604,116,127,28,28,48,151,151,151,171,171,196,196,212,212,22,34,34,50,35,35,35,45,140,140,140,190,190,190,203,203,203,203,233,233,233,233,251,323,340,340],"floor_reached":51,"playtime":2618,"items_purged":["Slimebound:Icky"],"score":809,"play_id":"6c3f853e-6276-427c-98b6-05462397cb94","local_time":"20201212172056","is_ascension_mode":false,"campfire_choices":[{"data":"hexamod:Sear","floor":1,"key":"SMITH"},{"data":"infinitespire:Gouge","floor":3,"key":"SMITH"},{"floor":5,"key":"REST"},{"data":"hexamod:AdvancingGuard","floor":10,"key":"SMITH"},{"data":"Apotheosis","floor":18,"key":"SMITH"},{"floor":22,"key":"REST"},{"floor":27,"key":"REST"},{"data":"hexamod:VolcanoVisage","floor":35,"key":"SMITH"},{"data":"Sadistic Nature","floor":37,"key":"SMITH"},{"data":"hexamod:NightmareStrike","floor":40,"key":"SMITH"},{"data":"expansioncontent:PrepareCrush","floor":42,"key":"SMITH"},{"floor":44,"key":"REST"}],"circlet_count":0,"master_deck":["hexamod:Strike+1","hexamod:Strike+1","hexamod:Strike+1","hexamod:Strike+1","hexamod:Defend+1","hexamod:Defend+1","hexamod:Defend+1","hexamod:Defend+1","hexamod:Sear+1","hexamod:Float","infinitespire:Gouge+1","hexamod:ExtraCrispy","Slimebound:Icky","hexamod:AdvancingGuard+1","hexamod:ShieldOfDarkness","hexamod:ThermalTransfer","expansioncontent:PolyBeam","Apotheosis+1","hexamod:HauntingEcho","hexamod:PhantomFireball","hexamod:ChargedBarrage","hexamod:FlamesFromBeyond","expansioncontent:PrepareCrush+1","hexamod:BurningTouch+1","hexamod:TimeOfNeed+1","hexamod:GhostShield+1","hexamod:FourthSeal","hexamod:NightmareStrike+1","Sadistic Nature+1","hexamod:InspiringFlames+1","hexamod:Firestarter+1","hexamod:GhostOfSpireFuture","hexamod:GhostflameInferno+1","hexamod:VolcanoVisage+1","hexamod:ChargedBarrage+1","hexamod:HauntingEcho+1","hexamod:SoulSteal+1","hexamod:EtherealExpedition+1","hexamod:SwordOfDarkness","hexamod:BacktrackSmack+1"],"relics":["hexamod:SpiritBrand","hexamod:MatchstickCase","Nunchaku","Odd Mushroom","Toxic Egg 2","infinitespire:Cupcake","Potion Belt","Oddly Smooth Stone","Busted Crown","infinitespire:Golems Mask","elementalistmod:RedRibbon","Bromod:ArcaneDeflection","Bottled Flame","theSleuth:Tectrixcalibur","Blue Candle"],"acts_visited":["Exordium","TheCity","TheBeyond"],"potions_floor_usage":[28,29,33,36,43,50,50,50,50],"damage_taken":[{"damage":0,"enemies":"2 Louse","floor":4,"turns":2},{"damage":0,"enemies":"Jaw Worm","floor":8,"turns":3},{"damage":0,"enemies":"The Mushroom Lair","floor":9,"turns":5},{"damage":0,"enemies":"downfall:FleeingMerchant","floor":11,"turns":4},{"damage":0,"enemies":"Small Slimes","floor":12,"turns":3},{"damage":9,"enemies":"downfall:FleeingMerchant","floor":13,"turns":4},{"damage":0,"enemies":"2 Fungi Beasts","floor":15,"turns":2},{"damage":32,"enemies":"downfall:Watcher","floor":16,"turns":9},{"damage":17,"enemies":"3 Byrds","floor":19,"turns":4},{"damage":0,"enemies":"Chosen","floor":23,"turns":4},{"damage":2,"enemies":"downfall:FleeingMerchant","floor":25,"turns":4},{"damage":10,"enemies":"Shelled Parasite and Fungi","floor":26,"turns":7},{"damage":3,"enemies":"Snake Plant","floor":28,"turns":4},{"damage":0,"enemies":"downfall:FleeingMerchant","floor":29,"turns":4},{"damage":9,"enemies":"Snecko","floor":32,"turns":7},{"damage":0,"enemies":"downfall:Defect","floor":33,"turns":9},{"damage":13,"enemies":"Mind Bloom Boss Battle","floor":36,"turns":6},{"damage":0,"enemies":"Orb Walker","floor":39,"turns":3},{"damage":8,"enemies":"Giant Head","floor":43,"turns":7},{"damage":9,"enemies":"3 Darklings","floor":47,"turns":4},{"damage":0,"enemies":"Jaw Worm Horde","floor":49,"turns":3},{"damage":66,"enemies":"downfall:Silent","floor":50,"turns":5}],"seed_played":"-9048798256482886813","potions_obtained":[{"floor":4,"key":"sneckomod:MuddlingPotion"},{"floor":8,"key":"Regen Potion"},{"floor":12,"key":"Dexterity Potion"},{"floor":15,"key":"Regen Potion"},{"floor":26,"key":"hexamod:EctoCoolerPotion"},{"floor":26,"key":"Energy Potion"},{"floor":28,"key":"FairyPotion"},{"floor":28,"key":"infinitespire:BlackPotion"},{"floor":33,"key":"hexamod:EctoCoolerPotion"},{"floor":33,"key":"champ:CounterPotion"},{"floor":36,"key":"Energy Potion"},{"floor":43,"key":"SneckoOil"},{"floor":43,"key":"Fire Potion"},{"floor":47,"key":"DuplicationPotion"}],"is_trial":false,"path_per_floor":["R","?","R","M","R","?","T","M","?","R","$","M","$","T","M","B",null,"R","M","?","T","R","M","T","$","M","R","M","$","?","?","M","B",null,"R","?","R","?","M","R","T","R","E","R","?","?","M","T","M","B",null],"character_chosen":"THE_SPIRIT","items_purchased":["expansioncontent:PolyBeam","Apotheosis","hexamod:HauntingEcho","hexamod:PhantomFireball","expansioncontent:PrepareCrush","Sadistic Nature"],"campfire_rested":4,"item_purchase_floors":[11,11,11,11,13,25],"current_hp_per_floor":[70,53,53,53,70,70,70,70,70,70,70,70,61,61,61,29,70,70,53,53,53,70,70,70,68,58,70,67,67,67,67,58,58,70,70,69,69,69,69,69,69,69,61,70,70,70,61,61,61,9],"gold":340,"neow_bonus":"RANDOM_COMMON_RELIC","is_daily":false,"chose_seed":false,"campfire_upgraded":8,"win_rate":0.0,"timestamp":1607811656,"path_taken":["R","?","R","M","R","?","T","M","?","R","$","M","?","?","M","BOSS","R","M","?","?","R","M","T","$","M","R","M","$","?","?","M","BOSS","R","?","R","?","M","R","T","R","E","R","?","?","?","?","M","BOSS"],"items_purchased_type":["Card","Card","Card","Card","Card","Card"],"build_version":"2020-11-30","purchased_purges":1,"victory":true,"max_hp_per_floor":[70,70,70,70,70,70,70,70,70,70,70,70,70,70,70,70,70,70,70,70,70,70,70,70,70,70,70,70,70,70,70,70,70,70,70,70,70,70,70,70,70,70,70,70,70,70,70,70,70,70],"card_choices":[{"not_picked":["infinitespire:SealOfDarkness+","infinitespire:UltimateForm"],"picked":"infinitespire:Gouge","floor":2},{"not_picked":["hexamod:Firestarter","hexamod:GhostOfSpirePresent"],"picked":"hexamod:ExtraCrispy","floor":4},{"not_picked":["hexamod:HauntingEcho","hexamod:PowerFromBeyond"],"picked":"hexamod:AdvancingGuard","floor":8},{"not_picked":["hexamod:GhostOfSpirePast","hexamod:Firestarter"],"picked":"hexamod:ShieldOfDarkness","floor":9},{"not_picked":["hexamod:SecondSeal","hexamod:BurningTouch"],"picked":"hexamod:ThermalTransfer","floor":11},{"not_picked":["hexamod:CatchUp","hexamod:GhostLash"],"picked":"hexamod:ChargedBarrage","floor":12},{"not_picked":["hexamod:EtherealExpedition","hexamod:AdvancingGuard"],"picked":"hexamod:FlamesFromBeyond","floor":13},{"not_picked":["hexamod:BacktrackSmack","hexamod:SpectersWail"],"picked":"hexamod:BurningTouch+1","floor":15},{"not_picked":["hexamod:TurnItUp+1","hexamod:CrushingStance"],"picked":"hexamod:TimeOfNeed+1","floor":16},{"not_picked":["hexamod:GhostLash","hexamod:HauntingEcho+1"],"picked":"hexamod:GhostShield+1","floor":19},{"not_picked":["hexamod:SecondSeal","hexamod:PhantomFireball"],"picked":"hexamod:FourthSeal","floor":23},{"not_picked":["hexamod:Haunt+1","hexamod:GhostLash"],"picked":"hexamod:NightmareStrike","floor":25},{"not_picked":["hexamod:ThermalTransfer","hexamod:SwordOfDarkness"],"picked":"hexamod:InspiringFlames+1","floor":26},{"not_picked":["hexamod:Again+1","hexamod:Hexaguard+1"],"picked":"hexamod:Firestarter+1","floor":28},{"not_picked":["hexamod:AdvancingGuard+1","hexamod:BacktrackSmack+1"],"picked":"hexamod:GhostOfSpireFuture","floor":29},{"not_picked":["hexamod:GhostShield+1","hexamod:GhostLash"],"picked":"hexamod:GhostflameInferno+1","floor":32},{"not_picked":["hexamod:WildfireWeapon","hexamod:FifthSeal"],"picked":"hexamod:VolcanoVisage","floor":33},{"not_picked":[],"picked":"hexamod:ChargedBarrage+1","floor":36},{"not_picked":[],"picked":"hexamod:HauntingEcho+1","floor":39},{"not_picked":[],"picked":"hexamod:SoulSteal+1","floor":43},{"not_picked":[],"picked":"hexamod:SwordOfDarkness","floor":47},{"not_picked":[],"picked":"hexamod:BacktrackSmack+1","floor":49}],"player_experience":1173325,"relics_obtained":[{"floor":7,"key":"Nunchaku"},{"floor":9,"key":"Odd Mushroom"},{"floor":14,"key":"Toxic Egg 2"},{"floor":21,"key":"Potion Belt"},{"floor":24,"key":"Oddly Smooth Stone"},{"floor":36,"key":"infinitespire:Golems Mask"},{"floor":41,"key":"Bromod:ArcaneDeflection"},{"floor":43,"key":"Bottled Flame"},{"floor":48,"key":"Blue Candle"}],"event_choices":[{"damage_healed":0,"gold_gain":0,"player_choice":"Fought Mushrooms","damage_taken":0,"max_hp_gain":0,"max_hp_loss":0,"event_name":"Mushrooms","floor":9,"gold_loss":0},{"damage_healed":0,"gold_gain":0,"player_choice":"Simplicity","damage_taken":0,"max_hp_gain":0,"max_hp_loss":0,"event_name":"Back to Basics","floor":30,"gold_loss":0,"cards_upgraded":["hexamod:Strike","hexamod:Strike","hexamod:Strike","hexamod:Strike","hexamod:Defend","hexamod:Defend","hexamod:Defend","hexamod:Defend"]},{"damage_healed":0,"gold_gain":0,"player_choice":"Ignored","damage_taken":0,"max_hp_gain":0,"max_hp_loss":0,"event_name":"Vampires","floor":31,"gold_loss":0},{"damage_healed":0,"gold_gain":0,"player_choice":"Ignored","damage_taken":0,"max_hp_gain":0,"max_hp_loss":0,"event_name":"Mysterious Sphere","floor":46,"gold_loss":0}],"is_beta":false,"boss_relics":[{"not_picked":["Black Star","Astrolabe"],"picked":"infinitespire:Cupcake"},{"not_picked":["Pandora\u0027s Box","SlaversCollar"],"picked":"Busted Crown"}],"items_purged_floors":[11],"is_endless":false,"potions_floor_spawned":[4,8,12,15,16,19,26,28,33,43,47],"ascension_level":0}}