{"host":"4p8f8v7tnj1cel6f","time":1607756133,"event":{"mods":["BaseMod","Colored Map","DeckTracker","Keyboard Shortcuts","Minty Spire (QoL Compilation)","Quick Restart","StSLib","SuperFastMode"],"gold_per_floor":[114,64,78,78,3,3,22,33,56,75,75,90,90,125,125,228,228,247,247,147,163,163,163,163,176,176,176,210,46,46,64,64,160,160,180,180,180,30,42,42,55,68,68,68,81,81,99,99,99],"floor_reached":48,"playtime":1972,"items_purged":["Strike_G","Strike_G","Defend_G","Strike_G"],"score":542,"play_id":"5127f460-348f-4141-9b31-b0e2cba67647","local_time":"20201212155533","is_ascension_mode":true,"campfire_choices":[{"data":"Neutralize","floor":6.0,"key":"SMITH"},{"data":"Dagger Spray","floor":11.0,"key":"SMITH"},{"data":"Finisher","floor":13.0,"key":"SMITH"},{"floor":15.0,"key":"REST"},{"floor":24.0,"key":"REST"},{"floor":27.0,"key":"REST"},{"floor":30.0,"key":"REST"},{"data":"Wraith Form v2","floor":32.0,"key":"SMITH"},{"data":"Purity","floor":40,"key":"SMITH"},{"floor":44,"key":"REST"},{"floor":46,"key":"REST"}],"circlet_count":0,"master_deck":["Defend_G","Defend_G","Defend_G","Survivor","Neutralize+1","Adrenaline","Well Laid Plans","Blade Dance","Dagger Spray+1","Finisher+1","Acrobatics","Crippling Poison","Cloak And Dagger","Wraith Form v2+1","Tactician","Terror+1","Escape Plan","Purity+1","Finesse","Night Terror"],"relics":["Ring of the Snake","Dream Catcher","Empty Cage","Ornamental Fan","Turnip","Runic Pyramid","Boot"],"acts_visited":["Exordium","TheCity","TheBeyond"],"potions_floor_usage":[],"damage_taken":[{"damage":0.0,"enemies":"2 Louse","floor":1.0,"turns":2.0},{"damage":0.0,"enemies":"Jaw Worm","floor":3.0,"turns":6.0},{"damage":0.0,"enemies":"Cultist","floor":7.0,"turns":3.0},{"damage":0.0,"enemies":"Looter","floor":8.0,"turns":4.0},{"damage":0.0,"enemies":"Blue Slaver","floor":10.0,"turns":3.0},{"damage":0.0,"enemies":"Gremlin Gang","floor":12.0,"turns":3.0},{"damage":5.0,"enemies":"Gremlin Nob","floor":14.0,"turns":3.0},{"damage":2.0,"enemies":"The Guardian","floor":16.0,"turns":11.0},{"damage":21.0,"enemies":"2 Thieves","floor":18.0,"turns":5.0},{"damage":11.0,"enemies":"Shell Parasite","floor":21.0,"turns":7.0},{"damage":13.0,"enemies":"Snecko","floor":25.0,"turns":6.0},{"damage":7.0,"enemies":"Book of Stabbing","floor":28.0,"turns":6.0},{"damage":0.0,"enemies":"3 Cultists","floor":31.0,"turns":3.0},{"damage":19.0,"enemies":"Champ","floor":33.0,"turns":8.0},{"damage":0.0,"enemies":"Orb Walker","floor":35.0,"turns":2.0},{"damage":9,"enemies":"3 Darklings","floor":39,"turns":5},{"damage":21,"enemies":"Sphere and 2 Shapes","floor":41,"turns":6},{"damage":15,"enemies":"Transient","floor":42,"turns":5},{"damage":15,"enemies":"Jaw Worm Horde","floor":45,"turns":4},{"damage":40,"enemies":"Spire Growth","floor":47,"turns":5},{"damage":28,"enemies":"Nemesis","floor":48,"turns":4}],"seed_played":"4768799200050517471","potions_obtained":[{"floor":1.0,"key":"AttackPotion"},{"floor":3.0,"key":"ColorlessPotion"},{"floor":16.0,"key":"Ancient Potion"},{"floor":21.0,"key":"CultistPotion"},{"floor":28.0,"key":"GamblersBrew"},{"floor":33.0,"key":"Poison Potion"},{"floor":37.0,"key":"SkillPotion"}],"is_trial":false,"path_per_floor":["M","?","M","?","$","R","M","M","T","M","R","M","R","E","R","B",null,"M","?","$","M","?","?","R","M","T","R","E","$","R","M","R","B",null,"M","?","?","$","M","R","M","M","T","R","M","R","M","E"],"character_chosen":"THE_SILENT","items_purchased":["Escape Plan"],"campfire_rested":6,"item_purchase_floors":[29],"current_hp_per_floor":[49,49,49,54,54,54,54,54,54,54,54,54,54,49,71,69,75,54,54,54,43,29,21,45,32,32,56,49,49,73,73,73,54,80,80,70,70,70,61,61,40,25,25,49,34,58,18,0,0],"gold":99,"neow_bonus":"THREE_RARE_CARDS","is_daily":false,"chose_seed":false,"campfire_upgraded":5,"win_rate":0.0,"timestamp":1607756133,"path_taken":["M","?","M","?","?","R","M","M","T","M","R","M","R","E","R","BOSS","M","?","$","M","?","?","R","?","T","R","E","$","R","M","R","BOSS","M","?","?","$","?","R","M","M","T","R","M","R","M","E"],"items_purchased_type":["Card"],"build_version":"2020-11-30","purchased_purges":4,"victory":false,"max_hp_per_floor":[70,70,70,75,75,75,75,75,75,75,75,75,75,75,75,75,75,75,75,75,75,80,80,80,80,80,80,80,80,80,80,80,80,80,80,80,80,80,80,80,80,80,80,80,80,80,80,80,80],"card_choices":[{"not_picked":["Storm of Steel","Night Terror"],"picked":"Adrenaline","floor":0.0},{"not_picked":["Expertise","Deflect"],"picked":"Well Laid Plans","floor":1.0},{"not_picked":["Reflex","Dagger Throw"],"picked":"Blade Dance","floor":3.0},{"not_picked":["PiercingWail","Slice"],"picked":"Dagger Spray","floor":7.0},{"not_picked":["Slice","Deflect","Predator"],"picked":"SKIP","floor":8.0},{"not_picked":["Dagger Throw","Well Laid Plans"],"picked":"Finisher","floor":10.0},{"not_picked":["Underhanded Strike","Caltrops"],"picked":"Acrobatics","floor":12.0},{"not_picked":["Prepared","Predator"],"picked":"Crippling Poison","floor":14.0},{"not_picked":["Prepared","Sucker Punch"],"picked":"Cloak And Dagger","floor":15.0},{"not_picked":["Corpse Explosion","Doppelganger"],"picked":"Wraith Form v2","floor":16.0},{"not_picked":["Dagger Spray","Masterful Stab"],"picked":"Tactician","floor":18.0},{"not_picked":["Underhanded Strike","Blur","Dash"],"picked":"SKIP","floor":21.0},{"not_picked":["Sucker Punch","Underhanded Strike"],"picked":"Terror+1","floor":24.0},{"not_picked":["Deflect","Deadly Poison","Backstab+1"],"picked":"SKIP","floor":25.0},{"not_picked":["Deflect+1","Dodge and Roll","Venomology"],"picked":"SKIP","floor":28.0},{"not_picked":["Escape Plan","Heel Hook+1","Poisoned Stab+1"],"picked":"SKIP","floor":31.0},{"not_picked":["Skewer+1","Deadly Poison","Infinite Blades+1"],"picked":"SKIP","floor":35.0},{"not_picked":["Chrysalis","Trip"],"picked":"Purity","floor":36.0},{"not_picked":["Secret Technique","Trip"],"picked":"Finesse","floor":36.0},{"not_picked":["Dagger Spray+1","Deadly Poison","Noxious Fumes+1"],"picked":"SKIP","floor":39},{"not_picked":["Cloak And Dagger+1","Heel Hook+1","Dagger Throw+1"],"picked":"SKIP","floor":41},{"not_picked":["Crippling Poison+1","Underhanded Strike","Outmaneuver"],"picked":"SKIP","floor":42},{"not_picked":["Underhanded Strike+1","Leg Sweep","Acrobatics+1"],"picked":"SKIP","floor":45},{"not_picked":["Dodge and Roll+1","Bane"],"picked":"Night Terror","floor":46},{"not_picked":["Noxious Fumes+1","Flying Knee","All Out Attack+1"],"picked":"SKIP","floor":47}],"player_experience":171863,"relics_obtained":[{"floor":14.0,"key":"Dream Catcher"},{"floor":26.0,"key":"Ornamental Fan"},{"floor":28.0,"key":"Turnip"},{"floor":43,"key":"Boot"}],"event_choices":[{"cards_removed":["Strike_G"],"damage_healed":0.0,"max_hp_gain":0.0,"max_hp_loss":0.0,"gold_gain":0.0,"event_name":"The Cleric","player_choice":"Card Removal","floor":2.0,"gold_loss":50.0,"damage_taken":0.0},{"damage_healed":0.0,"max_hp_gain":5.0,"max_hp_loss":0.0,"gold_gain":0.0,"event_name":"Big Fish","player_choice":"Donut","floor":4.0,"gold_loss":0.0,"damage_taken":0.0},{"damage_healed":0.0,"max_hp_gain":0.0,"max_hp_loss":0.0,"gold_gain":0.0,"event_name":"Cursed Tome","player_choice":"Ignored","floor":19.0,"gold_loss":0.0,"damage_taken":0.0},{"damage_healed":0.0,"max_hp_gain":5.0,"max_hp_loss":0.0,"gold_gain":0.0,"event_name":"Forgotten Altar","player_choice":"Shed Blood","floor":22.0,"gold_loss":0.0,"damage_taken":19.0},{"damage_healed":0.0,"max_hp_gain":0.0,"max_hp_loss":0.0,"gold_gain":0.0,"event_name":"Wheel of Change","player_choice":"Damaged","floor":23.0,"gold_loss":0.0,"damage_taken":8.0},{"damage_healed":0.0,"max_hp_gain":0.0,"max_hp_loss":0.0,"gold_gain":0.0,"event_name":"SensoryStone","player_choice":"Memory 3","floor":36.0,"gold_loss":0.0,"damage_taken":10.0},{"damage_healed":0.0,"max_hp_gain":0.0,"max_hp_loss":0.0,"gold_gain":0.0,"event_name":"Lab","player_choice":"Got Potions","floor":37.0,"gold_loss":0.0,"damage_taken":0.0}],"is_beta":false,"boss_relics":[{"not_picked":["Cursed Key","Velvet Choker"],"picked":"Empty Cage"},{"not_picked":["Runic Dome","Calling Bell"],"picked":"Runic Pyramid"}],"items_purged_floors":[5,20,29,38],"is_endless":false,"potions_floor_spawned":[1,3,16,21,28,33,42,47],"killed_by":"Nemesis","ascension_level":4}}