{"host":"j4g6ia6asvpyu2b0","time":1607781270,"event":{"mods":["BaseMod","Colored Map","Minty Spire (QoL Compilation)","Permanent Neow","Quick Restart","Relic Stats","StSLib","Unceasing Turn Reminder"],"gold_per_floor":[116,132,145,162,178,209,209,209,209],"floor_reached":8,"playtime":1621,"items_purged":[],"score":100,"play_id":"e4d9aadd-3788-4f72-8309-ce7e8fbf7351","local_time":"20201212065430","is_ascension_mode":true,"campfire_choices":[{"data":"Armaments","floor":7,"key":"SMITH"}],"circlet_count":0,"master_deck":["Strike_R","Strike_R","Strike_R","Strike_R","Strike_R","Defend_R","Defend_R","Defend_R","Defend_R","Bash","Clothesline","Battle Trance","Armaments+1","Ghostly Armor","Twin Strike","Uppercut"],"relics":["Burning Blood","Magic Flower"],"acts_visited":["Exordium"],"potions_floor_usage":[],"damage_taken":[{"damage":6,"enemies":"Cultist","floor":1,"turns":4},{"damage":5,"enemies":"Jaw Worm","floor":2,"turns":4},{"damage":3,"enemies":"2 Louse","floor":3,"turns":2},{"damage":19,"enemies":"Lots of Slimes","floor":4,"turns":7},{"damage":11,"enemies":"Blue Slaver","floor":5,"turns":4},{"damage":41,"enemies":"Lagavulin","floor":6,"turns":9},{"damage":0,"enemies":"3 Sentries","floor":8,"turns":1}],"seed_played":"-2851476618373815711","potions_obtained":[{"floor":6,"key":"BlessingOfTheForge"}],"is_trial":false,"path_per_floor":["M","M","M","M","M","E","R","E"],"character_chosen":"IRONCLAD","items_purchased":[],"campfire_rested":0,"item_purchase_floors":[],"current_hp_per_floor":[72,73,76,63,58,23,23,23,23],"gold":209,"neow_bonus":"TWENTY_PERCENT_HP_BONUS","is_daily":false,"chose_seed":false,"campfire_upgraded":1,"win_rate":0.0,"timestamp":1607781270,"path_taken":["M","M","M","M","M","E","R","E"],"items_purchased_type":[],"build_version":"2020-11-30","purchased_purges":0,"victory":false,"max_hp_per_floor":[96,96,96,96,96,96,96,96,96],"relic_stats":{"counters":[7,31],"Magic Flower":[0],"obtain_stats":[{"Magic Flower":6,"Burning Blood":0},{"Magic Flower":6,"Burning Blood":0},{"Magic Flower":30,"Burning Blood":0}],"Burning Blood":36},"card_choices":[{"not_picked":["Wild Strike","Thunderclap"],"picked":"Clothesline","floor":1},{"not_picked":["Warcry","Sever Soul"],"picked":"Battle Trance","floor":2},{"not_picked":["True Grit","Body Slam"],"picked":"Armaments","floor":3},{"not_picked":["Dual Wield","Armaments"],"picked":"Ghostly Armor","floor":4},{"not_picked":["Blood for Blood","Body Slam"],"picked":"Twin Strike","floor":5},{"not_picked":["Pummel","Sentinel"],"picked":"Uppercut","floor":6}],"player_experience":615058,"relics_obtained":[{"floor":6,"key":"Magic Flower"}],"event_choices":[],"is_beta":false,"boss_relics":[],"items_purged_floors":[],"is_endless":false,"potions_floor_spawned":[6],"killed_by":"3 Sentries","ascension_level":5}}