{"host":"ehwj6oc29l3x8nvc","time":1607808829,"event":{"mods":["Act Like it!","BaseMod","BetterRewards","Downfall","Hallownest","Minty Spire (QoL Compilation)","StSLib","The Bug Knight","The Disciple","Transform Curses"],"gold_per_floor":[99,117,174,174,174,201,201,215,215,215,233,233,249,59,71,71,71],"floor_reached":16,"playtime":1091,"items_purged":[],"score":90,"play_id":"03c05e8e-4553-4de3-a131-4c8faf7013ba","local_time":"20201212143349","is_ascension_mode":false,"campfire_choices":[{"data":"Slimebound:CorrosiveSpit","floor":1,"key":"SMITH"},{"floor":5,"key":"REST"},{"floor":10,"key":"RECALL"}],"circlet_count":0,"master_deck":["Slimebound:Strike_Slimebound","Slimebound:Strike_Slimebound","Slimebound:Strike_Slimebound","Slimebound:Tackle","Slimebound:Defend_Slimebound+1","Slimebound:Defend_Slimebound","Slimebound:Defend_Slimebound+1","Slimebound:Defend_Slimebound+1","Slimebound:Split","Slimebound:CorrosiveSpit+1","Slimebound:GoopSpray","Slimebound:ViciousTackle","Regret","Slimebound:Chomp","Slimebound:LivingWall","Slimebound:GrowthPunch","Slimebound:PressTheAttack","Slimebound:SlimeBarrage","expansioncontent:AwakenDeath","Slimebound:PressTheAttack"],"relics":["Slimebound:AbsorbEndCombat","Darkstone Periapt","Slimebound:ScrapOozeRelic","downfall:BrokenWingStatue"],"acts_visited":["Exordium"],"potions_floor_usage":[3,15,16,16],"damage_taken":[{"damage":6,"enemies":"Small Slimes","floor":2,"turns":3},{"damage":39,"enemies":"Gremlin Nob","floor":3,"turns":3},{"damage":14,"enemies":"2 Louse","floor":8,"turns":4},{"damage":6,"enemies":"Jaw Worm","floor":11,"turns":2},{"damage":9,"enemies":"2 Fungi Beasts","floor":13,"turns":2},{"damage":5,"enemies":"downfall:FleeingMerchant","floor":14,"turns":4},{"damage":40,"enemies":"Exordium Wildlife","floor":15,"turns":4},{"damage":42,"enemies":"downfall:Ironclad","floor":16,"turns":5}],"seed_played":"-4074492404103842819","potions_obtained":[{"floor":2,"key":"champ:CounterPotion"},{"floor":3,"key":"Energy Potion"},{"floor":8,"key":"SteroidPotion"},{"floor":15,"key":"Fruit Juice"}],"is_trial":false,"path_per_floor":["R","M","?","?","R","T","T","M","?","R","M","?","M","$","M","B"],"character_chosen":"SLIMEBOUND","items_purchased":["Slimebound:SlimeBarrage","expansioncontent:AwakenDeath"],"campfire_rested":1,"item_purchase_floors":[14,14],"current_hp_per_floor":[66,60,31,31,50,50,50,42,42,42,38,38,33,36,19,0,0],"gold":71,"neow_bonus":"TEN_PERCENT_HP_BONUS","is_daily":false,"chose_seed":false,"campfire_upgraded":1,"win_rate":0.0,"timestamp":1607808829,"path_taken":["R","M","?","?","R","?","T","M","?","R","?","?","M","$","M","BOSS"],"items_purchased_type":["Card","Card"],"build_version":"2020-11-30","purchased_purges":0,"victory":false,"max_hp_per_floor":[66,66,66,66,66,66,66,66,66,66,66,66,66,66,71,71,71],"card_choices":[{"not_picked":["Slimebound:Repurpose","Slimebound:SplitAcid"],"picked":"Slimebound:GoopSpray","floor":2},{"not_picked":["Slimebound:SlimeTap","Slimebound:ComboTackle"],"picked":"Slimebound:ViciousTackle","floor":3},{"not_picked":["Slimebound:ItLooksTasty","Slimebound:LeechEnergy"],"picked":"Slimebound:Chomp","floor":8},{"not_picked":["Slimebound:SlimeSpikes","Slimebound:SlimeTap"],"picked":"Slimebound:LivingWall","floor":11},{"not_picked":["Slimebound:GoopTackle","Slimebound:Schlurp"],"picked":"Slimebound:GrowthPunch","floor":13},{"not_picked":["Slimebound:Repurpose","Slimebound:AcidTongue"],"picked":"Slimebound:PressTheAttack","floor":14},{"not_picked":["Slimebound:LivingWall","Slimebound:SlimeBrawl"],"picked":"Slimebound:PressTheAttack","floor":15}],"player_experience":14355,"relics_obtained":[{"floor":7,"key":"Darkstone Periapt"}],"event_choices":[],"is_beta":false,"boss_relics":[],"items_purged_floors":[],"is_endless":false,"potions_floor_spawned":[2,3,8,15],"killed_by":"downfall:Ironclad","ascension_level":0}}