{"host":"r4fdjn7z3inifdxd","time":1607814697,"event":{"mods":["BaseMod","Minty Spire (QoL Compilation)"],"gold_per_floor":[367,9,84,84,28,28,58,74,74,74,91,91,16,50,50,127,127,147,147,147,147,3,3,13,82,82,82,97,197,232,232,232],"floor_reached":31,"playtime":1413,"items_purged":["Strike_P","Writhe"],"score":522,"play_id":"c0d9181f-1a82-4f17-9015-2b8d47a099f8","local_time":"20201213061137","is_ascension_mode":true,"campfire_choices":[{"floor":6,"key":"REST"},{"data":"Eruption","floor":10,"key":"SMITH"},{"floor":12,"key":"REST"},{"floor":15,"key":"RECALL"},{"data":"Panacea","floor":23,"key":"SMITH"},{"floor":27,"key":"REST"}],"circlet_count":0,"master_deck":["AscendersBane","Strike_P","Strike_P+1","Defend_P+1","Defend_P","Defend_P+1","Eruption+1","Vigilance","Wallop","Apotheosis+1","Prostrate+1","CarveReality","SashWhip","WaveOfTheHand+1","LessonLearned","Conclude+1","CarveReality","SandsOfTime","RitualDagger","Panacea+1","CutThroughFate+1","Study","Indignation","Omniscience+1"],"relics":["PureWater","Happy Flower","Art of War","War Paint","Pen Nib","Velvet Choker","Smiling Mask","HornCleat","Torii","TeardropLocket","Prayer Wheel"],"acts_visited":["Exordium","TheCity"],"potions_floor_usage":[14,16,29,30,30],"damage_taken":[{"damage":2,"enemies":"Cultist","floor":1,"turns":3},{"damage":8,"enemies":"Gremlin Nob","floor":7,"turns":3},{"damage":0,"enemies":"Jaw Worm","floor":8,"turns":4},{"damage":0,"enemies":"2 Louse","floor":11,"turns":2},{"damage":0,"enemies":"3 Sentries","floor":14,"turns":3},{"damage":7,"enemies":"The Guardian","floor":16,"turns":8},{"damage":6,"enemies":"Shell Parasite","floor":18,"turns":6},{"damage":11,"enemies":"2 Thieves","floor":24,"turns":2},{"damage":0,"enemies":"3 Cultists","floor":28,"turns":3},{"damage":27,"enemies":"Colosseum Slavers","floor":29,"turns":3},{"damage":0,"enemies":"Colosseum Nobs","floor":29,"turns":3},{"damage":11,"enemies":"Slavers","floor":30,"turns":3},{"damage":23,"enemies":"Cultist and Chosen","floor":31,"turns":3}],"seed_played":"-7702445029622175423","potions_obtained":[{"floor":1,"key":"SpeedPotion"},{"floor":14,"key":"Dexterity Potion"},{"floor":24,"key":"Explosive Potion"},{"floor":29,"key":"FearPotion"},{"floor":30,"key":"SpeedPotion"}],"is_trial":false,"path_per_floor":["M","$","?","?","$","R","E","M","T","R","M","R","$","E","R","B",null,"M","?","?","?","$","R","M","T","T","R","M","?","E","M"],"character_chosen":"WATCHER","items_purchased":["Happy Flower","Apotheosis","Fire Potion","Panacea"],"campfire_rested":3,"item_purchase_floors":[2,2,5,22],"current_hp_per_floor":[41,41,30,10,10,30,22,22,22,22,22,42,42,42,42,35,60,54,54,54,48,48,48,37,37,37,57,57,30,19,0,0],"gold":232,"neow_bonus":"TWO_FIFTY_GOLD","is_daily":false,"chose_seed":false,"campfire_upgraded":2,"win_rate":0.0,"timestamp":1607814697,"path_taken":["M","$","?","?","$","R","E","M","T","R","M","R","?","E","R","BOSS","M","?","?","?","$","R","M","?","T","R","M","?","E","M"],"items_purchased_type":["Relic","Card","Potion","Card"],"build_version":"2020-11-30","purchased_purges":2,"victory":false,"max_hp_per_floor":[68,68,68,68,68,68,68,68,68,68,68,68,68,68,68,68,68,68,68,68,68,68,68,68,68,68,68,68,68,68,68,68],"card_choices":[{"not_picked":["BowlingBash","ClearTheMind"],"picked":"Wallop","floor":1},{"not_picked":["Crescendo","Fasting2"],"picked":"Prostrate","floor":7},{"not_picked":["BowlingBash","Crescendo"],"picked":"CarveReality","floor":8},{"not_picked":["Prostrate","Evaluate"],"picked":"SashWhip","floor":11},{"not_picked":["Worship","JustLucky"],"picked":"WaveOfTheHand","floor":14},{"not_picked":["Alpha","Devotion"],"picked":"LessonLearned","floor":16},{"not_picked":["Protect","EmptyBody"],"picked":"Conclude+1","floor":18},{"not_picked":["Prostrate","FlurryOfBlows"],"picked":"CutThroughFate","floor":24},{"not_picked":["Fasting2","Halt"],"picked":"Study","floor":28},{"not_picked":["ClearTheMind","PathToVictory+1"],"picked":"Indignation","floor":29},{"not_picked":["MentalFortress","FlurryOfBlows"],"picked":"Omniscience","floor":30}],"player_experience":1479302,"relics_obtained":[{"floor":7,"key":"Art of War"},{"floor":9,"key":"War Paint"},{"floor":14,"key":"Pen Nib"},{"floor":26,"key":"HornCleat"},{"floor":29,"key":"Torii"},{"floor":29,"key":"TeardropLocket"},{"floor":30,"key":"Prayer Wheel"}],"event_choices":[{"damage_healed":0,"gold_gain":75,"player_choice":"Gather Gold","damage_taken":11,"max_hp_gain":0,"max_hp_loss":0,"event_name":"World of Goop","floor":3,"gold_loss":0},{"damage_healed":0,"gold_gain":0,"player_choice":"Entered Light","damage_taken":20,"max_hp_gain":0,"max_hp_loss":0,"event_name":"Shining Light","floor":4,"gold_loss":0,"cards_upgraded":["Defend_P","Strike_P"]},{"damage_healed":0,"gold_gain":0,"cards_transformed":["Strike_P","Defend_P"],"player_choice":"Became Test Subject","damage_taken":0,"max_hp_gain":0,"max_hp_loss":0,"event_name":"Drug Dealer","floor":19,"gold_loss":0,"cards_obtained":["CarveReality","SandsOfTime"]},{"damage_healed":0,"gold_gain":0,"player_choice":"Opened","damage_taken":0,"relics_obtained":["Smiling Mask"],"max_hp_gain":0,"max_hp_loss":0,"event_name":"The Mausoleum","floor":20,"gold_loss":0,"cards_obtained":["Writhe"]},{"damage_healed":0,"gold_gain":0,"player_choice":"Joined the Cult","damage_taken":6,"max_hp_gain":0,"max_hp_loss":0,"event_name":"Nest","floor":21,"gold_loss":0,"cards_obtained":["RitualDagger"]},{"damage_healed":0,"gold_gain":0,"player_choice":"Fight","damage_taken":0,"max_hp_gain":0,"max_hp_loss":0,"event_name":"Colosseum","floor":29,"gold_loss":0},{"damage_healed":0,"gold_gain":0,"player_choice":"Fought Nobs","damage_taken":0,"max_hp_gain":0,"max_hp_loss":0,"event_name":"Colosseum","floor":29,"gold_loss":0}],"is_beta":false,"boss_relics":[{"not_picked":["Black Star","Busted Crown"],"picked":"Velvet Choker"}],"items_purged_floors":[13,22],"is_endless":false,"potions_floor_spawned":[1,14,24,29,30],"killed_by":"Cultist and Chosen","ascension_level":17}}