{"host":"7gewg82ormp6yt4e","time":1607782883,"event":{"mods":["BaseMod","Block Reminder","Colored Map","Colored Powertips","DeckTracker","Highlight Path","Minty Spire (QoL Compilation)","Relic Stats","StSLib"],"gold_per_floor":[116,116,116,130,130,230,248,248,248,27,68,68,104,125,125,216,216,240,240,260,181,181,181,181,197,246,51,51,84,84,97,97,193,193,211,81,106,137,158,158,183,183,183,183,183,183],"floor_reached":45,"playtime":2327,"items_purged":["Defend_G"],"score":1128,"play_id":"e9733846-8988-4384-ac97-33136d1aa73a","local_time":"20201212232122","is_ascension_mode":true,"campfire_choices":[{"data":"Apotheosis","floor":8.0,"key":"SMITH"},{"data":"Footwork","floor":12.0,"key":"SMITH"},{"data":"Footwork","floor":15.0,"key":"SMITH"},{"data":"Accuracy","floor":23.0,"key":"SMITH"},{"data":"Well Laid Plans","floor":28.0,"key":"SMITH"},{"data":"Accuracy","floor":30.0,"key":"SMITH"},{"floor":32.0,"key":"RECALL"},{"floor":40.0,"key":"REST"},{"floor":42.0,"key":"REST"},{"floor":44.0,"key":"REST"}],"circlet_count":0,"master_deck":["AscendersBane","Defend_G","Defend_G","Defend_G","Defend_G","Survivor","Neutralize","Apotheosis+1","Expertise","Flying Knee","Blade Dance","Footwork+1","Terror","Blade Dance","Footwork+1","Crippling Poison","Backflip","Phantasmal Killer","Cloak And Dagger+1","Bite","Bite","Bite","Bite","Bite","Dagger Spray","Accuracy+1","Accuracy+1","Backflip","Well Laid Plans+1","Cloak And Dagger","Burst","Backflip","Night Terror","PiercingWail","PiercingWail","Dodge and Roll","Prepared+1","Expertise+1"],"relics":["Ring of the Snake","Golden Idol","Bird Faced Urn","Lantern","Vajra","Runic Dome","Happy Flower","Ginger","SlaversCollar"],"acts_visited":["Exordium","TheCity","TheBeyond"],"potions_floor_usage":[45],"damage_taken":[{"damage":0.0,"enemies":"Jaw Worm","floor":1.0,"turns":5.0},{"damage":1.0,"enemies":"Small Slimes","floor":4.0,"turns":4.0},{"damage":0.0,"enemies":"2 Louse","floor":7.0,"turns":4.0},{"damage":14.0,"enemies":"Gremlin Nob","floor":11.0,"turns":3.0},{"damage":0.0,"enemies":"Lagavulin","floor":13.0,"turns":6.0},{"damage":0.0,"enemies":"Red Slaver","floor":14.0,"turns":3.0},{"damage":0.0,"enemies":"Hexaghost","floor":16.0,"turns":6.0},{"damage":9.0,"enemies":"3 Byrds","floor":18.0,"turns":6.0},{"damage":2.0,"enemies":"Shell Parasite","floor":20.0,"turns":4.0},{"damage":7.0,"enemies":"Snecko","floor":25.0,"turns":3.0},{"damage":8.0,"enemies":"Gremlin Leader","floor":29.0,"turns":5.0},{"damage":0.0,"enemies":"3 Cultists","floor":31.0,"turns":4.0},{"damage":13.0,"enemies":"Champ","floor":33.0,"turns":5.0},{"damage":3.0,"enemies":"Orb Walker","floor":35.0,"turns":2.0},{"damage":11.0,"enemies":"3 Darklings","floor":37.0,"turns":7.0},{"damage":0.0,"enemies":"Mind Bloom Boss Battle","floor":38.0,"turns":6.0},{"damage":25.0,"enemies":"Sphere and 2 Shapes","floor":39.0,"turns":6.0},{"damage":57.0,"enemies":"Writhing Mass","floor":41.0,"turns":7.0},{"damage":49,"enemies":"Reptomancer","floor":45,"turns":3}],"seed_played":"-958403282028954455","potions_obtained":[{"floor":1.0,"key":"Strength Potion"},{"floor":13.0,"key":"GamblersBrew"},{"floor":14.0,"key":"ColorlessPotion"},{"floor":20.0,"key":"Poison Potion"},{"floor":29.0,"key":"Strength Potion"},{"floor":31.0,"key":"EssenceOfSteel"},{"floor":33.0,"key":"FearPotion"},{"floor":35.0,"key":"Energy Potion"}],"is_trial":false,"path_per_floor":["M","?","?","M","?","?","M","R","T","$","E","R","E","M","R","B",null,"M","?","M","$","?","R","?","M","T","$","R","E","R","M","R","B",null,"M","$","M","?","M","R","M","R","T","R","E"],"character_chosen":"THE_SILENT","items_purchased":["Footwork","Terror","Blade Dance","Accuracy","Well Laid Plans","Cloak And Dagger","Weak Potion","PiercingWail"],"campfire_rested":3,"item_purchase_floors":[10,10,10,21,27,27,27,36],"current_hp_per_floor":[59,54,47,46,46,46,46,46,46,46,32,32,36,40,40,44,52,47,37,37,37,37,37,37,30,30,30,30,31,31,37,37,35,37,34,34,35,37,27,37,1,12,12,23,0,0],"gold":183,"neow_bonus":"RANDOM_COLORLESS_2","is_daily":false,"chose_seed":false,"campfire_upgraded":6,"win_rate":0.0,"timestamp":1607782882,"path_taken":["M","?","?","M","?","?","M","R","T","$","E","R","E","?","R","BOSS","M","?","M","$","?","R","?","M","T","$","R","E","R","M","R","BOSS","M","$","M","?","M","R","M","R","T","R","E"],"items_purchased_type":["Card","Card","Card","Card","Card","Card","Potion","Card"],"build_version":"2020-11-30","purchased_purges":1,"victory":false,"max_hp_per_floor":[60,54,54,54,54,54,54,54,54,54,54,54,54,54,54,54,54,54,37,37,37,37,37,37,37,37,37,37,37,37,37,37,37,37,37,37,37,37,37,37,37,37,37,37,37,37],"relic_stats":{"Happy Flower":[15],"counters":[19,89],"Golden Idol":109,"Bird Faced Urn":[69],"Ginger":[7],"obtain_stats":[{"Runic Dome":17,"SlaversCollar":34,"Lantern":11,"Happy Flower":26,"Golden Idol":2,"Bird Faced Urn":9,"Vajra":13,"Ginger":29,"Ring of the Snake":0},{"Runic Dome":7,"SlaversCollar":13,"Lantern":4,"Happy Flower":10,"Golden Idol":1,"Bird Faced Urn":3,"Vajra":5,"Ginger":11,"Ring of the Snake":0},{"Runic Dome":31,"SlaversCollar":58,"Lantern":16,"Happy Flower":44,"Golden Idol":5,"Bird Faced Urn":13,"Vajra":22,"Ginger":49,"Ring of the Snake":0}],"Ring of the Snake":[38]},"card_choices":[{"not_picked":["The Bomb","Sadistic Nature"],"picked":"Apotheosis","floor":0.0},{"not_picked":["Underhanded Strike","Outmaneuver"],"picked":"Expertise","floor":1.0},{"not_picked":["Finisher","Underhanded Strike"],"picked":"Flying Knee","floor":4.0},{"not_picked":["Flying Knee","Deflect"],"picked":"Blade Dance","floor":7.0},{"not_picked":["Die Die Die","Sucker Punch"],"picked":"Footwork","floor":11.0},{"not_picked":["Expertise","Slice"],"picked":"Crippling Poison","floor":13.0},{"not_picked":["Setup","Eviscerate"],"picked":"Backflip","floor":14.0},{"not_picked":["Venomology","Glass Knife"],"picked":"Phantasmal Killer","floor":16.0},{"not_picked":["Eviscerate","Deflect"],"picked":"Cloak And Dagger+1","floor":18.0},{"not_picked":["Flying Knee","Poisoned Stab"],"picked":"Dagger Spray","floor":20.0},{"not_picked":["Prepared","Poisoned Stab"],"picked":"Backflip","floor":25.0},{"not_picked":["Underhanded Strike","Deadly Poison"],"picked":"Burst","floor":29.0},{"not_picked":["Blade Dance","Deflect"],"picked":"Backflip","floor":31.0},{"not_picked":["Tools of the Trade","Glass Knife"],"picked":"Night Terror","floor":33.0},{"not_picked":["Calculated Gamble","Accuracy"],"picked":"PiercingWail","floor":35.0},{"not_picked":["Dagger Throw","Bane"],"picked":"Dodge and Roll","floor":37.0},{"not_picked":["Dagger Spray+1","Bouncing Flask"],"picked":"Prepared+1","floor":39.0},{"not_picked":["Sucker Punch","Deadly Poison"],"picked":"Expertise+1","floor":41.0}],"player_experience":2328011,"relics_obtained":[{"floor":9.0,"key":"Bird Faced Urn"},{"floor":11.0,"key":"Lantern"},{"floor":13.0,"key":"Vajra"},{"floor":26.0,"key":"Happy Flower"},{"floor":29.0,"key":"Ginger"}],"event_choices":[{"damage_healed":0.0,"max_hp_gain":0.0,"max_hp_loss":6.0,"gold_gain":0.0,"event_name":"Golden Idol","player_choice":"Lose Max HP","floor":2.0,"gold_loss":0.0,"damage_taken":0.0,"relics_obtained":["Golden Idol"]},{"cards_removed":["Strike_G"],"damage_healed":0.0,"max_hp_gain":0.0,"max_hp_loss":0.0,"gold_gain":0.0,"event_name":"Golden Wing","player_choice":"Card Removal","floor":3.0,"gold_loss":0.0,"damage_taken":7.0},{"damage_healed":0.0,"max_hp_gain":0.0,"max_hp_loss":0.0,"gold_gain":0.0,"event_name":"The Cleric","player_choice":"Leave","floor":5.0,"gold_loss":0.0,"damage_taken":0.0},{"damage_healed":0.0,"max_hp_gain":0.0,"max_hp_loss":0.0,"gold_gain":100.0,"event_name":"Wheel of Change","player_choice":"Gold","floor":6.0,"gold_loss":0.0,"damage_taken":0.0},{"damage_healed":0.0,"max_hp_gain":0.0,"max_hp_loss":17.0,"gold_gain":0.0,"event_name":"Vampires","player_choice":"Became a vampire","floor":19.0,"gold_loss":0.0,"damage_taken":0.0,"cards_obtained":["Bite","Bite","Bite","Bite","Bite"]},{"damage_healed":0.0,"max_hp_gain":0.0,"max_hp_loss":0.0,"gold_gain":0.0,"event_name":"The Library","player_choice":"Read","floor":22.0,"gold_loss":0.0,"damage_taken":0.0,"cards_obtained":["Accuracy"]},{"damage_healed":0.0,"max_hp_gain":0.0,"max_hp_loss":0.0,"gold_gain":0.0,"event_name":"Wheel of Change","player_choice":"Full Heal","floor":24.0,"gold_loss":0.0,"damage_taken":0.0},{"damage_healed":0.0,"max_hp_gain":0.0,"max_hp_loss":0.0,"gold_gain":0.0,"event_name":"MindBloom","player_choice":"Fight","floor":38.0,"gold_loss":0.0,"damage_taken":0.0}],"is_beta":false,"boss_relics":[{"not_picked":["HoveringKite","Velvet Choker"],"picked":"Runic Dome"},{"not_picked":["Black Star","Ring of the Serpent"],"picked":"SlaversCollar"}],"items_purged_floors":[36],"is_endless":false,"potions_floor_spawned":[1,13,14,20,29,31,33,35,39],"killed_by":"Reptomancer","ascension_level":20}}