{"host":"pgiw9wkmtk74e1ic","time":1607742858,"event":{"mods":["BaseMod","Colored Map","Colored Powertips","Marisa????????","Minty Spire (QoL Compilation)","Replay The Spire","StSLib"],"gold_per_floor":[116,135,200,163,176,176,195,195,195,195,228,240,250,280,280,379,379,397,337,337,24,34,34,65,65,65,77,77,92,107,121,121,121,121],"floor_reached":33,"playtime":2409,"items_purged":["Shame"],"score":304,"play_id":"f7a826b1-6c06-4ff2-aabf-24dcf1508272","local_time":"20201211201418","is_ascension_mode":false,"campfire_choices":[{"data":"Metallicize","floor":6.0,"key":"SMITH"},{"data":"Wild Strike","floor":8.0,"key":"SMITH"},{"data":"Armaments","floor":15,"key":"SMITH"},{"floor":23,"key":"RECALL"},{"floor":25,"key":"REST"}],"circlet_count":0,"master_deck":["Strike_R","Strike_R","Strike_R","Strike_R","Strike_R","Defend_R","Defend_R","Defend_R","Defend_R","Bash+1","Wild Strike","Heavy Blade","ReplayTheSpireMod:Limb From Limb","Metallicize+1","Wild Strike+1","Disarm","Armaments+1","Thunderclap+1","Thunderclap+1","Wild Strike+1","Battle Trance","Armaments+1","ReplayTheSpireMod:Corrosion Curse"],"relics":["Burning Blood","Iron Hammer","Replay:Mystery Machine","Tiny Chest","Replay:Bronze Core","Question Card","StrikeDummy","Calipers","Bottled Flame"],"acts_visited":["Exordium","TheCity"],"potions_floor_usage":[16,24,33],"damage_taken":[{"damage":0.0,"enemies":"Small Slimes","floor":1.0,"turns":3.0},{"damage":6.0,"enemies":"Jaw Worm","floor":2.0,"turns":2.0},{"damage":1.0,"enemies":"Cultist","floor":5.0,"turns":4.0},{"damage":2.0,"enemies":"3 Louse","floor":7.0,"turns":4.0},{"damage":0.0,"enemies":"Gremlin Nob","floor":11.0,"turns":2.0},{"damage":7.0,"enemies":"Looter","floor":12.0,"turns":3.0},{"damage":9.0,"enemies":"Blue Slaver","floor":13.0,"turns":3.0},{"damage":15.0,"enemies":"Lagavulin","floor":14.0,"turns":6.0},{"damage":35,"enemies":"The Guardian","floor":16,"turns":10},{"damage":28,"enemies":"Chosen","floor":18,"turns":5},{"damage":8,"enemies":"Spheric Guardian","floor":22,"turns":4},{"damage":14,"enemies":"Slavers","floor":24,"turns":4},{"damage":22,"enemies":"Centurion and Healer","floor":27,"turns":5},{"damage":18,"enemies":"Shelled Parasite and Fungi","floor":29,"turns":2},{"damage":31,"enemies":"Snecko","floor":30,"turns":7},{"damage":5,"enemies":"Cultist and Chosen","floor":31,"turns":4},{"damage":9,"enemies":"Automaton","floor":33,"turns":4}],"seed_played":"-6051012909949888520","potions_obtained":[{"floor":1.0,"key":"SneckoOil"},{"floor":2.0,"key":"ElixirPotion"},{"floor":12.0,"key":"PowerPotion"},{"floor":14.0,"key":"AttackPotion"},{"floor":22,"key":"LiquidMemories"},{"floor":24,"key":"Reflective Coating"}],"is_trial":false,"path_per_floor":["M","M","?","$","M","R","M","R","T","?","E","M","M","E","R","B",null,"M","?","?","$","M","R","E","R","T","M","T","M","M","M","R_BF","B"],"character_chosen":"IRONCLAD","items_purchased":["ReplayTheSpireMod:Limb From Limb","StrikeDummy"],"campfire_rested":1,"item_purchase_floors":[4,21],"current_hp_per_floor":[80,80,80,80,80,80,80,80,80,80,80,79,76,67,67,38,80,58,58,58,58,56,56,48,72,72,56,56,44,19,20,44,35,35],"gold":121,"neow_bonus":"RANDOM_EVENT","is_daily":false,"chose_seed":false,"campfire_upgraded":3,"win_rate":0.0,"timestamp":1607742858,"path_taken":["M","M","?","$","M","R","M","R","T","?","E","M","?","E","R_BF","BOSS","M","?","?","$","?","R","E","R","T","M","?","M","M","M","R_BF","BOSS"],"items_purchased_type":["Card","Relic"],"build_version":"2020-11-30","purchased_purges":1,"victory":false,"max_hp_per_floor":[80,80,80,80,80,80,80,80,80,80,80,80,80,80,80,80,80,80,80,80,80,80,80,80,80,80,80,80,80,80,80,80,80,80],"card_choices":[{"not_picked":["ReplayTheSpireMod:Limb From Limb","Body Slam"],"picked":"Wild Strike","floor":1.0},{"not_picked":["Sword Boomerang","Havoc"],"picked":"Heavy Blade","floor":2.0},{"not_picked":["Clash","Dropkick"],"picked":"Metallicize","floor":5.0},{"not_picked":["Run Through","Uppercut"],"picked":"Wild Strike","floor":7.0},{"not_picked":["Second Wind","Warcry"],"picked":"Disarm","floor":11.0},{"not_picked":["Sword Boomerang","Shrug It Off"],"picked":"Armaments","floor":12.0},{"not_picked":["Sword Boomerang","Anger","True Grit"],"picked":"SKIP","floor":13.0},{"not_picked":["Sword Boomerang","Second Wind","Dark Embrace"],"picked":"SKIP","floor":14.0},{"not_picked":["Pommel Strike","Iron Wave"],"picked":"Thunderclap+1","floor":18},{"not_picked":["Massacre+1","Shockwave","Perfected Strike"],"picked":"Thunderclap+1","floor":22},{"not_picked":["Heavy Blade","ReplayReversal","Warcry+1"],"picked":"Wild Strike","floor":24},{"not_picked":["Flame Barrier","Abandon","Cleave"],"picked":"Battle Trance","floor":27},{"not_picked":["Perfected Strike","Replay:Undeath\u0027s Touch","Battle Trance"],"picked":"Armaments+1","floor":29},{"not_picked":["Wild Strike","Body Slam","Twin Strike"],"picked":"ReplayTheSpireMod:Corrosion Curse","floor":30},{"not_picked":["Searing Blow","Twin Strike","Blood for Blood","Replay:Undeath\u0027s Touch"],"picked":"SKIP","floor":31}],"player_experience":237322,"relics_obtained":[{"floor":9.0,"key":"Iron Hammer"},{"floor":11.0,"key":"Replay:Mystery Machine"},{"floor":14.0,"key":"Tiny Chest"},{"floor":24,"key":"Calipers"},{"floor":28,"key":"Bottled Flame"}],"event_choices":[{"damage_healed":0.0,"max_hp_gain":0.0,"max_hp_loss":0.0,"gold_gain":0.0,"event_name":"Living Wall","player_choice":"Grow","floor":0.0,"gold_loss":0.0,"damage_taken":0.0,"cards_upgraded":["Bash"]},{"damage_healed":0.0,"max_hp_gain":0.0,"max_hp_loss":0.0,"gold_gain":65.0,"event_name":"Golden Wing","player_choice":"Gained Gold","floor":3.0,"gold_loss":0.0,"damage_taken":0.0},{"damage_healed":0.0,"max_hp_gain":0.0,"max_hp_loss":0.0,"gold_gain":0.0,"event_name":"NoteForYourself","player_choice":"Ignored","floor":10.0,"gold_loss":0.0,"damage_taken":0.0}],"is_beta":false,"boss_relics":[{"not_picked":["Runic Dome","Kintsugi"],"picked":"Replay:Bronze Core"}],"items_purged_floors":[21],"is_endless":false,"potions_floor_spawned":[1,2,12,14,22,24,27,29,30],"killed_by":"Automaton","ascension_level":0}}