{"host":"8z9pdspl1iu3cd7i","time":1607788050,"event":{"mods":["BaseMod","Colored Powertips","Highlight Path","Minty Spire (QoL Compilation)","StSLib"],"gold_per_floor":[112,123,123,140,140,174,191,219,294,321,338,187,222,297,297,399,449,460,479,514,532,546,546,575,575,575,600,600,620,646,492,492,597,597,615,633,45,45,63,92,92,121,201,226,226,226,240,271,271,271,271,271,11,39,39,39],"floor_reached":55,"playtime":3593,"items_purged":["Strike_R","Strike_R+1","Cleave"],"score":889,"play_id":"bd4f527d-4846-4681-8d88-5376fd9c2215","local_time":"20201212234730","is_ascension_mode":true,"campfire_choices":[{"data":"Seeing Red","floor":15.0,"key":"SMITH"},{"data":"Berserk","floor":23.0,"key":"SMITH"},{"floor":25.0,"key":"REST"},{"data":"Metallicize","floor":32.0,"key":"SMITH"},{"data":"Spot Weakness","floor":41.0,"key":"SMITH"},{"data":"Berserk","floor":45.0,"key":"SMITH"},{"floor":49.0,"key":"RECALL"},{"data":"Forethought","floor":52.0,"key":"SMITH"}],"circlet_count":0,"master_deck":["Strike_R+1","Strike_R+1","Strike_R+1","Defend_R+1","Defend_R+1","Defend_R+1","Defend_R+1","Bash","Flame Barrier+1","Rage+1","Metallicize+1","Double Tap+1","Seeing Red+1","Berserk+1","Berserk+1","Rampage+1","Spot Weakness+1","Mayhem","Master of Strategy","Forethought+1","Metallicize+1","Shockwave"],"relics":["Black Blood","Boot","Torii","Kunai","Centennial Puzzle","Incense Burner","Tiny House","Red Mask","Bag of Marbles","Eternal Feather","Meat on the Bone","StrikeDummy","War Paint","Bottled Tornado","PreservedInsect","Oddly Smooth Stone","Question Card","Nunchaku","Pantograph"],"acts_visited":["Exordium","TheCity","TheBeyond","TheEnding"],"potions_floor_usage":[55,55,55],"damage_taken":[{"damage":14.0,"enemies":"Small Slimes","floor":1.0,"turns":5.0},{"damage":6.0,"enemies":"Cultist","floor":2.0,"turns":4.0},{"damage":4.0,"enemies":"2 Louse","floor":4.0,"turns":3.0},{"damage":8.0,"enemies":"Gremlin Nob","floor":6.0,"turns":5.0},{"damage":0.0,"enemies":"2 Fungi Beasts","floor":7.0,"turns":4.0},{"damage":15.0,"enemies":"Lagavulin","floor":8.0,"turns":7.0},{"damage":12.0,"enemies":"3 Sentries","floor":10.0,"turns":8.0},{"damage":1.0,"enemies":"Large Slime","floor":11.0,"turns":7.0},{"damage":16.0,"enemies":"Lagavulin","floor":13.0,"turns":8.0},{"damage":31.0,"enemies":"The Guardian","floor":16.0,"turns":14.0},{"damage":9.0,"enemies":"Spheric Guardian","floor":18.0,"turns":5.0},{"damage":19.0,"enemies":"2 Thieves","floor":19.0,"turns":4.0},{"damage":38.0,"enemies":"Masked Bandits","floor":20.0,"turns":8.0},{"damage":20.0,"enemies":"Cultist and Chosen","floor":21.0,"turns":7.0},{"damage":9.0,"enemies":"Snake Plant","floor":22.0,"turns":4.0},{"damage":31.0,"enemies":"Slavers","floor":24.0,"turns":9.0},{"damage":2.0,"enemies":"Gremlin Leader","floor":27.0,"turns":8.0},{"damage":12.0,"enemies":"Snecko","floor":29.0,"turns":10.0},{"damage":25.0,"enemies":"Slavers","floor":30.0,"turns":7.0},{"damage":35.0,"enemies":"Collector","floor":33.0,"turns":13.0},{"damage":19.0,"enemies":"3 Darklings","floor":35.0,"turns":7.0},{"damage":14.0,"enemies":"Orb Walker","floor":36.0,"turns":6.0},{"damage":7.0,"enemies":"Transient","floor":39.0,"turns":5.0},{"damage":69.0,"enemies":"Reptomancer","floor":40.0,"turns":5.0},{"damage":7.0,"enemies":"Giant Head","floor":42.0,"turns":6.0},{"damage":41.0,"enemies":"Reptomancer","floor":44.0,"turns":4.0},{"damage":0.0,"enemies":"Maw","floor":47.0,"turns":8.0},{"damage":35.0,"enemies":"Nemesis","floor":48.0,"turns":7.0},{"damage":64.0,"enemies":"Awakened One","floor":50.0,"turns":15.0},{"damage":82.0,"enemies":"Shield and Spear","floor":54.0,"turns":8.0},{"damage":35,"enemies":"The Heart","floor":55,"turns":5}],"seed_played":"1519714387460472711","potions_obtained":[{"floor":2.0,"key":"Swift Potion"},{"floor":5.0,"key":"PowerPotion"},{"floor":5.0,"key":"DistilledChaos"},{"floor":5.0,"key":"Weak Potion"},{"floor":7.0,"key":"EssenceOfSteel"},{"floor":8.0,"key":"LiquidBronze"},{"floor":10.0,"key":"Explosive Potion"},{"floor":11.0,"key":"GamblersBrew"},{"floor":13.0,"key":"BloodPotion"},{"floor":17.0,"key":"Fruit Juice"},{"floor":19.0,"key":"SneckoOil"},{"floor":24.0,"key":"PowerPotion"},{"floor":27.0,"key":"HeartOfIron"},{"floor":29.0,"key":"LiquidBronze"},{"floor":30.0,"key":"Strength Potion"},{"floor":40.0,"key":"Regen Potion"},{"floor":48.0,"key":"Swift Potion"}],"is_trial":false,"path_per_floor":["M","M","?","M","?","E","M","E","T","E","M","$","E","?","R","B",null,"M","M","?","M","M","R","E","R","T","E","?","M","E","$","R","B",null,"M","M","$","?","M","E","R","E","T","E","R","?","M","E","R","B",null,"R","$","E","B"],"character_chosen":"IRONCLAD","items_purchased":["Seeing Red","War Paint","Spot Weakness","Bottled Tornado","PowerPotion","CultistPotion","Dexterity Potion","Shockwave","Dexterity Potion"],"campfire_rested":1,"item_purchase_floors":[12,31,37,37,37,37,53,53,53],"current_hp_per_floor":[72,72,65,67,67,65,71,62,62,56,61,61,51,40,40,15,90,87,74,42,28,25,25,18,45,45,49,49,55,48,48,57,40,90,83,81,81,71,76,31,43,60,60,43,55,55,67,56,68,43,90,90,90,32,22,22],"gold":39,"neow_bonus":"ONE_RANDOM_RARE_CARD","is_daily":false,"chose_seed":false,"campfire_upgraded":6,"win_rate":0.0,"timestamp":1607788050,"path_taken":["M","M","?","M","?","E","?","E","T","E","M","$","E","?","R","BOSS","M","M","?","M","M","R","E","R","T","E","?","M","E","$","R","BOSS","M","M","$","?","M","E","R","E","T","E","R","?","M","E","R","BOSS","R","$","E","BOSS"],"items_purchased_type":["Card","Relic","Card","Relic","Potion","Potion","Potion","Card","Potion"],"build_version":"2020-11-30","purchased_purges":3,"victory":false,"max_hp_per_floor":[80,80,80,80,80,80,80,80,80,80,80,80,80,80,80,80,90,90,90,90,90,90,90,90,90,90,90,90,90,90,90,90,90,90,90,90,90,90,90,90,90,90,90,90,90,90,90,90,90,90,90,90,90,90,90,90],"card_choices":[{"not_picked":["Thunderclap","Headbutt"],"picked":"Flame Barrier","floor":1.0},{"not_picked":["Second Wind","Clash","Body Slam"],"picked":"SKIP","floor":2.0},{"not_picked":["Thunderclap","Entrench"],"picked":"Cleave","floor":4.0},{"not_picked":["Sword Boomerang","Cleave","Clothesline"],"picked":"SKIP","floor":6.0},{"not_picked":["Searing Blow","Clash"],"picked":"Rage","floor":7.0},{"not_picked":["Cleave","Sword Boomerang"],"picked":"Carnage","floor":8.0},{"not_picked":["Thunderclap","Second Wind"],"picked":"Metallicize","floor":10.0},{"not_picked":["Armaments","Anger"],"picked":"Double Tap","floor":11.0},{"not_picked":["Cleave","Warcry","Combust"],"picked":"SKIP","floor":13.0},{"not_picked":["Impervious","Juggernaut"],"picked":"Berserk","floor":16.0},{"not_picked":["Pummel","Rage","Iron Wave"],"picked":"SKIP","floor":18.0},{"not_picked":["True Grit","Dark Embrace","Iron Wave"],"picked":"SKIP","floor":19.0},{"not_picked":["Clothesline","Twin Strike","Headbutt+1"],"picked":"SKIP","floor":21.0},{"not_picked":["Heavy Blade","Sever Soul+1","Thunderclap"],"picked":"SKIP","floor":22.0},{"not_picked":["True Grit+1","Battle Trance","Power Through"],"picked":"SKIP","floor":24.0},{"not_picked":["Second Wind","Battle Trance","Flex+1"],"picked":"SKIP","floor":27.0},{"not_picked":["Second Wind","Perfected Strike+1","Entrench+1"],"picked":"SKIP","floor":29.0},{"not_picked":["Body Slam","Heavy Blade","Combust"],"picked":"SKIP","floor":30.0},{"not_picked":["Double Tap","Fiend Fire"],"picked":"Berserk","floor":33.0},{"not_picked":["Thunderclap+1","Flex","Hemokinesis"],"picked":"SKIP","floor":35.0},{"not_picked":["Body Slam","Sword Boomerang+1"],"picked":"Rampage+1","floor":36.0},{"not_picked":["The Bomb","Jack Of All Trades"],"picked":"Mayhem","floor":38.0},{"not_picked":["Transmutation","The Bomb"],"picked":"Master of Strategy","floor":38.0},{"not_picked":["Mind Blast","Flash of Steel"],"picked":"Forethought","floor":38.0},{"not_picked":["Shrug It Off","Thunderclap","Perfected Strike+1"],"picked":"SKIP","floor":39.0},{"not_picked":["Cleave","Dropkick+1","Blood for Blood"],"picked":"SKIP","floor":40.0},{"not_picked":["Clothesline","Sword Boomerang","Clash"],"picked":"SKIP","floor":42.0},{"not_picked":["Armaments","Iron Wave+1","Twin Strike"],"picked":"SKIP","floor":44.0},{"not_picked":["Armaments","Iron Wave+1","Twin Strike"],"picked":"SKIP","floor":44.0},{"not_picked":["Impervious","Pommel Strike","Combust+1"],"picked":"Metallicize+1","floor":47.0},{"not_picked":["Battle Trance+1","Corruption","Carnage","Whirlwind"],"picked":"SKIP","floor":48.0},{"not_picked":["Pommel Strike+1","Reckless Charge+1","Bludgeon","Rage+1"],"picked":"SKIP","floor":54.0}],"player_experience":83118,"relics_obtained":[{"floor":6.0,"key":"Boot"},{"floor":8.0,"key":"Torii"},{"floor":9.0,"key":"Kunai"},{"floor":10.0,"key":"Centennial Puzzle"},{"floor":13.0,"key":"Incense Burner"},{"floor":20.0,"key":"Red Mask"},{"floor":24.0,"key":"Bag of Marbles"},{"floor":26.0,"key":"Eternal Feather"},{"floor":27.0,"key":"Meat on the Bone"},{"floor":30.0,"key":"StrikeDummy"},{"floor":40.0,"key":"PreservedInsect"},{"floor":42.0,"key":"Oddly Smooth Stone"},{"floor":44.0,"key":"Question Card"},{"floor":48.0,"key":"Nunchaku"},{"floor":54.0,"key":"Pantograph"}],"event_choices":[{"cards_removed":["Corruption"],"damage_healed":0.0,"max_hp_gain":0.0,"max_hp_loss":0.0,"gold_gain":0.0,"event_name":"Golden Wing","player_choice":"Card Removal","floor":3.0,"gold_loss":0.0,"damage_taken":7.0},{"damage_healed":0.0,"max_hp_gain":0.0,"max_hp_loss":0.0,"gold_gain":0.0,"event_name":"Lab","player_choice":"Got Potions","floor":5.0,"gold_loss":0.0,"damage_taken":0.0},{"damage_healed":0.0,"max_hp_gain":0.0,"max_hp_loss":0.0,"gold_gain":75.0,"event_name":"World of Goop","player_choice":"Gather Gold","floor":14.0,"gold_loss":0.0,"damage_taken":11.0},{"damage_healed":0.0,"max_hp_gain":0.0,"max_hp_loss":0.0,"gold_gain":0.0,"event_name":"Masked Bandits","player_choice":"Fought Bandits","floor":20.0,"gold_loss":0.0,"damage_taken":0.0},{"damage_healed":0.0,"max_hp_gain":0.0,"max_hp_loss":0.0,"gold_gain":0.0,"event_name":"Back to Basics","player_choice":"Simplicity","floor":28.0,"gold_loss":0.0,"damage_taken":0.0,"cards_upgraded":["Strike_R","Strike_R","Strike_R","Strike_R","Defend_R","Defend_R","Defend_R","Defend_R"]},{"damage_healed":0.0,"max_hp_gain":0.0,"max_hp_loss":0.0,"gold_gain":0.0,"event_name":"SensoryStone","player_choice":"Memory 3","floor":38.0,"gold_loss":0.0,"damage_taken":10.0},{"cards_removed":["Carnage"],"damage_healed":0.0,"max_hp_gain":0.0,"max_hp_loss":0.0,"gold_gain":0.0,"event_name":"Falling","player_choice":"Removed Attack","floor":46.0,"gold_loss":0.0,"damage_taken":0.0}],"is_beta":false,"boss_relics":[{"not_picked":["Busted Crown","Mark of Pain"],"picked":"Tiny House"},{"not_picked":["Empty Cage","Runic Cube"],"picked":"Black Blood"}],"items_purged_floors":[12,37,53],"is_endless":false,"potions_floor_spawned":[2,7,8,10,11,13,19,24,27,29,30,39,40,48],"killed_by":"The Heart","ascension_level":1}}