{"host":"0lnx88jdgcrh6gmr","time":1607759302,"event":{"mods":["2.2 Compatiblity","AchievementEnabler","BaseMod","Beaked The Cultist","Better Note","Better Skull","Better Third Choice","Block Reminder","Colored Map","Displayed Cursed Tome","Glutton Mod","Googly Eyes","Hermit","Highlight Path","Minty Spire (QoL Compilation)","Rare Cards Sparkle","Relic Stats","Shade Mod","Spicy Shops","StSLib","The Construct","The Cursed","The Disciple","The Mystic","The Servant 0.9.4","Unceasing Turn Reminder","everything is the same but u backflip on backflip","slay the spire mod where everything is the same but ironclad has a cowboy hat"],"gold_per_floor":[112,130,10,28,0,0,0],"floor_reached":6,"playtime":297,"items_purged":[],"score":36,"play_id":"4f466988-880a-4bc5-9f8b-2abac7e16bc2","local_time":"20201212004822","is_ascension_mode":false,"campfire_choices":[],"circlet_count":0,"master_deck":["Strike_G","Strike_G","Strike_G","Strike_G","Strike_G","Defend_G","Defend_G","Defend_G","Defend_G","Defend_G","Survivor","Neutralize","Burst","Bane","Footwork","Backflip","Noxious Fumes","Enlightenment"],"relics":["Ring of the Snake","Juzu Bracelet"],"acts_visited":["Exordium"],"potions_floor_usage":[],"damage_taken":[{"damage":4.0,"enemies":"Jaw Worm","floor":1.0,"turns":8.0},{"damage":0.0,"enemies":"2 Louse","floor":2.0,"turns":3.0},{"damage":0.0,"enemies":"Cultist","floor":4.0,"turns":5.0},{"damage":100,"enemies":"Gremlin Nob","floor":6,"turns":6}],"seed_played":"8041023522912055607","potions_obtained":[{"floor":1.0,"key":"ColorlessPotion"},{"floor":2.0,"key":"Strength Potion"}],"is_trial":false,"path_per_floor":["M","M","$","M","?","E"],"character_chosen":"THE_SILENT","items_purchased":["Backflip","Juzu Bracelet"],"campfire_rested":0,"item_purchase_floors":[3,3],"current_hp_per_floor":[66,66,66,66,72,0,0],"gold":0,"neow_bonus":"ONE_RANDOM_RARE_CARD","is_daily":false,"chose_seed":false,"campfire_upgraded":0,"win_rate":0.0,"timestamp":1607759302,"path_taken":["M","M","$","M","?","E"],"items_purchased_type":["Card","Relic"],"build_version":"2020-11-30","purchased_purges":0,"victory":false,"max_hp_per_floor":[70,70,70,70,76,76,76],"relic_stats":{"counters":[4,22],"Juzu Bracelet":0,"obtain_stats":[{"Juzu Bracelet":3,"Ring of the Snake":0},{"Juzu Bracelet":2,"Ring of the Snake":0},{"Juzu Bracelet":11,"Ring of the Snake":0}],"Ring of the Snake":[8]},"card_choices":[{"not_picked":["Sucker Punch","Concentrate"],"picked":"Bane","floor":1.0},{"not_picked":["PiercingWail","Prepared"],"picked":"Footwork","floor":2.0},{"not_picked":["Infinite Blades","Setup"],"picked":"Noxious Fumes","floor":4.0}],"player_experience":181976,"relics_obtained":[],"event_choices":[{"damage_healed":0.0,"max_hp_gain":0.0,"max_hp_loss":0.0,"gold_gain":0.0,"event_name":"betterThird:BetterSerpent","player_choice":"RENOUNCE","floor":5.0,"gold_loss":28.0,"damage_taken":28.0,"cards_obtained":["Enlightenment"]}],"is_beta":false,"boss_relics":[],"items_purged_floors":[],"is_endless":false,"potions_floor_spawned":[1,2],"killed_by":"Gremlin Nob","ascension_level":0}}