{"host":"lck2g1j0kcwr02ez","time":1607784047,"event":{"mods":["BaseMod","CapriCore","Minty Spire (QoL Compilation)","Prisma Mod","Rare Cards Sparkle","StSLib","Td1madao Mod","The Immortal"],"gold_per_floor":[109,4937,4948,4958,4958,4958,4984,4934,4961,4979,4995,5029,3982,4011,4011,4108,4108,4108,3502,3502,3502,3078,3078,3078,3078,3078,3078,3078,3078,3078,3078,3078,3078,3078,3078,3078,2742,2742,2742,2742,2742,2742,2742,2742,2742,2742,2742,2742,2742,2742,2742,2742,2391,2391,2391],"floor_reached":56,"playtime":4226,"items_purged":["MokouMod:Strike","MokouMod:Defend","MokouMod:Strike","MokouMod:Strike","MokouMod:Strike+1"],"score":1377,"play_id":"db023957-b6b9-4388-8a3a-799c525cc364","local_time":"20201212224047","is_ascension_mode":false,"campfire_choices":[{"data":"MokouMod:Sear","floor":6,"key":"SMITH"},{"data":"Apotheosis","floor":15,"key":"SMITH"},{"floor":23,"key":"RECALL"},{"data":"MokouMod:RisingSunBarrier","floor":32,"key":"SMITH"},{"data":"1","floor":42,"key":"LIFT"},{"data":"2","floor":49,"key":"LIFT"},{"data":"3","floor":52,"key":"LIFT"}],"circlet_count":0,"master_deck":["MokouMod:HeatSpark+1","MokouMod:IgnitionBarrier","Flash of Steel","MokouMod:ImperishableFlame","MokouMod:Overheat","MokouMod:Sear+1","MokouMod:Burn","MokouMod:Geothermal","MokouMod:UncontrollableSolarReaction","MokouMod:DanceofFlames","Apotheosis+1","MokouMod:ExplosiveFlame","MokouMod:SacredFire","MokouMod:ScorchingColumn+1","MokouMod:ScorchedEarth","Flash of Steel","MokouMod:ControlledCombustion","MokouMod:Rebirth","MokouMod:RisingSunBarrier","MokouMod:ResonanceReactor","MokouMod:Sear+1","MokouMod:BurningDraft+1","MokouMod:RisingSunBarrier+1","MokouMod:Geothermal","MokouMod:UncontrollableSolarReaction+1","MokouMod:RoaringFlare","MokouMod:ResonatingAura","MokouMod:ResoluteFlare+1","MokouMod:Rekindle+1","MokouMod:UncontrollableSolarReaction","Clumsy","Flash of Steel","MokouMod:Wildfire+1","Madness+1","Madness+1","Metamorphosis+1","Metamorphosis+1","Metamorphosis+1","MokouMod:Overheat+1","MokouMod:IgneousBlow","MokouMod:IgnitionBarrier+1","Thinking Ahead+1"],"relics":["MokouMod:PhoenixFeather","NeowsBlessing","Ice Cream","Pantograph","Sling","Odd Mushroom","Bag of Marbles","MealTicket","OrangePellets","Incense Burner","Gremlin Horn","Pocketwatch","Ectoplasm","Membership Card","Prayer Wheel","Eternal Feather","Mercury Hourglass","StoneCalendar","Lee\u0027s Waffle","Toxic Egg 2","Lantern","Bag of Preparation","Old Coin","Cursed Key","Bottled Lightning","Sundial","Regal Pillow","Girya","Chemical X","Strawberry","Blood Vial"],"acts_visited":["Exordium","TheCity","TheBeyond","TheEnding"],"potions_floor_usage":[7,12,14,33,33,33,33,35,38,39,50,55,55,55],"damage_taken":[{"damage":0,"enemies":"Small Slimes","floor":1,"turns":1},{"damage":0,"enemies":"2 Louse","floor":3,"turns":1},{"damage":0,"enemies":"Jaw Worm","floor":4,"turns":1},{"damage":1,"enemies":"The Mushroom Lair","floor":7,"turns":3},{"damage":0,"enemies":"2 Fungi Beasts","floor":10,"turns":3},{"damage":7,"enemies":"Blue Slaver","floor":11,"turns":4},{"damage":15,"enemies":"3 Sentries","floor":12,"turns":6},{"damage":0,"enemies":"Gremlin Nob","floor":14,"turns":3},{"damage":0,"enemies":"Slime Boss","floor":16,"turns":5},{"damage":15,"enemies":"3 Byrds","floor":18,"turns":4},{"damage":0,"enemies":"Chosen","floor":20,"turns":3},{"damage":14,"enemies":"Shelled Parasite and Fungi","floor":21,"turns":3},{"damage":35,"enemies":"Book of Stabbing","floor":24,"turns":4},{"damage":0,"enemies":"3 Cultists","floor":27,"turns":2},{"damage":0,"enemies":"Snake Plant","floor":28,"turns":2},{"damage":0,"enemies":"Gremlin Leader","floor":31,"turns":2},{"damage":0,"enemies":"Collector","floor":33,"turns":5},{"damage":4,"enemies":"3 Shapes","floor":35,"turns":2},{"damage":9,"enemies":"Orb Walker","floor":36,"turns":3},{"damage":0,"enemies":"Jaw Worm Horde","floor":38,"turns":3},{"damage":0,"enemies":"Sphere and 2 Shapes","floor":39,"turns":3},{"damage":91,"enemies":"Reptomancer","floor":40,"turns":3},{"damage":0,"enemies":"Mind Bloom Boss Battle","floor":41,"turns":4},{"damage":0,"enemies":"Writhing Mass","floor":45,"turns":4},{"damage":51,"enemies":"4 Shapes","floor":48,"turns":3},{"damage":64,"enemies":"Awakened One","floor":50,"turns":6},{"damage":38,"enemies":"Shield and Spear","floor":54,"turns":4},{"damage":13,"enemies":"The Heart","floor":55,"turns":7}],"seed_played":"3374949023343441119","potions_obtained":[{"floor":1,"key":"Fire Potion"},{"floor":3,"key":"Block Potion"},{"floor":11,"key":"DuplicationPotion"},{"floor":16,"key":"SpeedPotion"},{"floor":21,"key":"CultistPotion"},{"floor":27,"key":"EntropicBrew"},{"floor":33,"key":"SneckoOil"},{"floor":36,"key":"BlessingOfTheForge"},{"floor":38,"key":"DistilledChaos"},{"floor":45,"key":"PowerPotion"},{"floor":48,"key":"LiquidBronze"}],"is_trial":false,"path_per_floor":["M","$","M","M","?","R","?","?","T","M","M","E","$","E","R","B",null,"M","$","M","M","$","R","E","?","T","M","M","?","T","E","R","B",null,"M","M","$","M","M","E","?","R","T","?","M","?","?","M","R","B",null,"R","$","E","B",null],"character_chosen":"MKU","items_purchased":["SpeedPotion","Flash of Steel","Ice Cream","Pantograph","Sling","MokouMod:ImperishableFlame","OrangePellets","Incense Burner","Gremlin Horn","Apotheosis","PowerPotion","Membership Card","Prayer Wheel","Eternal Feather","MokouMod:ScorchedEarth","Flash of Steel","DuplicationPotion","Mercury Hourglass","StoneCalendar","Lee\u0027s Waffle","Bottled Lightning","Sundial","Chemical X","Strawberry","MokouMod:IgneousBlow","MokouMod:IgnitionBarrier+1","DuplicationPotion","Thinking Ahead+1"],"campfire_rested":0,"item_purchase_floors":[2,2,2,2,2,2,13,13,13,13,13,19,19,19,19,19,19,22,22,22,37,37,53,53,53,53,53,53],"current_hp_per_floor":[75,75,75,75,60,60,59,59,59,59,52,37,52,52,52,75,75,60,75,75,61,82,82,47,47,47,47,47,47,47,47,59,82,82,78,69,82,82,82,20,45,63,63,63,63,53,43,15,36,11,82,82,89,51,65],"gold":2391,"neow_bonus":"THREE_ENEMY_KILL","is_daily":false,"chose_seed":false,"campfire_upgraded":3,"win_rate":0.0,"timestamp":1607784047,"path_taken":["M","$","M","M","?","R","?","?","T","M","?","E","$","E","R","BOSS","M","$","M","M","$","R","E","?","T","M","M","?","?","E","R","BOSS","M","M","$","M","M","E","?","R","T","?","?","?","?","M","R","BOSS","R","$","E","BOSS"],"items_purchased_type":["Potion","Card","Relic","Relic","Relic","Card","Relic","Relic","Relic","Card","Potion","Relic","Relic","Relic","Card","Card","Potion","Relic","Relic","Relic","Relic","Relic","Relic","Relic","Card","Card","Potion","Card"],"build_version":"2020-11-30","purchased_purges":5,"victory":true,"max_hp_per_floor":[75,75,75,75,75,75,75,75,75,75,75,75,75,75,75,75,75,75,75,75,75,82,82,82,82,82,82,82,82,82,82,82,82,82,82,82,82,82,82,82,82,82,82,82,82,82,82,82,82,82,82,82,89,89,89],"card_choices":[{"not_picked":["MokouMod:HeatFactory","MokouMod:IgnitionBlast"],"picked":"MokouMod:IgnitionBarrier","floor":1},{"not_picked":["MokouMod:SearingShot","MokouMod:Singe"],"picked":"MokouMod:Overheat","floor":3},{"not_picked":["MokouMod:HeatCyclone","MokouMod:BlazingComet"],"picked":"MokouMod:Sear","floor":4},{"not_picked":["MokouMod:BurningDraft","MokouMod:Afterburner"],"picked":"MokouMod:Burn","floor":7},{"not_picked":["MokouMod:Stoke","MokouMod:Ember"],"picked":"MokouMod:Geothermal","floor":10},{"not_picked":["MokouMod:InfernalWave","MokouMod:Singe"],"picked":"MokouMod:UncontrollableSolarReaction","floor":11},{"not_picked":["MokouMod:FusionFlare","MokouMod:RoaringFlare"],"picked":"MokouMod:DanceofFlames","floor":12},{"not_picked":["MokouMod:WarmUp","MokouMod:Meltdown"],"picked":"MokouMod:ExplosiveFlame","floor":14},{"not_picked":["MokouMod:SpontaneousHumanCombustion","MokouMod:RadiantBlade"],"picked":"MokouMod:SacredFire","floor":16},{"not_picked":["MokouMod:InfernalWave","MokouMod:TemporalFireSeal"],"picked":"MokouMod:ScorchingColumn+1","floor":18},{"not_picked":["MokouMod:Firecracker","MokouMod:HeatFactory"],"picked":"MokouMod:ControlledCombustion","floor":20},{"not_picked":["MokouMod:EternalBurstReactor","MokouMod:Firecracker","MokouMod:BlazingComet"],"picked":"SKIP","floor":20},{"not_picked":["MokouMod:FlareStarter","MokouMod:RoaringFlare","MokouMod:IgnitionBlast"],"picked":"SKIP","floor":21},{"not_picked":["MokouMod:IndiscriminateIgnition+1","MokouMod:BlazingComet","MokouMod:ResonanceReactor"],"picked":"SKIP","floor":21},{"not_picked":["MokouMod:FlareStarter","MokouMod:RoaringFlare","MokouMod:IgnitionBlast"],"picked":"SKIP","floor":21},{"not_picked":["MokouMod:IndiscriminateIgnition+1","MokouMod:BlazingComet","MokouMod:ResonanceReactor"],"picked":"SKIP","floor":21},{"not_picked":["MokouMod:Trailblazer+1","MokouMod:RoaringFlare+1","MokouMod:Cataclysm"],"picked":"SKIP","floor":24},{"not_picked":["MokouMod:HeartofFire","MokouMod:IgnitionBlast"],"picked":"MokouMod:ResonanceReactor","floor":27},{"not_picked":["MokouMod:ProfanedFlare+1","MokouMod:SearingShot","MokouMod:Singe"],"picked":"SKIP","floor":27},{"not_picked":["MokouMod:FlareStarter+1","MokouMod:EternalBurstReactor+1"],"picked":"MokouMod:Sear+1","floor":28},{"not_picked":["MokouMod:ResoluteFlare","MokouMod:Ember"],"picked":"MokouMod:BurningDraft+1","floor":28},{"not_picked":["MokouMod:IgnitionBarrier+1","MokouMod:RoaringFlare+1"],"picked":"MokouMod:RisingSunBarrier","floor":31},{"not_picked":["MokouMod:ExplosiveFlame","MokouMod:BurningHiddenBullet"],"picked":"MokouMod:Geothermal","floor":33},{"not_picked":["MokouMod:WarmUp+1","MokouMod:ShiftIgnition+1"],"picked":"MokouMod:UncontrollableSolarReaction+1","floor":35},{"not_picked":["MokouMod:Stoke+1","MokouMod:RoaringFlare+1","MokouMod:FujiyamaVolcano"],"picked":"SKIP","floor":35},{"not_picked":["MokouMod:EternalBurstReactor+1","MokouMod:BlazingComet"],"picked":"MokouMod:RoaringFlare","floor":36},{"not_picked":["MokouMod:Stoke+1","MokouMod:UncontrollableSolarReaction+1","MokouMod:Sear+1"],"picked":"SKIP","floor":36},{"not_picked":["MokouMod:EternalBurstReactor+1","MokouMod:BurningDraft+1"],"picked":"MokouMod:ResonatingAura","floor":38},{"not_picked":["MokouMod:Singe+1","MokouMod:EternalBurstReactor"],"picked":"MokouMod:ResoluteFlare+1","floor":38},{"not_picked":["MokouMod:ThermalPressure+1","MokouMod:ResoluteFlare"],"picked":"MokouMod:Rekindle+1","floor":39},{"not_picked":["MokouMod:Ember","MokouMod:Stoke+1","MokouMod:TemporalFireSeal"],"picked":"SKIP","floor":39},{"not_picked":["MokouMod:Wildfire+1","MokouMod:FujiyamaVolcano"],"picked":"MokouMod:UncontrollableSolarReaction","floor":40},{"not_picked":["MokouMod:Stoke+1","MokouMod:Overheat+1"],"picked":"MokouMod:Wildfire+1","floor":45},{"not_picked":["MokouMod:EternalBurstReactor+1","MokouMod:Singe","MokouMod:UncontrollableSolarReaction+1"],"picked":"SKIP","floor":45},{"not_picked":["MokouMod:EternalBurstReactor+1","MokouMod:Singe","MokouMod:UncontrollableSolarReaction+1"],"picked":"SKIP","floor":45},{"not_picked":["Bandage Up+1","Blind+1"],"picked":"Metamorphosis+1","floor":47},{"not_picked":["Panache","Madness+1"],"picked":"Metamorphosis+1","floor":47},{"not_picked":["Mind Blast","Jack Of All Trades+1"],"picked":"Metamorphosis+1","floor":47},{"not_picked":["MokouMod:HeartofFire","MokouMod:ControlledCombustion+1"],"picked":"MokouMod:Overheat+1","floor":48},{"not_picked":["MokouMod:IndiscriminateIgnition+1","MokouMod:ScorchingColumn","MokouMod:FlickeringFlame+1"],"picked":"SKIP","floor":48},{"not_picked":["MokouMod:FujiyamaVolcano","MokouMod:Trailblazer+1","MokouMod:GuidingSmoke"],"picked":"SKIP","floor":54}],"player_experience":158228,"relics_obtained":[{"floor":7,"key":"Odd Mushroom"},{"floor":9,"key":"Bag of Marbles"},{"floor":12,"key":"MealTicket"},{"floor":14,"key":"Pocketwatch"},{"floor":24,"key":"Toxic Egg 2"},{"floor":26,"key":"Lantern"},{"floor":30,"key":"Bag of Preparation"},{"floor":31,"key":"Old Coin"},{"floor":40,"key":"Regal Pillow"},{"floor":41,"key":"Girya"},{"floor":54,"key":"Blood Vial"}],"event_choices":[{"damage_healed":0,"gold_gain":0,"player_choice":"Entered Light","damage_taken":15,"max_hp_gain":0,"max_hp_loss":0,"event_name":"Shining Light","floor":5,"gold_loss":0,"cards_upgraded":["MokouMod:HeatSpark","MokouMod:Strike"]},{"damage_healed":0,"gold_gain":0,"player_choice":"Fought Mushrooms","damage_taken":0,"max_hp_gain":0,"max_hp_loss":0,"event_name":"Mushrooms","floor":7,"gold_loss":0},{"cards_removed":["MokouMod:Defend"],"damage_healed":0,"gold_gain":0,"player_choice":"Card Removal","damage_taken":0,"max_hp_gain":0,"max_hp_loss":0,"event_name":"The Cleric","floor":8,"gold_loss":50},{"damage_healed":0,"gold_gain":0,"cards_transformed":["MokouMod:Defend","MokouMod:Strike"],"player_choice":"Became Test Subject","damage_taken":0,"max_hp_gain":0,"max_hp_loss":0,"event_name":"Drug Dealer","floor":25,"gold_loss":0,"cards_obtained":["MokouMod:Rebirth","MokouMod:RisingSunBarrier"]},{"cards_removed":["MokouMod:Defend"],"damage_healed":0,"gold_gain":0,"player_choice":"Elegance","damage_taken":0,"max_hp_gain":0,"max_hp_loss":0,"event_name":"Back to Basics","floor":29,"gold_loss":0},{"damage_healed":0,"gold_gain":0,"player_choice":"Fight","damage_taken":0,"max_hp_gain":0,"max_hp_loss":0,"event_name":"MindBloom","floor":41,"gold_loss":0},{"damage_healed":0,"gold_gain":0,"player_choice":"1 cards matched","damage_taken":0,"max_hp_gain":0,"max_hp_loss":0,"event_name":"Match and Keep!","floor":44,"gold_loss":0,"cards_obtained":["Flash of Steel"]},{"damage_healed":0,"gold_gain":0,"player_choice":"Embrace Madness","damage_taken":10,"max_hp_gain":0,"max_hp_loss":0,"event_name":"Winding Halls","floor":46,"gold_loss":0,"cards_obtained":["Madness","Madness"]},{"damage_healed":0,"gold_gain":0,"player_choice":"Memory 3","damage_taken":10,"max_hp_gain":0,"max_hp_loss":0,"event_name":"SensoryStone","floor":47,"gold_loss":0}],"is_beta":false,"boss_relics":[{"not_picked":["Astrolabe","Busted Crown"],"picked":"Ectoplasm"},{"not_picked":["Black Star","Pandora\u0027s Box"],"picked":"Cursed Key"}],"items_purged_floors":[2,13,19,22,37],"is_endless":false,"potions_floor_spawned":[1,3,11,16,21,27,31,33,36,38,45,48,54],"ascension_level":0}}