{"host":"d1za9dvx43o9v494","time":1607734805,"event":{"mods":["2.2 Compatiblity","BaseMod","Better-Laid Plans","Colored Map","Downfall","Emptier Cage","Minty Spire (QoL Compilation)","Permanent Neow","StSLib"],"gold_per_floor":[349,349,449,449,449,285,285,385,385,414,414,414,299,319,334,435,435,435,520,520,445,407,435,489,509,509,434,434,284,284,284,299,402,402,402,502,532,532,566,583,606,606,638,563,563,244,244,244,260,260,260,292,148,148,148],"floor_reached":56,"playtime":4537,"items_purged":["Regret","Pain","champ:Taunt+1","champ:Strike+1","champ:Strike+1"],"score":1754,"play_id":"e5009d87-d12c-41de-89d9-fd4b4bbd647b","local_time":"20201212040005","is_ascension_mode":true,"campfire_choices":[{"data":"champ:Taunt","floor":1.0,"key":"SMITH"},{"floor":18,"key":"RECALL"},{"data":"champ:ArenaPreparation","floor":21,"key":"SMITH"},{"data":"champ:GladiatorStyle","floor":27,"key":"SMITH"},{"data":"champ:EnchantCrown","floor":35,"key":"SMITH"},{"data":"champ:BladeFlurry","floor":42,"key":"SMITH"},{"data":"champ:GladiatorStyle","floor":44,"key":"SMITH"},{"data":"champ:Haymaker","floor":54,"key":"SMITH"}],"circlet_count":0,"master_deck":["champ:Strike+1","champ:Defend+1","champ:Defend+1","champ:Defend+1","champ:Defend+1","champ:FocusedGladiator+1","champ:Haymaker+1","champ:GladiatorStyle+1","champ:ArenaPreparation+1","champ:GladiatorStyle+1","champ:BladeFlurry+1","champ:SwordSigil+1","champ:EnchantCrown+1","expansioncontent:TimeRipple+1","expansioncontent:TimeRipple","champ:BladeFlurry+1"],"relics":["champ:ChampionCrown","Juzu Bracelet","WarpedTongs","Champion Belt","Bottled Flame","Pen Nib","Coffee Dripper","downfall:HeartBlessingRed","Pantograph","Eternal Feather","Enchiridion","downfall:HeartBlessingBlue","Dream Catcher","Centennial Puzzle","Unceasing Top","SlaversCollar","Bag of Preparation","Juzu Bracelet","champ:DefensiveTrainingManual","InkBottle","downfall:HeartBlessingGreen","Darkstone Periapt","Medical Kit","champ:Barbells","Anchor","TheAbacus"],"acts_visited":["Exordium","TheCity","TheBeyond","TheEnding"],"potions_floor_usage":[16,50,55,55],"damage_taken":[{"damage":45.0,"floor":3.0,"turns":6.0},{"damage":20.0,"enemies":"downfall:FleeingMerchant","floor":6.0,"turns":4.0},{"damage":22.0,"enemies":"Gremlin Nob","floor":10.0,"turns":5.0},{"damage":15,"enemies":"downfall:FleeingMerchant","floor":13,"turns":4},{"damage":13,"enemies":"Jaw Worm","floor":14,"turns":2},{"damage":0,"enemies":"Cultist","floor":15,"turns":2},{"damage":31,"enemies":"downfall:Ironclad","floor":16,"turns":3},{"damage":19,"enemies":"downfall:FleeingMerchant","floor":22,"turns":4},{"damage":23,"enemies":"Gremlin Leader","floor":23,"turns":4},{"damage":10,"enemies":"Spheric Guardian","floor":25,"turns":2},{"damage":5,"enemies":"3 Cultists","floor":32,"turns":3},{"damage":10,"enemies":"downfall:Defect","floor":33,"turns":3},{"damage":22,"enemies":"Nemesis","floor":37,"turns":5},{"damage":5,"enemies":"Reptomancer","floor":39,"turns":2},{"damage":0,"enemies":"3 Shapes","floor":40,"turns":1},{"damage":15,"enemies":"Nemesis","floor":43,"turns":5},{"damage":33,"enemies":"3 Darklings","floor":49,"turns":3},{"damage":63,"enemies":"downfall:Silent","floor":50,"turns":3},{"damage":61,"enemies":"downfall:CharBossMerchant","floor":52,"turns":4},{"damage":5,"enemies":"downfall:NeowBoss","floor":55,"turns":13}],"seed_played":"1396765466164978050","potions_obtained":[{"floor":10.0,"key":"FearPotion"},{"floor":14,"key":"Dexterity Potion"},{"floor":15,"key":"champ:UltimateStancePotion"},{"floor":32,"key":"GamblersBrew"},{"floor":33,"key":"Strength Potion"},{"floor":37,"key":"Ancient Potion"}],"is_trial":false,"path_per_floor":["R","?","?","?","?","$","T","?","?","E","?","?","$","M","M","B",null,"R","?","?","R","$","E","T","M","?","R","?","$","T","?","M","B",null,"R","?","E","?","E","M","T","R","E","R","T","$","?","?","M","B",null,"E","$","R","B",null],"character_chosen":"THE_CHAMP","items_purchased":["champ:GladiatorStyle","Pantograph","Medical Kit","TheAbacus"],"campfire_rested":0,"item_purchase_floors":[6,22,46,53],"current_hp_per_floor":[63,63,43,43,43,33,33,33,33,11,11,8,41,33,33,12,90,90,72,72,72,68,55,55,55,39,58,58,58,58,58,58,83,100,100,100,88,88,89,89,89,98,98,100,100,100,90,90,62,68,100,44,44,53,78],"gold":148,"neow_bonus":"TWO_FIFTY_GOLD","is_daily":false,"chose_seed":false,"campfire_upgraded":7,"win_rate":0.0,"timestamp":1607734805,"path_taken":["R","?","?","?","?","$","T","?","?","E","?","?","$","M","M","BOSS","R","?","?","R","?","E","T","M","?","R","?","?","?","?","M","BOSS","R","?","E","?","E","M","T","R","E","R","?","$","?","?","M","BOSS","E","$","R","BOSS"],"items_purchased_type":["Card","Relic","Relic","Relic"],"build_version":"2020-11-30","purchased_purges":5,"victory":true,"max_hp_per_floor":[90,90,90,90,90,90,90,90,90,90,90,90,90,90,90,90,90,90,90,90,90,90,90,90,90,90,100,100,100,100,100,100,100,100,100,100,100,100,100,100,100,100,100,100,100,100,100,100,100,100,100,100,100,100,100],"card_choices":[{"not_picked":["champ:PerfectedStrike","champ:CalledShot"],"picked":"champ:FocusedGladiator","floor":3.0},{"not_picked":["champ:PerfectedStrike","champ:BringItOn"],"picked":"champ:Haymaker","floor":6.0},{"not_picked":["champ:ShieldSigil","champ:CrookedStrike"],"picked":"champ:ArenaPreparation","floor":10.0},{"not_picked":["champ:IronFortress","champ:FaceSlap"],"picked":"champ:GladiatorStyle","floor":13},{"not_picked":["champ:ShieldWall","champ:GutPunch","champ:FlashCut"],"picked":"SKIP","floor":14},{"not_picked":["champ:ShieldWall","champ:GutPunch","champ:FlashCut"],"picked":"SKIP","floor":14},{"not_picked":["champ:ShieldSigil","champ:HeartStrike","champ:BringItOn"],"picked":"SKIP","floor":15},{"not_picked":["champ:Haymaker","champ:GladiatorsShout"],"picked":"champ:BladeFlurry","floor":22},{"not_picked":["champ:RageSigil","champ:ShieldSigil"],"picked":"champ:SwordSigil+1","floor":23},{"not_picked":["champ:ShieldWall","champ:SwordSigil","champ:Balance"],"picked":"SKIP","floor":25},{"not_picked":["champ:IronFortress","champ:Backstep","champ:SkillfulDodge"],"picked":"SKIP","floor":32},{"not_picked":["champ:EnchantSword","champ:ShieldThrow"],"picked":"champ:EnchantCrown","floor":33},{"not_picked":["champ:EnragedBash+1","champ:TornadoPunch","champ:Backstep"],"picked":"SKIP","floor":37},{"not_picked":["champ:Backstep","champ:SwordThrow","champ:Circumvent+1"],"picked":"SKIP","floor":39},{"not_picked":["champ:IronFortress+1","champ:StanceDance+1","champ:SkillfulDodge+1"],"picked":"SKIP","floor":40},{"not_picked":["champ:Lariat","champ:TornadoPunch","champ:ShieldSigil+1"],"picked":"SKIP","floor":43},{"not_picked":["expansioncontent:PrepareCrush","expansioncontent:Hexaburn"],"picked":"expansioncontent:TimeRipple","floor":47},{"not_picked":["expansioncontent:Collect","expansioncontent:Torchfire"],"picked":"expansioncontent:TimeRipple","floor":47},{"not_picked":["champ:BladeFlurry","champ:TornadoPunch","champ:PerfectedStrike+1"],"picked":"SKIP","floor":49},{"not_picked":["champ:TornadoPunch+1","champ:LastStand"],"picked":"champ:BladeFlurry+1","floor":52}],"player_experience":576228,"relics_obtained":[{"floor":3.0,"key":"Champion Belt"},{"floor":7.0,"key":"Bottled Flame"},{"floor":10.0,"key":"Pen Nib"},{"floor":23,"key":"Eternal Feather"},{"floor":26,"key":"Enchiridion"},{"floor":30,"key":"Centennial Puzzle"},{"floor":37,"key":"Bag of Preparation"},{"floor":39,"key":"Juzu Bracelet"},{"floor":41,"key":"champ:DefensiveTrainingManual"},{"floor":43,"key":"InkBottle"},{"floor":45,"key":"Darkstone Periapt"},{"floor":52,"key":"champ:Barbells"},{"floor":52,"key":"Anchor"}],"event_choices":[{"damage_healed":0.0,"max_hp_gain":0.0,"max_hp_loss":0.0,"gold_gain":0.0,"event_name":"Accursed Blacksmith","player_choice":"Rummage","floor":2.0,"gold_loss":0.0,"damage_taken":0.0,"relics_obtained":["WarpedTongs"],"cards_obtained":["Pain"]},{"damage_healed":0.0,"max_hp_gain":0.0,"max_hp_loss":0.0,"gold_gain":0.0,"event_name":"FaceTrader","player_choice":"Trade","floor":9.0,"gold_loss":0.0,"damage_taken":0.0,"relics_obtained":["NlothsMask"]},{"damage_healed":0.0,"max_hp_gain":0.0,"max_hp_loss":0.0,"gold_gain":0.0,"event_name":"Scrap Ooze","player_choice":"Fled","floor":12.0,"gold_loss":0.0,"damage_taken":3.0},{"damage_healed":0,"gold_gain":0,"player_choice":"Simplicity","damage_taken":0,"max_hp_gain":0,"max_hp_loss":0,"event_name":"Back to Basics","floor":20,"gold_loss":0,"cards_upgraded":["champ:Strike","champ:Strike","champ:Defend","champ:Defend","champ:Defend"]},{"cards_removed":["champ:Execute"],"damage_healed":0,"gold_gain":0,"player_choice":"Offered Basic","damage_taken":0,"max_hp_gain":0,"max_hp_loss":0,"event_name":"Bonfire Elementals","floor":48,"gold_loss":0}],"is_beta":false,"boss_relics":[{"not_picked":["SacredBark","Velvet Choker"],"picked":"Coffee Dripper"},{"not_picked":["Snecko Eye","Fusion Hammer"],"picked":"SlaversCollar"}],"items_purged_floors":[6,13,22,29,46],"is_endless":false,"potions_floor_spawned":[10,14,15,32,33,37,40,49],"ascension_level":1}}