{"host":"fqid566djxhwi0rl","time":1607799514,"event":{"mods":["2.2 Compatiblity","AchievementEnabler","Aspiration","BaseMod","Downfall","Energized Spire","Faster Ascension Climbing","GifTheSpireLib","Minty Spire (QoL Compilation)","Replay The Spire","Robot Space Explorer","StSLib","The Blackbeard","The Gatherer","Trackpad","Yuri Mod"],"gold_per_floor":[117,117,136,146,166,166,192,192,192,207,242,260,295,310,310,310,310],"floor_reached":16,"playtime":1042,"items_purged":[],"score":242,"play_id":"e0dcfa9e-1063-41f5-9cac-3e31c0dd34bf","local_time":"20201212205834","is_ascension_mode":true,"campfire_choices":[{"data":"hexamod:HeatShield","floor":6,"key":"SMITH"},{"floor":8,"key":"REST"}],"circlet_count":0,"master_deck":["AscendersBane","hexamod:Strike+1","hexamod:Strike+1","hexamod:Strike+1","hexamod:Strike+1","hexamod:Defend","hexamod:Defend+1","hexamod:Defend","hexamod:Defend","hexamod:Sear","hexamod:Float+1","hexamod:SpectersWail","hexamod:HeatShield+1","hexamod:FirstSeal","hexamod:GhostLash","hexamod:WildfireWeapon","hexamod:BurningTouch","hexamod:Hexaguard","hexamod:BurningTouch"],"relics":["hexamod:SpiritBrand","Gremlin Food","Bag of Preparation","hexamod:MatchstickCase","trackpad:AdjectivePendant","Replay:Bottled Eggs","Centennial Puzzle"],"acts_visited":["Exordium"],"potions_floor_usage":[7],"damage_taken":[{"damage":4,"enemies":"Small Slimes","floor":1,"turns":4},{"damage":0,"enemies":"Cultist","floor":3,"turns":3},{"damage":1,"enemies":"Jaw Worm","floor":4,"turns":3},{"damage":5,"enemies":"Looter","floor":5,"turns":4},{"damage":19,"enemies":"3 Sentries","floor":7,"turns":6},{"damage":1,"enemies":"Large Slime","floor":10,"turns":6},{"damage":19,"enemies":"Lagavulin","floor":11,"turns":8},{"damage":6,"enemies":"Exordium Wildlife","floor":12,"turns":5},{"damage":7,"enemies":"3 Sentries","floor":13,"turns":7},{"damage":0,"enemies":"Looter","floor":14,"turns":3},{"damage":96,"enemies":"Fading Forest","floor":16,"turns":12}],"seed_played":"-7633307328024436999","potions_obtained":[{"floor":3,"key":"Swift Potion"},{"floor":5,"key":"Milkshake"},{"floor":11,"key":"SneckoOil"}],"is_trial":false,"path_per_floor":["M","?","M","M","M","R","E","R","T","M","E","M","E","M","R","B"],"character_chosen":"THE_SPIRIT","items_purchased":[],"campfire_rested":1,"item_purchase_floors":[],"current_hp_per_floor":[53,53,53,52,54,54,42,60,60,63,51,55,58,63,63,0,0],"gold":310,"neow_bonus":"UPGRADE_CARD","is_daily":false,"chose_seed":false,"campfire_upgraded":1,"win_rate":0.0,"timestamp":1607799514,"path_taken":["M","?","M","M","?","R","E","R","T","M","E","M","E","M","R","BOSS"],"items_purchased_type":[],"build_version":"2020-11-30","purchased_purges":0,"victory":false,"max_hp_per_floor":[63,63,63,63,63,63,63,63,63,63,63,63,63,63,63,63,63],"card_choices":[{"not_picked":["hexamod:ShieldOfDarkness","hexamod:InspiringFlames"],"picked":"hexamod:SpectersWail","floor":1},{"not_picked":["hexamod:InspiringFlames","hexamod:HauntingEcho"],"picked":"hexamod:HeatShield","floor":3},{"not_picked":["hexamod:SuperheatedStrike","hexamod:InspiringFlames"],"picked":"hexamod:FirstSeal","floor":4},{"not_picked":["hexamod:RainOfEmbers","hexamod:ShieldOfDarkness"],"picked":"hexamod:GhostLash","floor":5},{"not_picked":["hexamod:HeatShield","hexamod:SkipABeat","hexamod:RainOfEmbers"],"picked":"SKIP","floor":7},{"not_picked":["hexamod:NightmareStrike","hexamod:BurningTouch"],"picked":"hexamod:WildfireWeapon","floor":10},{"not_picked":["hexamod:GhostShield","hexamod:InspiringFlames"],"picked":"hexamod:BurningTouch","floor":11},{"not_picked":["hexamod:ShieldOfDarkness","hexamod:SpectralSpark"],"picked":"hexamod:Hexaguard","floor":12},{"not_picked":["hexamod:RainOfEmbers","hexamod:Again","hexamod:ParanormalForm"],"picked":"SKIP","floor":13},{"not_picked":["hexamod:GhostOfSpireFuture","hexamod:NightmareGuise"],"picked":"hexamod:BurningTouch","floor":14}],"player_experience":659247,"relics_obtained":[{"floor":2,"key":"Gremlin Food"},{"floor":7,"key":"Bag of Preparation"},{"floor":9,"key":"hexamod:MatchstickCase"},{"floor":11,"key":"trackpad:AdjectivePendant"},{"floor":13,"key":"Replay:Bottled Eggs"}],"event_choices":[{"damage_healed":0,"gold_gain":0,"player_choice":"Relic","damage_taken":0,"max_hp_gain":0,"max_hp_loss":0,"event_name":"Wheel of Change","floor":2,"gold_loss":0},{"damage_healed":0,"gold_gain":0,"player_choice":"Gave Potion","damage_taken":0,"relics_obtained":["Centennial Puzzle"],"max_hp_gain":0,"max_hp_loss":0,"event_name":"WeMeetAgain","floor":15,"gold_loss":0}],"is_beta":false,"boss_relics":[],"items_purged_floors":[],"is_endless":false,"potions_floor_spawned":[3,5,11],"killed_by":"Fading Forest","ascension_level":19}}