{"host":"bsbjomujafqtrq2t","time":1607740341,"event":{"mods":["AchievementEnabler","Act Like it!","BaseMod","Colored Map","Colored Powertips","Dota2Spire","Downfall","Gensokyo","Hallownest","HololiveMod","KinomotoSakuraMod(木之本樱)","Luminous","Marisa（F雨　魔理沙）","Minty Spire (QoL Compilation)","Pale of the Ancients","Reimu（博丽灵梦）","Remilia（蕾米莉亚）","Replay The Spire","Spicy Shops","StSLib","The Administrix","The Alterego","The Bladedancer","The Bug Knight","The Construct","The Gatherer","The Hierophant","The Poker Player","The Runesmith","The Senshi","The Servant 0.9.4","Waifu the Spire","WarShipGirlsR/战舰少女R mod","Youmu（魂魄妖梦）","Yuyuko","[IsaacMod]以撒尖塔","[地精首领爬塔]The Maniac","noobMod","【东方二次创作】八云紫mod"],"gold_per_floor":[119,194,1,1,20,45,45,74,74,74,107,111,111,108,108,194,194,221,270,289,27,27,75,121,198,221,221,26,400,55,74,74,201,201,231,221,236,259,274,301,326,97,121,186,215,279,291,316,328,378,390,402,2,82,82],"floor_reached":54,"playtime":2017,"items_purged":["Strike_R","Poor:ReiMu","Strike_R","Strike_R","Defend_R","Defend_R","Strike_R"],"score":1103,"play_id":"8f9baaea-8e35-4c99-9672-6f8198534060","local_time":"20201212103221","is_ascension_mode":true,"campfire_choices":[{"floor":7.0,"key":"RECALL"},{"data":"Eruption","floor":13.0,"key":"SMITH"},{"data":"Armaments","floor":15.0,"key":"SMITH"},{"data":"expansioncontent:Collect","floor":32.0,"key":"SMITH"},{"data":"Midas Touch","floor":47.0,"key":"SMITH"},{"data":"Burning Pact","floor":49.0,"key":"SMITH"},{"data":"Replay:Undeath\u0027s Touch","floor":52.0,"key":"SMITH"}],"circlet_count":0,"master_deck":["Strike_R","Defend_R","Defend_R","Pommel Strike","Rampage","Armaments","Shrug It Off","Life Link","Eruption+1","Armaments+1","Flex","Offering+1","Inflame+1","Intimidate+1","ReplayReversal+1","Body Slam+1","expansioncontent:Collect+1","Midas Touch+1","expansioncontent:ChargeUp","Shame","ReplayReversal","Shrug It Off+1","Cleave+1","Iron Wave","Berserk","Armaments","Pommel Strike","Sword Boomerang+1","Pummel+1","Warcry","Rampage+1","Replay:Undeath\u0027s Touch+1","Burning Pact+1","Body Slam+1","Pommel Strike","Seeing Red","Eruption+1","Bloodletting"],"relics":["HushsDoor","ice","NeowsBlessing","YidongShenshe:ReiMu","Dota2Spire:BattleFury","SalivaCoin","SatanicBible","Replay:M_SmolderingBlood","King of Hearts","Sozu","ReplayTheSpireMod:ShopPack","Dota2Spire:DrumOfEndurance","Eternal Feather","War Paint","Pondfish Scales","BloodDonationBag","theSenshi:SailorFukuRelic","SteamSale","Bottled Tornado","Runesmith:UraniumAnvil","Damocles","Dota2Spire:LotusOrb","Pet Ghost","Dota2Spire:HandOfMidas","TheBean","Replay:Bottled Snecko","MawBank","Omamori","Blue Doll","Replay:Bandana","DollysMirror","Dota2Spire:EchoSabre","Nunchaku","construct:BoolHorns","Bottled Lightning","TheBible"],"acts_visited":["Exordium","TheCity","TheBeyond","TheEnding"],"potions_floor_usage":[],"damage_taken":[{"damage":0.0,"enemies":"Jaw Worm","floor":1.0,"turns":1.0},{"damage":0.0,"enemies":"Small Slimes","floor":5.0,"turns":1.0},{"damage":0.0,"enemies":"Lagavulin","floor":6.0,"turns":1.0},{"damage":47.0,"enemies":"Gremlin Nob","floor":8.0,"turns":6.0},{"damage":0.0,"enemies":"3 Sentries","floor":11.0,"turns":2.0},{"damage":3.0,"enemies":"2 Louse","floor":12.0,"turns":2.0},{"damage":6.0,"enemies":"Large Slime","floor":14.0,"turns":3.0},{"damage":10.0,"enemies":"Slime Boss","floor":16.0,"turns":3.0},{"damage":6.0,"enemies":"Spheric Guardian","floor":18.0,"turns":2.0},{"damage":12.0,"enemies":"3 Byrds","floor":19.0,"turns":2.0},{"damage":0.0,"enemies":"Cultist and Chosen","floor":20.0,"turns":3.0},{"damage":7.0,"enemies":"Book of Stabbing","floor":23.0,"turns":3.0},{"damage":52.0,"enemies":"Centurion and Healer","floor":24.0,"turns":4.0},{"damage":10.0,"enemies":"Slavers","floor":25.0,"turns":3.0},{"damage":6.0,"enemies":"Gremlin Leader","floor":29.0,"turns":3.0},{"damage":6.0,"enemies":"Snake Plant","floor":31.0,"turns":2.0},{"damage":0.0,"enemies":"Champ","floor":33.0,"turns":3.0},{"damage":14.0,"enemies":"3 Darklings","floor":35.0,"turns":3.0},{"damage":0.0,"enemies":"Orb Walker","floor":37.0,"turns":2.0},{"damage":6.0,"enemies":"Spire Growth","floor":38.0,"turns":2.0},{"damage":0.0,"enemies":"4 Shapes","floor":39.0,"turns":2.0},{"damage":0.0,"enemies":"R_Hoarder","floor":40.0,"turns":3.0},{"damage":0.0,"enemies":"Jaw Worm Horde","floor":41.0,"turns":1.0},{"damage":0.0,"enemies":"Nemesis","floor":44.0,"turns":3.0},{"damage":0.0,"enemies":"Transient","floor":45.0,"turns":4.0},{"damage":0.0,"enemies":"Writhing Mass","floor":46.0,"turns":2.0},{"damage":0.0,"enemies":"4 Shapes","floor":48.0,"turns":1.0},{"damage":6.0,"enemies":"Replay:Hell Engine","floor":50.0,"turns":3.0},{"damage":0.0,"enemies":"Shield and Spear","floor":54.0,"turns":3.0}],"seed_played":"-6177982137576564576","potions_obtained":[{"floor":6.0,"key":"BloodPotion"},{"floor":8.0,"key":"SteroidPotion"},{"floor":11.0,"key":"FearPotion"},{"floor":14.0,"key":"SpeedPotion"},{"floor":16.0,"key":"Guardian:BlockOnCardUsePotion"}],"is_trial":false,"path_per_floor":["M","?","$","?","M","E","R","E","T","?","E","M","R","M","R","B",null,"M","M","M","$","?","E","M","E","T","?","$","E","$","M","R","B",null,"M","?","M","M","M","E","M","$","T","E","M","M","R","M","R","B",null,"R","$","E"],"character_chosen":"IRONCLAD","items_purchased":["Rampage","Body Slam+1","ReplayTheSpireMod:ShopPack","Pondfish Scales","SteamSale","Bottled Tornado","Pet Ghost","Warcry","Dota2Spire:HandOfMidas","Pommel Strike","Seeing Red","DollysMirror","Dota2Spire:EchoSabre","Nunchaku","construct:BoolHorns"],"campfire_rested":0,"item_purchase_floors":[3,21,21,28,30,30,42,42,42,53,53,53,53,53,53],"current_hp_per_floor":[80,69,69,69,75,80,80,80,80,80,80,77,77,71,71,61,84,78,66,66,66,66,59,7,95,95,95,95,66,66,60,75,75,107,93,93,93,87,87,87,87,87,87,87,87,87,105,105,126,120,133,133,133,133,133],"gold":82,"neow_bonus":"THREE_ENEMY_KILL","is_daily":false,"chose_seed":false,"campfire_upgraded":6,"win_rate":0.0,"timestamp":1607740341,"path_taken":["M","?","$","?","M","E","R","E","T","?","E","M","R","M","R","BOSS","M","M","M","$","?","E","M","E","T","?","?","E","$","M","R","BOSS","M","?","?","M","M","E","M","$","T","E","M","M","R","M","R","BOSS","R","$","E"],"items_purchased_type":["Card","Card","Relic","Relic","Relic","Relic","Relic","Card","Relic","Card","Card","Relic","Relic","Relic","Relic"],"build_version":"2020-11-30","purchased_purges":7,"victory":false,"max_hp_per_floor":[80,80,80,80,80,80,80,80,80,80,81,82,82,83,83,84,84,84,90,92,92,92,98,101,104,104,104,104,107,107,110,110,112,107,110,110,112,112,118,119,119,119,119,125,128,129,129,131,131,133,133,133,133,139,139],"card_choices":[{"not_picked":[],"picked":"ChaosCard","floor":0.0},{"not_picked":["Offering","Havoc"],"picked":"Pommel Strike","floor":1.0},{"not_picked":["Shockwave","Body Slam"],"picked":"Armaments","floor":5.0},{"not_picked":["Defy Death","Rampage"],"picked":"Shrug It Off","floor":6.0},{"not_picked":["Fire Breathing","Sword Boomerang"],"picked":"Life Link","floor":8.0},{"not_picked":["Whirlwind","Exhume"],"picked":"Armaments","floor":11.0},{"not_picked":["Perfected Strike","Searing Blow"],"picked":"Flex","floor":12.0},{"not_picked":["Flex","Entrench","Carnage"],"picked":"SKIP","floor":14.0},{"not_picked":["Impervious","Reaper"],"picked":"Offering","floor":16.0},{"not_picked":["Bloodletting","Uppercut"],"picked":"Inflame+1","floor":18.0},{"not_picked":["Abandon+1","Combust"],"picked":"Intimidate+1","floor":19.0},{"not_picked":["Rampage","Massacre+1"],"picked":"ReplayReversal+1","floor":20.0},{"not_picked":["expansioncontent:ManipulateTime","Replay:SS_hec_2"],"picked":"expansioncontent:Collect","floor":21.0},{"not_picked":["Transmutation","DoctorFetus"],"picked":"Midas Touch","floor":21.0},{"not_picked":["expansioncontent:Collect","expansioncontent:DarkVoid"],"picked":"expansioncontent:ChargeUp","floor":21.0},{"not_picked":["Warcry","Hemokinesis+1","Reaper"],"picked":"SKIP","floor":23.0},{"not_picked":["Heavy Blade","Body Slam"],"picked":"ReplayReversal","floor":24.0},{"not_picked":["Havoc","Flex"],"picked":"Shrug It Off","floor":25.0},{"not_picked":["Sentinel+1","Evolve"],"picked":"Cleave+1","floor":29.0},{"not_picked":["True Grit","Wild Strike"],"picked":"Iron Wave","floor":31.0},{"not_picked":["Double Tap","Demonic Infusion"],"picked":"Berserk","floor":33.0},{"not_picked":["Battle Trance+1","Armaments","Havoc"],"picked":"SKIP","floor":35.0},{"not_picked":["Cleave","Intimidate"],"picked":"Armaments","floor":37.0},{"not_picked":["Perfected Strike+1","Flex"],"picked":"Pommel Strike","floor":38.0},{"not_picked":["Perfected Strike","Havoc","Twin Strike+1"],"picked":"SKIP","floor":39.0},{"not_picked":["Intimidate","Run Through"],"picked":"Sword Boomerang+1","floor":40.0},{"not_picked":["ReplayTheSpireMod:Corrosion Curse","Headbutt+1"],"picked":"Pummel+1","floor":41.0},{"not_picked":["Wild Strike","Perfected Strike+1"],"picked":"Rampage+1","floor":44.0},{"not_picked":["Hemokinesis","Defy Death+1"],"picked":"Replay:Undeath\u0027s Touch","floor":45.0},{"not_picked":["Intimidate+1","Cleave+1"],"picked":"Burning Pact","floor":46.0},{"not_picked":["Havoc","Second Wind+1"],"picked":"Body Slam+1","floor":48.0},{"not_picked":["Evolve","Exhume"],"picked":"Bloodletting","floor":54}],"player_experience":17418,"relics_obtained":[{"floor":6.0,"key":"Dota2Spire:BattleFury"},{"floor":8.0,"key":"SatanicBible"},{"floor":11.0,"key":"King of Hearts"},{"floor":23.0,"key":"Eternal Feather"},{"floor":25.0,"key":"BloodDonationMachine"},{"floor":26.0,"key":"War Paint"},{"floor":29.0,"key":"theSenshi:SailorFukuRelic"},{"floor":40.0,"key":"Damocles"},{"floor":41.0,"key":"Dota2Spire:LotusOrb"},{"floor":43.0,"key":"TheBean"},{"floor":44.0,"key":"Replay:Bottled Snecko"},{"floor":44.0,"key":"MawBank"},{"floor":45.0,"key":"Omamori"},{"floor":46.0,"key":"Blue Doll"},{"floor":48.0,"key":"Replay:Bandana"},{"floor":54,"key":"Bottled Lightning"},{"floor":54,"key":"TheBible"}],"event_choices":[{"damage_healed":0.0,"max_hp_gain":0.0,"max_hp_loss":0.0,"gold_gain":75.0,"event_name":"World of Goop","player_choice":"Gather Gold","floor":2.0,"gold_loss":0.0,"damage_taken":11.0},{"damage_healed":0.0,"max_hp_gain":0.0,"max_hp_loss":0.0,"gold_gain":0.0,"event_name":"yidonshenshe","player_choice":"带走神社","floor":4.0,"gold_loss":0.0,"damage_taken":0.0,"relics_obtained":["YidongShenshe:ReiMu"],"cards_obtained":["Poor:ReiMu"]},{"damage_healed":0.0,"max_hp_gain":0.0,"max_hp_loss":0.0,"gold_gain":0.0,"event_name":"Addict","player_choice":"Stole Relic","floor":22.0,"gold_loss":0.0,"damage_taken":0.0,"relics_obtained":["Dota2Spire:DrumOfEndurance"],"cards_obtained":["Shame"]},{"damage_healed":0.0,"max_hp_gain":0.0,"max_hp_loss":0.0,"gold_gain":0.0,"event_name":"The Mausoleum","player_choice":"Ignored","floor":27.0,"gold_loss":0.0,"damage_taken":0.0}],"is_beta":false,"boss_relics":[{"not_picked":["Runic Pyramid","Replay:Grab Bag"],"picked":"Sozu"},{"not_picked":[]},{"not_picked":["Runic Dome","construct:WeddingRing"],"picked":"Runesmith:UraniumAnvil"},{"not_picked":[]}],"items_purged_floors":[3,21,28,30,34,42,53],"is_endless":false,"potions_floor_spawned":[6,8,11,14,16,18,24,29,37,39,44,45,46,54],"killed_by":"Shield and Spear","ascension_level":3}}