{"host":"ibfpjm2kz059o009","time":1607737194,"event":{"mods":["AchievementEnabler","BaseMod","Block Reminder","Colored Powertips","DeckTracker","Googly Eyes","Key Reminder","Minty Spire (QoL Compilation)","Shop Mod","Unceasing Turn Reminder"],"gold_per_floor":[144,189,189,214,214,304,349,394,444,444,534,579,47,92,92,392,392,437,462,19,64,64,154,199,199,199],"floor_reached":25,"playtime":1781,"items_purged":["Eruption"],"score":283,"play_id":"6a3b9492-47eb-407b-8224-5197cf707899","local_time":"20201211203954","daily_mods":["Chimera","ControlledChaos","Midas"],"is_ascension_mode":false,"campfire_choices":[{"floor":10,"key":"REST"},{"floor":15,"key":"REST"}],"circlet_count":0,"master_deck":["Bash+1","Survivor","Zap","Defend_R","Defend_G","Defend_P","Perseverance","TalkToTheHand+1","FlurryOfBlows","FearNoEvil","WindmillStrike","ThirdEye","CutThroughFate","Indignation","BowlingBash","DeceiveReality","FollowUp","Consecrate","Judgement","CurseOfTheBell","PathToVictory+1","Flash of Steel","Evaluate","Bite","Bite","Bite","Bite","Bite","Swivel+1","SashWhip"],"relics":["PureWater","Frozen Eye","Tiny Chest","Dream Catcher","Strawberry","Oddly Smooth Stone","Bag of Preparation","MealTicket","Strange Spoon","Calling Bell","Smiling Mask","Yang","Calipers","Bag of Marbles","Vajra","Sling","Whetstone"],"acts_visited":["Exordium","TheCity"],"potions_floor_usage":[6,6,11,14,23,24,24],"damage_taken":[{"damage":0,"enemies":"Jaw Worm","floor":1,"turns":3},{"damage":0,"enemies":"Small Slimes","floor":2,"turns":4},{"damage":46,"enemies":"3 Sentries","floor":6,"turns":7},{"damage":0,"enemies":"Cultist","floor":7,"turns":2},{"damage":0,"enemies":"Large Slime","floor":8,"turns":3},{"damage":13,"enemies":"Gremlin Nob","floor":11,"turns":4},{"damage":4,"enemies":"Red Slaver","floor":12,"turns":4},{"damage":0,"enemies":"Exordium Wildlife","floor":14,"turns":4},{"damage":34,"enemies":"The Guardian","floor":16,"turns":9},{"damage":0,"enemies":"Spheric Guardian","floor":18,"turns":1},{"damage":15,"enemies":"2 Thieves","floor":21,"turns":3},{"damage":42,"enemies":"Book of Stabbing","floor":23,"turns":5},{"damage":12,"enemies":"Snake Plant","floor":24,"turns":3},{"damage":38,"enemies":"Snecko","floor":25,"turns":6}],"seed_played":"-2740983366772686195","potions_obtained":[{"floor":1,"key":"SteroidPotion"},{"floor":2,"key":"Strength Potion"},{"floor":5,"key":"DuplicationPotion"},{"floor":5,"key":"StancePotion"},{"floor":8,"key":"Weak Potion"},{"floor":12,"key":"DistilledChaos"},{"floor":21,"key":"DuplicationPotion"},{"floor":23,"key":"Ancient Potion"}],"is_trial":false,"path_per_floor":["M","M","?","T","?","E","M","M","T","R","E","M","$","M","R","B",null,"M","T","$","M","?","E","M","M"],"character_chosen":"WATCHER","items_purchased":["Blood Vial","MealTicket","Strange Spoon","BowlingBash","DeceiveReality","Vajra","Sling","Flash of Steel"],"campfire_rested":2,"item_purchase_floors":[13,13,13,13,13,20,20,20],"current_hp_per_floor":[72,72,69,69,69,30,30,30,30,53,40,36,36,38,61,29,79,79,79,79,64,64,28,22,0,0],"gold":199,"neow_bonus":"","is_daily":true,"chose_seed":false,"campfire_upgraded":0,"win_rate":0.0,"timestamp":1607737194,"path_taken":["M","M","?","?","?","E","M","?","T","R","E","M","$","M","R","BOSS","M","?","$","?","?","E","M","M"],"items_purchased_type":["Relic","Relic","Relic","Card","Card","Relic","Relic","Card"],"build_version":"2020-11-30","purchased_purges":1,"victory":false,"max_hp_per_floor":[72,72,72,72,72,79,79,79,79,79,79,79,79,79,79,79,79,79,79,79,79,79,79,79,79,79],"card_choices":[{"not_picked":["InnerPeace","FlyingSleeves"],"picked":"Perseverance","floor":1},{"not_picked":["WheelKick","Crescendo"],"picked":"TalkToTheHand","floor":2},{"not_picked":["EmptyFist","BowlingBash"],"picked":"FlurryOfBlows","floor":6},{"not_picked":["Pray","EmptyFist"],"picked":"FearNoEvil","floor":7},{"not_picked":["ThirdEye","JustLucky"],"picked":"WindmillStrike","floor":8},{"not_picked":["WindmillStrike","TalkToTheHand"],"picked":"ThirdEye","floor":10},{"not_picked":["Pray","SignatureMove"],"picked":"CutThroughFate","floor":11},{"not_picked":["InnerPeace","MasterReality"],"picked":"Indignation","floor":12},{"not_picked":["CutThroughFate","InnerPeace"],"picked":"FollowUp","floor":14},{"not_picked":["Wallop","BowlingBash"],"picked":"Consecrate","floor":15},{"not_picked":["Vault","ConjureBlade"],"picked":"Judgement","floor":16},{"not_picked":["SashWhip+1","Weave"],"picked":"PathToVictory+1","floor":18},{"not_picked":["Halt","Blasphemy"],"picked":"Evaluate","floor":21},{"not_picked":["BowlingBash","Sanctity"],"picked":"Swivel+1","floor":23},{"not_picked":["FearNoEvil","EmptyMind"],"picked":"SashWhip","floor":24}],"player_experience":573984,"relics_obtained":[{"floor":4,"key":"Dream Catcher"},{"floor":6,"key":"Strawberry"},{"floor":9,"key":"Oddly Smooth Stone"},{"floor":11,"key":"Bag of Preparation"},{"floor":17,"key":"Smiling Mask"},{"floor":17,"key":"Yang"},{"floor":17,"key":"Calipers"},{"floor":19,"key":"Bag of Marbles"},{"floor":23,"key":"Whetstone"}],"event_choices":[{"damage_healed":0,"gold_gain":0,"player_choice":"Success","damage_taken":3,"relics_obtained":["Tiny Chest"],"max_hp_gain":0,"max_hp_loss":0,"event_name":"Scrap Ooze","floor":3,"gold_loss":0},{"damage_healed":0,"gold_gain":0,"player_choice":"Got Potions","damage_taken":0,"max_hp_gain":0,"max_hp_loss":0,"event_name":"Lab","floor":5,"gold_loss":0},{"damage_healed":0,"gold_gain":0,"player_choice":"Became a vampire (Vial)","damage_taken":0,"max_hp_gain":0,"max_hp_loss":0,"event_name":"Vampires","floor":22,"relics_lost":["Blood Vial"],"gold_loss":0,"cards_obtained":["Bite","Bite","Bite","Bite","Bite"]}],"is_beta":false,"boss_relics":[{"not_picked":["HolyWater","Snecko Eye"],"picked":"Calling Bell"}],"items_purged_floors":[20],"is_endless":false,"potions_floor_spawned":[1,2,8,12,21,23],"killed_by":"Snecko","ascension_level":0}}