{"host":"pt1z5qzak3tiw32n","time":1607791642,"event":{"mods":["BaseMod","Block Reminder","Minty Spire (QoL Compilation)","StSLib","everything is the same but u backflip on backflip"],"gold_per_floor":[117,117,117,267,32,32,58,58,58,93,113,113,131,147,147,226,226,246,246,263,3,3,3,18,18,93,109,109,109],"floor_reached":28,"playtime":1581,"items_purged":["Regret","Doubt"],"score":511,"play_id":"2a29dee7-7d9a-4b60-b015-fbc2588ef4e1","local_time":"20201212114722","is_ascension_mode":true,"campfire_choices":[{"data":"Flying Knee","floor":6.0,"key":"SMITH"},{"data":"Escape Plan","floor":8.0,"key":"SMITH"},{"data":"Skewer","floor":12.0,"key":"SMITH"},{"data":"Poisoned Stab","floor":15.0,"key":"SMITH"},{"data":"Malaise","floor":23.0,"key":"SMITH"}],"circlet_count":0,"master_deck":["AscendersBane","Strike_G","Strike_G","Strike_G","Defend_G","Defend_G","Defend_G","Defend_G","Survivor","Neutralize+1","Flying Knee+1","Escape Plan+1","Poisoned Stab+1","Skewer+1","Dodge and Roll","Prepared","Malaise+1","Blur+1","Deflect+1","Burst+1","Blur+1","Distraction"],"relics":["Ring of the Snake","NeowsBlessing","Matryoshka","Vajra","Ornamental Fan","Bag of Marbles","Toy Ornithopter","Regal Pillow","Astrolabe","Strawberry","Boot","The Courier"],"acts_visited":["Exordium","TheCity"],"potions_floor_usage":[24],"damage_taken":[{"damage":0.0,"enemies":"Jaw Worm","floor":1.0,"turns":1.0},{"damage":0.0,"enemies":"Gremlin Nob","floor":7.0,"turns":1.0},{"damage":0.0,"enemies":"Lagavulin","floor":10.0,"turns":1.0},{"damage":0.0,"enemies":"Small Slimes","floor":11.0,"turns":3.0},{"damage":0.0,"enemies":"2 Louse","floor":13.0,"turns":1.0},{"damage":6.0,"enemies":"Red Slaver","floor":14.0,"turns":4.0},{"damage":45.0,"enemies":"Hexaghost","floor":16.0,"turns":10.0},{"damage":12.0,"enemies":"Shell Parasite","floor":18.0,"turns":8.0},{"damage":12.0,"enemies":"2 Thieves","floor":20.0,"turns":4.0},{"damage":14,"enemies":"3 Cultists","floor":24,"turns":7},{"damage":21,"enemies":"Sentry and Sphere","floor":27,"turns":15},{"damage":0,"enemies":"Shelled Parasite and Fungi","floor":28,"turns":1}],"seed_played":"-6814372752463911744","potions_obtained":[{"floor":7.0,"key":"Explosive Potion"},{"floor":10.0,"key":"SpeedPotion"},{"floor":11.0,"key":"AttackPotion"},{"floor":13.0,"key":"Strength Potion"},{"floor":16.0,"key":"Fire Potion"},{"floor":20.0,"key":"Strength Potion"},{"floor":27,"key":"AttackPotion"}],"is_trial":false,"path_per_floor":["M","?","?","?","$","R","E","R","T","E","M","R","M","M","R","B",null,"M","?","M","$","?","R","M","$","T","M","M"],"character_chosen":"THE_SILENT","items_purchased":["Vajra","Strawberry"],"campfire_rested":0,"item_purchase_floors":[5,21],"current_hp_per_floor":[59,59,59,59,59,59,59,59,59,59,59,59,59,53,53,18,54,42,42,35,42,42,42,33,33,33,12,12,12],"gold":109,"neow_bonus":"THREE_ENEMY_KILL","is_daily":false,"chose_seed":false,"campfire_upgraded":5,"win_rate":0.0,"timestamp":1607791642,"path_taken":["M","?","?","?","$","R","E","R","T","E","M","R","M","M","R","BOSS","M","?","?","?","?","R","M","$","T","?","M"],"items_purchased_type":["Relic","Relic"],"build_version":"2020-11-30","purchased_purges":2,"victory":false,"max_hp_per_floor":[66,66,66,66,66,66,66,66,66,66,66,66,66,66,66,66,66,66,66,66,73,73,73,73,73,73,73,73,73],"card_choices":[{"not_picked":["Slice","Eviscerate"],"picked":"Flying Knee","floor":1.0},{"not_picked":["Setup","Dagger Throw"],"picked":"Escape Plan","floor":7.0},{"not_picked":["Distraction","PiercingWail"],"picked":"Poisoned Stab","floor":10.0},{"not_picked":["Deflect","Acrobatics"],"picked":"Skewer","floor":11.0},{"not_picked":["Poisoned Stab","Accuracy"],"picked":"Dodge and Roll","floor":13.0},{"not_picked":["Reflex","Flying Knee"],"picked":"Prepared","floor":14.0},{"not_picked":["Storm of Steel","Glass Knife"],"picked":"Malaise","floor":16.0},{"not_picked":["Bane","Riddle With Holes","Outmaneuver"],"picked":"SKIP","floor":18.0},{"not_picked":["Quick Slash","Deadly Poison"],"picked":"Distraction","floor":20.0},{"not_picked":["Escape Plan","Skewer","Dagger Spray"],"picked":"SKIP","floor":24},{"not_picked":["Flying Knee","Endless Agony","Sucker Punch"],"picked":"SKIP","floor":27}],"player_experience":617899,"relics_obtained":[{"floor":7.0,"key":"Ornamental Fan"},{"floor":9.0,"key":"Bag of Marbles"},{"floor":9.0,"key":"Toy Ornithopter"},{"floor":10.0,"key":"Regal Pillow"},{"floor":26,"key":"Boot"},{"floor":26,"key":"The Courier"}],"event_choices":[{"damage_healed":0.0,"max_hp_gain":0.0,"max_hp_loss":0.0,"gold_gain":0.0,"event_name":"Living Wall","player_choice":"Grow","floor":2.0,"gold_loss":0.0,"damage_taken":0.0,"cards_upgraded":["Neutralize"]},{"damage_healed":0.0,"max_hp_gain":0.0,"max_hp_loss":0.0,"gold_gain":0.0,"event_name":"Big Fish","player_choice":"Box","floor":3.0,"gold_loss":0.0,"damage_taken":0.0,"relics_obtained":["Matryoshka"],"cards_obtained":["Regret"]},{"damage_healed":0.0,"max_hp_gain":0.0,"max_hp_loss":0.0,"gold_gain":150.0,"event_name":"Liars Game","player_choice":"AGREE","floor":4.0,"gold_loss":0.0,"damage_taken":0.0,"cards_obtained":["Doubt"]},{"damage_healed":0.0,"max_hp_gain":0.0,"max_hp_loss":0.0,"gold_gain":0.0,"event_name":"Duplicator","player_choice":"Copied","floor":19.0,"gold_loss":0.0,"damage_taken":0.0,"cards_obtained":["Blur"]},{"damage_healed":0.0,"max_hp_gain":0.0,"max_hp_loss":0.0,"gold_gain":0.0,"event_name":"Vampires","player_choice":"Ignored","floor":22.0,"gold_loss":0.0,"damage_taken":0.0}],"is_beta":false,"boss_relics":[{"not_picked":["Black Star","WristBlade"],"picked":"Astrolabe"}],"items_purged_floors":[5,21],"is_endless":false,"potions_floor_spawned":[7,10,11,13,16,20,27],"killed_by":"Shelled Parasite and Fungi","ascension_level":17}}