{"host":"ebguxldc2ucorva7","time":1607800364,"event":{"mods":["AchievementEnabler","BaseMod","Best Route Mod","Bestiary","Colored Map","Colored Powertips","Disable Question Mark Monsters","Energized Spire","Highlight Path","Minty Spire (QoL Compilation)","Permanent Neow","Quick Restart","Replay The Spire","Shop Mod","StSLib"],"gold_per_floor":[112,387,11,11,25,58,72,72,72,87,87,262,262,282,282,384,384,403,403,423,443,443,443,443,443],"floor_reached":24,"playtime":1092,"items_purged":["Regret"],"score":232,"play_id":"e63c887c-4420-41ec-8bb5-674a8e3368da","local_time":"20201212121244","is_ascension_mode":true,"campfire_choices":[{"floor":13,"key":"REST"},{"floor":15,"key":"REST"},{"data":"Static Discharge","floor":23,"key":"SMITH"}],"circlet_count":0,"master_deck":["Strike_B","Strike_B","Strike_B","Strike_B","Defend_B","Defend_B","Defend_B","Defend_B","Zap","Dualcast","Chaos","Crystallizer","Rip and Tear","Static Discharge+1","Panic Button+1","Doubt","Aggregate+1","ReplayRNGCard+1","Conserve Battery+1","Conserve Battery+1","Skim+1"],"relics":["Cracked Core","Tiny Chest","Replay:Towering Pillar of Hats","Eternal Feather","Toxic Egg 2","Bottled Tornado","Ancient Tea Set","energizedSpire:UnstableMolecules","Replay:Accelerometer"],"acts_visited":["Exordium","TheCity"],"potions_floor_usage":[6,16,16,16],"damage_taken":[{"damage":0,"enemies":"Small Slimes","floor":1,"turns":3},{"damage":6,"enemies":"Cultist","floor":5,"turns":3},{"damage":32,"enemies":"Gremlin Nob","floor":6,"turns":4},{"damage":10,"enemies":"Jaw Worm","floor":7,"turns":5},{"damage":6,"enemies":"Large Slime","floor":10,"turns":4},{"damage":5,"enemies":"Looter","floor":14,"turns":2},{"damage":45,"enemies":"The Guardian","floor":16,"turns":12},{"damage":15,"enemies":"2 Thieves","floor":18,"turns":4},{"damage":5,"enemies":"Chosen","floor":20,"turns":4},{"damage":17,"enemies":"Sentry and Sphere","floor":21,"turns":4},{"damage":37,"enemies":"Centurion and Healer","floor":24,"turns":13}],"seed_played":"5217397539717226870","potions_obtained":[{"floor":1,"key":"Doom Potion"},{"floor":5,"key":"Fire Potion"},{"floor":6,"key":"SkillPotion"},{"floor":14,"key":"SpeedPotion"},{"floor":20,"key":"Milkshake"}],"is_trial":false,"path_per_floor":["M","?","$","$","M","E","M","T","T","M","?","?","R","M","R","B",null,"M","?","M","M","T","R","M"],"character_chosen":"DEFECT","items_purchased":["Replay:Towering Pillar of Hats"],"campfire_rested":2,"item_purchase_floors":[3],"current_hp_per_floor":[75,75,75,75,69,37,27,27,27,21,9,9,40,35,66,21,75,60,46,41,24,24,36,0,0],"gold":443,"neow_bonus":"RANDOM_COMMON_RELIC","is_daily":false,"chose_seed":false,"campfire_upgraded":1,"win_rate":0.0,"timestamp":1607800364,"path_taken":["M","?","?","$","M","E","?","?","T","M","?","?","R","M","R","BOSS","M","?","M","M","?","R","?"],"items_purchased_type":["Relic"],"build_version":"2020-11-30","purchased_purges":1,"victory":false,"max_hp_per_floor":[75,75,75,75,75,75,75,75,75,75,75,75,75,75,75,75,75,75,80,80,80,80,80,80,80],"card_choices":[{"not_picked":["Sweeping Beam","Cold Snap"],"picked":"Chaos","floor":1},{"not_picked":["Steam","Hologram"],"picked":"Crystallizer","floor":5},{"not_picked":["Force Field","ReplaySolidLightProjector"],"picked":"Rip and Tear","floor":6},{"not_picked":["Conserve Battery","Reinforced Body"],"picked":"Static Discharge","floor":7},{"not_picked":["Reinforced Body+1","Ball Lightning"],"picked":"Panic Button+1","floor":10},{"not_picked":["Gash","Coolheaded+1"],"picked":"Aggregate+1","floor":14},{"not_picked":["Buffer","Fission+1"],"picked":"ReplayRNGCard+1","floor":16},{"not_picked":["Cold Snap","FTL"],"picked":"Conserve Battery+1","floor":18},{"not_picked":["Doom and Gloom+1","Coolheaded+1"],"picked":"Conserve Battery+1","floor":20},{"not_picked":["Leap+1","Stack+1"],"picked":"Skim+1","floor":21}],"player_experience":94757,"relics_obtained":[{"floor":6,"key":"Eternal Feather"},{"floor":8,"key":"Toxic Egg 2"},{"floor":9,"key":"Bottled Tornado"},{"floor":22,"key":"Replay:Accelerometer"}],"event_choices":[{"damage_healed":0,"gold_gain":275,"player_choice":"Desecrate","damage_taken":0,"max_hp_gain":0,"max_hp_loss":0,"event_name":"Golden Shrine","floor":2,"gold_loss":0,"cards_obtained":["Regret"]},{"damage_healed":0,"gold_gain":0,"player_choice":"Success","damage_taken":12,"relics_obtained":["Ancient Tea Set"],"max_hp_gain":0,"max_hp_loss":0,"event_name":"Scrap Ooze","floor":11,"gold_loss":0},{"damage_healed":0,"gold_gain":175,"player_choice":"AGREE","damage_taken":0,"max_hp_gain":0,"max_hp_loss":0,"event_name":"Liars Game","floor":12,"gold_loss":0,"cards_obtained":["Doubt"]},{"damage_healed":0,"gold_gain":0,"player_choice":"Shed Blood","damage_taken":19,"max_hp_gain":5,"max_hp_loss":0,"event_name":"Forgotten Altar","floor":19,"gold_loss":0}],"is_beta":false,"boss_relics":[{"not_picked":["energizedSpire:SpiderWeb","Cursed Key"],"picked":"energizedSpire:UnstableMolecules"}],"items_purged_floors":[3],"is_endless":false,"potions_floor_spawned":[1,5,6,14,20],"killed_by":"Centurion and Healer","ascension_level":1}}