{"host":"foq4mrde4mssg7vt","time":1607790162,"event":{"mods":["AchievementEnabler","BaseMod","Colored Map","Colored Powertips","Highlight Path","Minty Spire (QoL Compilation)","Relic Stats","everything is the same but u backflip on backflip"],"gold_per_floor":[109,119,70,82,93,118,118,129,129,141,173,183,183,217,217,316,316,335,349,264,280,58,58,58,89,89,89,117,117,143,160,160,264,264,284,333,333,348,360,360,391,416,416,266,266,266,299,349,349,349,349,349,34,59,59],"floor_reached":56,"playtime":3247,"items_purged":["Strike_G","Injury"],"score":1791,"play_id":"9ee41269-d5d8-405b-adad-7dca89e454fb","local_time":"20201213002242","is_ascension_mode":true,"campfire_choices":[{"data":"Neutralize","floor":7.0,"key":"SMITH"},{"data":"Crippling Poison","floor":13.0,"key":"SMITH"},{"data":"Footwork","floor":15.0,"key":"SMITH"},{"data":"Well Laid Plans","floor":23.0,"key":"SMITH"},{"floor":27.0,"key":"REST"},{"floor":29.0,"key":"REST"},{"data":"Noxious Fumes","floor":32.0,"key":"SMITH"},{"floor":40.0,"key":"REST"},{"data":"Catalyst","floor":46.0,"key":"SMITH"},{"floor":49.0,"key":"RECALL"},{"data":"Burst","floor":52.0,"key":"SMITH"}],"circlet_count":0,"master_deck":["Strike_G","Defend_G","Defend_G","Defend_G","Defend_G","Survivor","Neutralize+1","Dash","Backflip","Dagger Spray","Deadly Poison","Catalyst+1","Well Laid Plans+1","Crippling Poison+1","Footwork+1","Burst+1","Night Terror","Deflect+1","Blur+1","Noxious Fumes+1","Leg Sweep","PiercingWail","Wraith Form v2+1","Reflex+1","Endless Agony+1","Bouncing Flask+1","Dodge and Roll+1","Backflip+1","Adrenaline","PiercingWail+1","PiercingWail"],"relics":["Ring of the Snake","Prayer Wheel","Unceasing Top","Turnip","Ninja Scroll","Pocketwatch","Cursed Key","Juzu Bracelet","WingedGreaves","Frozen Egg 2","Anchor","Astrolabe","FossilizedHelix","MealTicket","Mango","TungstenRod","StoneCalendar","HornCleat","Calipers"],"acts_visited":["Exordium","TheCity","TheBeyond","TheEnding"],"potions_floor_usage":[55,55,55],"damage_taken":[{"damage":1.0,"enemies":"Small Slimes","floor":1.0,"turns":5.0},{"damage":0.0,"enemies":"2 Louse","floor":2.0,"turns":3.0},{"damage":0.0,"enemies":"Cultist","floor":4.0,"turns":3.0},{"damage":0.0,"enemies":"Exordium Wildlife","floor":5.0,"turns":4.0},{"damage":12.0,"enemies":"Lagavulin","floor":6.0,"turns":8.0},{"damage":2.0,"enemies":"Lots of Slimes","floor":8.0,"turns":3.0},{"damage":6.0,"enemies":"Exordium Thugs","floor":10.0,"turns":5.0},{"damage":16.0,"enemies":"3 Sentries","floor":11.0,"turns":13.0},{"damage":0.0,"enemies":"Looter","floor":12.0,"turns":3.0},{"damage":5.0,"enemies":"Gremlin Nob","floor":14.0,"turns":3.0},{"damage":0.0,"enemies":"Hexaghost","floor":16.0,"turns":11.0},{"damage":11.0,"enemies":"Spheric Guardian","floor":18.0,"turns":5.0},{"damage":1.0,"enemies":"Chosen","floor":19.0,"turns":6.0},{"damage":2.0,"enemies":"Snake Plant","floor":21.0,"turns":4.0},{"damage":18.0,"enemies":"Gremlin Leader","floor":25.0,"turns":7.0},{"damage":2.0,"enemies":"Book of Stabbing","floor":28.0,"turns":7.0},{"damage":9.0,"enemies":"Slavers","floor":30.0,"turns":6.0},{"damage":0.0,"enemies":"Centurion and Healer","floor":31.0,"turns":7.0},{"damage":0.0,"enemies":"Champ","floor":33.0,"turns":7.0},{"damage":7.0,"enemies":"3 Darklings","floor":35.0,"turns":6.0},{"damage":16.0,"enemies":"2 Orb Walkers","floor":36.0,"turns":4.0},{"damage":0.0,"enemies":"3 Shapes","floor":38.0,"turns":5.0},{"damage":24.0,"enemies":"Sphere and 2 Shapes","floor":39.0,"turns":7.0},{"damage":0.0,"enemies":"Nemesis","floor":41.0,"turns":5.0},{"damage":0.0,"enemies":"Giant Head","floor":42.0,"turns":9.0},{"damage":0.0,"enemies":"Nemesis","floor":47.0,"turns":3.0},{"damage":0.0,"enemies":"Mind Bloom Boss Battle","floor":48.0,"turns":5.0},{"damage":6.0,"enemies":"Donu and Deca","floor":50.0,"turns":8.0},{"damage":0,"enemies":"Shield and Spear","floor":54,"turns":6},{"damage":3,"enemies":"The Heart","floor":55,"turns":10}],"seed_played":"-367296103887421510","potions_obtained":[{"floor":1.0,"key":"FearPotion"},{"floor":4.0,"key":"DistilledChaos"},{"floor":14.0,"key":"Dexterity Potion"},{"floor":16.0,"key":"Energy Potion"},{"floor":28.0,"key":"Fruit Juice"},{"floor":30.0,"key":"FearPotion"},{"floor":31.0,"key":"Dexterity Potion"},{"floor":39.0,"key":"CunningPotion"},{"floor":41.0,"key":"Fire Potion"},{"floor":47.0,"key":"BlessingOfTheForge"}],"is_trial":false,"path_per_floor":["M","M","$","M","M","E","R","M","T","M","E","M","R","E","R","B",null,"M","M","?","M","$","R","?","E","T","R","E","R","E","M","R","B",null,"M","?","?","M","M","R","E","E","T","$","?","R","E","?","R","B",null,"R","$","E","B",null],"character_chosen":"THE_SILENT","items_purchased":["Fire Potion","Leg Sweep","GamblersBrew","Poison Potion","HornCleat","Regen Potion"],"campfire_rested":3,"item_purchase_floors":[3,22,22,44,53,53],"current_hp_per_floor":[62,62,62,62,62,50,50,48,48,42,26,26,26,21,21,21,53,42,41,41,39,39,39,33,15,15,33,31,49,40,45,45,45,62,55,39,39,39,15,35,35,49,49,64,64,64,64,64,64,58,76,76,82,82,82],"gold":59,"neow_bonus":"ONE_RARE_RELIC","is_daily":false,"chose_seed":false,"campfire_upgraded":7,"win_rate":0.0,"timestamp":1607790162,"path_taken":["M","M","$","M","M","E","R","M","T","M","E","M","R","E","R","BOSS","M","M","?","M","$","R","?","E","T","R","E","R","E","M","R","BOSS","M","?","?","M","M","R","E","E","T","$","?","R","E","?","R","BOSS","R","$","E","BOSS"],"items_purchased_type":["Potion","Card","Potion","Potion","Relic","Potion"],"build_version":"2020-11-30","purchased_purges":2,"victory":true,"max_hp_per_floor":[63,63,63,63,63,63,63,63,63,63,63,63,63,63,63,63,63,63,63,63,63,63,63,63,63,63,63,63,63,63,68,68,68,68,68,68,68,68,68,68,68,82,82,82,82,82,82,82,82,82,82,82,82,82,82],"relic_stats":{"counters":[30,178],"Astrolabe":["Reflex","Endless Agony","Bouncing Flask"],"StoneCalendar":[124],"Juzu Bracelet":2,"Cursed Key":1,"Prayer Wheel":14,"MealTicket":21,"Turnip":[20],"obtain_stats":[{"Calipers":54,"Astrolabe":34,"Mango":42,"StoneCalendar":48,"Juzu Bracelet":20,"Frozen Egg 2":28,"Cursed Key":17,"Anchor":30,"HornCleat":53,"Ninja Scroll":11,"Prayer Wheel":0,"MealTicket":41,"Turnip":9,"WingedGreaves":25,"Unceasing Top":6,"FossilizedHelix":36,"TungstenRod":47,"Ring of the Snake":0,"Pocketwatch":14},{"Calipers":29,"Astrolabe":19,"Mango":25,"StoneCalendar":27,"Juzu Bracelet":13,"Frozen Egg 2":16,"Cursed Key":11,"Anchor":17,"HornCleat":28,"Ninja Scroll":8,"Prayer Wheel":0,"MealTicket":24,"Turnip":6,"WingedGreaves":15,"Unceasing Top":5,"FossilizedHelix":21,"TungstenRod":26,"Ring of the Snake":0,"Pocketwatch":10},{"Calipers":168,"Astrolabe":110,"Mango":146,"StoneCalendar":154,"Juzu Bracelet":72,"Frozen Egg 2":90,"Cursed Key":61,"Anchor":96,"HornCleat":162,"Ninja Scroll":44,"Prayer Wheel":0,"MealTicket":137,"Turnip":26,"WingedGreaves":83,"Unceasing Top":23,"FossilizedHelix":120,"TungstenRod":149,"Ring of the Snake":0,"Pocketwatch":50}],"Unceasing Top":[4],"TungstenRod":2,"Ring of the Snake":[57],"Pocketwatch":[162]},"card_choices":[{"not_picked":["Quick Slash","Underhanded Strike"],"picked":"Dash","floor":1.0},{"not_picked":["All Out Attack","Deflect"],"picked":"Backflip","floor":1.0},{"not_picked":["Doppelganger","Heel Hook"],"picked":"Dagger Spray","floor":2.0},{"not_picked":["Prepared","Dash"],"picked":"Deadly Poison","floor":2.0},{"not_picked":["Prepared","Dash","Slice"],"picked":"SKIP","floor":4.0},{"not_picked":["Cloak And Dagger","Expertise","Skewer"],"picked":"SKIP","floor":4.0},{"not_picked":["Expertise","Bane"],"picked":"Catalyst","floor":5.0},{"not_picked":["Masterful Stab","Deadly Poison","Dagger Spray"],"picked":"SKIP","floor":5.0},{"not_picked":["Prepared","Tactician","Doppelganger"],"picked":"SKIP","floor":6.0},{"not_picked":["Acrobatics","Flying Knee"],"picked":"Well Laid Plans","floor":8.0},{"not_picked":["Prepared","Cloak And Dagger","Flechettes"],"picked":"SKIP","floor":8.0},{"not_picked":["Dagger Spray","Dagger Throw","Quick Slash"],"picked":"SKIP","floor":10.0},{"not_picked":["Quick Slash","Prepared","Deflect"],"picked":"SKIP","floor":10.0},{"not_picked":["Flechettes","Blade Dance"],"picked":"Crippling Poison","floor":11.0},{"not_picked":["Poisoned Stab","Choke"],"picked":"Footwork","floor":12.0},{"not_picked":["Caltrops","Dagger Throw"],"picked":"Burst","floor":12.0},{"not_picked":["Slice","Flying Knee","Cloak And Dagger"],"picked":"SKIP","floor":14.0},{"not_picked":["A Thousand Cuts","Tools of the Trade"],"picked":"Night Terror","floor":16.0},{"not_picked":["Caltrops","Tactician"],"picked":"Deflect+1","floor":18.0},{"not_picked":["Blade Dance","Prepared+1","Finisher"],"picked":"SKIP","floor":18.0},{"not_picked":["Deadly Poison","Accuracy","Prepared+1"],"picked":"SKIP","floor":19.0},{"not_picked":["Bane","Choke","Sucker Punch"],"picked":"SKIP","floor":19.0},{"not_picked":["Flying Knee","PiercingWail"],"picked":"Blur+1","floor":21.0},{"not_picked":["Well Laid Plans+1","Backflip"],"picked":"Noxious Fumes","floor":21.0},{"not_picked":["Bane","Glass Knife","Slice"],"picked":"SKIP","floor":25.0},{"not_picked":["Setup","Venomology"],"picked":"PiercingWail","floor":28.0},{"not_picked":["Deflect+1","Escape Plan+1","Distraction"],"picked":"SKIP","floor":30.0},{"not_picked":["Outmaneuver+1","Quick Slash","Catalyst"],"picked":"SKIP","floor":31.0},{"not_picked":["Flying Knee","Setup","Deflect"],"picked":"SKIP","floor":31.0},{"not_picked":["Burst","Phantasmal Killer"],"picked":"Wraith Form v2+1","floor":33.0},{"not_picked":["Catalyst+1","Outmaneuver"],"picked":"Dodge and Roll+1","floor":35.0},{"not_picked":["Tactician+1","Leg Sweep","Skewer+1"],"picked":"SKIP","floor":35.0},{"not_picked":["Sucker Punch+1","Riddle With Holes"],"picked":"Backflip+1","floor":38.0},{"not_picked":["Backstab+1","Dagger Throw","Sucker Punch+1"],"picked":"SKIP","floor":38.0},{"not_picked":["Dagger Spray","PiercingWail"],"picked":"Adrenaline","floor":39.0},{"not_picked":["Underhanded Strike+1","Poisoned Stab+1"],"picked":"PiercingWail+1","floor":39.0},{"not_picked":["Quick Slash","PiercingWail+1","Well Laid Plans+1"],"picked":"SKIP","floor":41.0},{"not_picked":["Doppelganger","Endless Agony+1","Escape Plan"],"picked":"SKIP","floor":42.0},{"not_picked":["Crippling Poison","Terror","Bouncing Flask"],"picked":"SKIP","floor":47.0},{"not_picked":["Underhanded Strike","PiercingWail","Cloak And Dagger"],"picked":"SKIP","floor":54},{"not_picked":["Underhanded Strike","Cloak And Dagger"],"picked":"PiercingWail","floor":54}],"player_experience":154351,"relics_obtained":[{"floor":6.0,"key":"Unceasing Top"},{"floor":9.0,"key":"Turnip"},{"floor":11.0,"key":"Ninja Scroll"},{"floor":14.0,"key":"Pocketwatch"},{"floor":25.0,"key":"WingedGreaves"},{"floor":28.0,"key":"Frozen Egg 2"},{"floor":30.0,"key":"Anchor"},{"floor":36.0,"key":"FossilizedHelix"},{"floor":41.0,"key":"MealTicket"},{"floor":42.0,"key":"Mango"},{"floor":47.0,"key":"TungstenRod"},{"floor":48.0,"key":"StoneCalendar"},{"floor":54,"key":"Calipers"}],"event_choices":[{"damage_healed":0.0,"max_hp_gain":0.0,"max_hp_loss":0.0,"gold_gain":0.0,"event_name":"Addict","player_choice":"Obtained Relic","floor":20.0,"gold_loss":85.0,"damage_taken":0.0,"relics_obtained":["Juzu Bracelet"]},{"damage_healed":0.0,"max_hp_gain":0.0,"max_hp_loss":0.0,"gold_gain":0.0,"event_name":"Knowing Skull","player_choice":"","floor":24.0,"potions_obtained":[],"gold_loss":0.0,"damage_taken":6.0,"cards_obtained":[]},{"damage_healed":0.0,"max_hp_gain":0.0,"max_hp_loss":0.0,"gold_gain":0.0,"event_name":"Mysterious Sphere","player_choice":"Fight","floor":36.0,"gold_loss":0.0,"damage_taken":0.0},{"damage_healed":0.0,"max_hp_gain":0.0,"max_hp_loss":0.0,"gold_gain":0.0,"event_name":"SecretPortal","player_choice":"Ignored","floor":37.0,"gold_loss":0.0,"damage_taken":0.0},{"cards_removed":["Defend_G"],"damage_healed":0.0,"max_hp_gain":0.0,"max_hp_loss":0.0,"gold_gain":0.0,"event_name":"Falling","player_choice":"Removed Skill","floor":45.0,"gold_loss":0.0,"damage_taken":0.0},{"damage_healed":0.0,"max_hp_gain":0.0,"max_hp_loss":0.0,"gold_gain":0.0,"event_name":"MindBloom","player_choice":"Fight","floor":48.0,"gold_loss":0.0,"damage_taken":0.0}],"is_beta":false,"boss_relics":[{"not_picked":["Philosopher\u0027s Stone","Runic Pyramid"],"picked":"Cursed Key"},{"not_picked":["Fusion Hammer","SlaversCollar"],"picked":"Astrolabe"}],"items_purged_floors":[22,44],"is_endless":false,"potions_floor_spawned":[1,4,5,8,14,16,28,30,31,39,41,42,47],"ascension_level":5}}