{"host":"rjmu5g8hpiele53d","time":1607800395,"event":{"mods":["2.2 Compatiblity","BaseMod","Downfall","GifTheSpireLib","Minty Spire (QoL Compilation)","StSLib"],"gold_per_floor":[99,119,119,22,22,22,49,79,4,36,36,36,56,73,93,198,198,123,36,136,147,147,163,163,263,294,294,310,310,321,336,354,450,450,450,479,479,514,514,531,558,577,577,609,37,49,66,78,95,95],"floor_reached":51,"playtime":6207,"items_purged":[],"score":1015,"play_id":"b1570429-e497-428f-a7a6-38ec8197f38f","local_time":"20201212191315","is_ascension_mode":true,"campfire_choices":[{"data":"Guardian:TwinSlam","floor":1.0,"key":"SMITH"},{"data":"Guardian:CurlUp","floor":3.0,"key":"SMITH"},{"data":"Guardian:Defend_Guardian","floor":6.0,"key":"SMITH"},{"floor":9.0,"key":"RECALL"},{"data":"Guardian:WeakpointTargeting","floor":18.0,"key":"SMITH"},{"data":"Guardian:PiercingHide","floor":22.0,"key":"SMITH"},{"data":"Guardian:TimeSifter","floor":27.0,"key":"SMITH"},{"data":"Guardian:Strike_Guardian","floor":35.0,"key":"SMITH"},{"floor":37.0,"key":"REST"},{"floor":43.0,"key":"REST"}],"circlet_count":0,"master_deck":["Guardian:Strike_Guardian+1","Guardian:Strike_Guardian+1","Guardian:Strike_Guardian+1","Guardian:Strike_Guardian+1","Guardian:Defend_Guardian+1","Guardian:Defend_Guardian","Guardian:Defend_Guardian","Guardian:Defend_Guardian","Guardian:CurlUp+1","Guardian:TwinSlam+1","Guardian:SentryBeam+1","Guardian:PolyBeam+1","Guardian:PiercingHide+1","Guardian:WalkerClaw+1","Guardian:WeakpointTargeting+1","Guardian:DecasProtection+1","Guardian:TimeSifter+1","Guardian:SentryBeam+1","Guardian:TemporalStrike+1","Guardian:CrystalBeam+1","Guardian:PrismaticBeam+1","Guardian:RollAttack+1","Guardian:RefractedBeam+1"],"relics":["Guardian:ModeShifter","Oddly Smooth Stone","Happy Flower","Molten Egg 2","downfall:HeartBlessingGreen","Vajra","Guardian:StasisSlotReductionRelic","downfall:HeartBlessingRed","Unceasing Top","Ginger","Pear","Bottled Flame","Sozu","Thread and Needle","Gremlin Horn","Anchor","MealTicket","Whetstone","TheAbacus","Singing Bowl"],"acts_visited":["Exordium","TheCity","TheBeyond"],"potions_floor_usage":[],"damage_taken":[{"damage":0.0,"enemies":"Cultist","floor":2.0,"turns":3.0},{"damage":4.0,"enemies":"downfall:FleeingMerchant","floor":4.0,"turns":4.0},{"damage":2.0,"enemies":"Lagavulin","floor":8.0,"turns":6.0},{"damage":7.0,"enemies":"3 Sentries","floor":10.0,"turns":7.0},{"damage":7.0,"enemies":"2 Louse","floor":13.0,"turns":2.0},{"damage":0.0,"enemies":"Small Slimes","floor":14.0,"turns":2.0},{"damage":0.0,"enemies":"2 Fungi Beasts","floor":15.0,"turns":2.0},{"damage":12.0,"enemies":"downfall:CharBossWatcher","floor":16.0,"turns":9.0},{"damage":0.0,"enemies":"downfall:FleeingMerchant","floor":19.0,"turns":4.0},{"damage":0.0,"enemies":"Spheric Guardian","floor":21.0,"turns":3.0},{"damage":5.0,"enemies":"Shell Parasite","floor":23.0,"turns":4.0},{"damage":4.0,"enemies":"downfall:CharBossSilent","floor":25.0,"turns":4.0},{"damage":15.0,"enemies":"Slavers","floor":26.0,"turns":4.0},{"damage":0.0,"enemies":"3 Cultists","floor":28.0,"turns":3.0},{"damage":6.0,"enemies":"Centurion and Healer","floor":30.0,"turns":4.0},{"damage":0.0,"enemies":"Shelled Parasite and Fungi","floor":31.0,"turns":4.0},{"damage":0.0,"enemies":"Snecko","floor":32.0,"turns":4.0},{"damage":0.0,"enemies":"downfall:CharBossDefect","floor":33.0,"turns":5.0},{"damage":18.0,"enemies":"Nemesis","floor":36.0,"turns":7.0},{"damage":12.0,"enemies":"Reptomancer","floor":38.0,"turns":4.0},{"damage":0.0,"enemies":"Orb Walker","floor":40.0,"turns":2.0},{"damage":28.0,"enemies":"3 Shapes","floor":42.0,"turns":2.0},{"damage":0.0,"enemies":"Nemesis","floor":44.0,"turns":3.0},{"damage":0,"enemies":"downfall:FleeingMerchant","floor":45,"turns":4},{"damage":0,"enemies":"Transient","floor":46,"turns":5},{"damage":0,"enemies":"4 Shapes","floor":47,"turns":3},{"damage":0,"enemies":"3 Darklings","floor":48,"turns":2},{"damage":0,"enemies":"Transient","floor":49,"turns":5},{"damage":2,"enemies":"downfall:CharBossIronclad","floor":50,"turns":5}],"seed_played":"8163423172489257452","potions_obtained":[{"floor":2.0,"key":"Block Potion"},{"floor":10.0,"key":"SpeedPotion"},{"floor":12.0,"key":"Fruit Juice"},{"floor":12.0,"key":"Regen Potion"},{"floor":12.0,"key":"Strength Potion"},{"floor":15.0,"key":"Swift Potion"},{"floor":33.0,"key":"BlessingOfTheForge"}],"is_trial":false,"path_per_floor":["R","M","R","$","?","R","T","E","R","E","?","?","M","M","M","B",null,"R","$","?","M","R","M","T","?","E","R","M","?","M","M","M","B",null,"R","E","R","E","?","M","T","M","R","E","$","M","M","M","M","B",null],"character_chosen":"GUARDIAN","items_purchased":["Guardian:SentryBeam","Guardian:Gem_Orange","Whetstone","TheAbacus","Singing Bowl","Guardian:RollAttack+1"],"campfire_rested":2,"item_purchase_floors":[4,19,45,45,45,45],"current_hp_per_floor":[80,80,80,76,76,76,76,74,74,67,67,72,65,65,65,53,77,77,77,77,77,77,72,72,78,63,63,63,63,57,57,57,71,89,89,71,95,83,83,83,83,55,83,83,95,95,97,99,101,99],"gold":95,"neow_bonus":"RANDOM_COMMON_RELIC","is_daily":false,"chose_seed":false,"campfire_upgraded":7,"win_rate":0.0,"timestamp":1607800395,"path_taken":["R","M","R","?","?","R","T","E","R","E","?","?","M","?","M","BOSS","R","$","?","M","R","M","T","?","E","R","M","?","M","M","M","BOSS","R","E","R","E","?","M","T","M","R","E","$","?","?","M","M","BOSS"],"items_purchased_type":["Card","Card","Relic","Relic","Relic","Card"],"build_version":"2020-11-30","purchased_purges":0,"victory":true,"max_hp_per_floor":[80,80,80,80,80,80,80,80,80,80,80,85,85,85,85,85,85,85,85,85,85,85,85,85,95,95,95,95,95,95,95,95,95,95,95,95,95,95,95,95,95,95,95,95,95,95,97,99,101,101],"card_choices":[{"not_picked":["Guardian:Repulse","Guardian:DonusPower"],"picked":"Guardian:Gem_Crimson","floor":2.0},{"not_picked":["Guardian:ShieldCharger","Guardian:Reroute+1"],"picked":"Guardian:Gem_Purple","floor":8.0},{"not_picked":["Guardian:GuardianWhirl+1","Guardian:FloatingOrbs"],"picked":"Guardian:Gem_Yellow","floor":10.0},{"not_picked":["Guardian:ChargeCore+1","Guardian:Emergency"],"picked":"Guardian:PolyBeam+1","floor":13.0},{"not_picked":["Guardian:VentSteam","Guardian:Planning"],"picked":"Guardian:PiercingHide","floor":14.0},{"not_picked":["Guardian:EvasiveProtocol","Guardian:Recover"],"picked":"Guardian:WalkerClaw+1","floor":15.0},{"not_picked":["Guardian:SphericShield","Guardian:HyperBeam_Guardian+1"],"picked":"Guardian:WeakpointTargeting","floor":16.0},{"not_picked":["Guardian:Suspension","Guardian:BronzeOrb+1"],"picked":"Guardian:DecasProtection+1","floor":21.0},{"not_picked":["Guardian:WalkerClaw+1","Guardian:TemporalShield","Guardian:Planning+1"],"picked":"SKIP","floor":23.0},{"not_picked":["Guardian:TemporalStrike+1","Guardian:FuturePlans"],"picked":"Guardian:TimeSifter","floor":25.0},{"not_picked":["Guardian:Gem_Red","Guardian:Gem_Green"],"picked":"Guardian:Gem_Fragmented","floor":26.0},{"not_picked":["Guardian:BronzeOrb+1","Guardian:TemporalShield+1"],"picked":"Guardian:Gem_Green","floor":26.0},{"not_picked":["Guardian:TemporalShield","Guardian:Planning"],"picked":"Guardian:Gem_Cyan","floor":28.0},{"not_picked":["Guardian:ChargeUp+1","Guardian:Gem_Purple"],"picked":"Guardian:SentryBeam+1","floor":30.0},{"not_picked":["Guardian:Recover","Guardian:ChargeUp+1","Guardian:ChargeCore+1"],"picked":"SKIP","floor":31.0},{"not_picked":["Guardian:Recover","Guardian:ChargeUp+1","Guardian:Planning+1"],"picked":"SKIP","floor":32.0},{"not_picked":["Guardian:ConstructionForm","Guardian:FastForward"],"picked":"Guardian:Gem_Orange","floor":33.0},{"not_picked":["Guardian:Gem_Red","Guardian:Gem_Green"],"picked":"Guardian:Gem_Fragmented","floor":36.0},{"not_picked":["Guardian:BronzeOrb+1","Guardian:Reroute+1"],"picked":"Guardian:TemporalStrike+1","floor":36.0},{"not_picked":["Guardian:TimeBomb+1","Guardian:VentSteam"],"picked":"Guardian:CrystalBeam+1","floor":38.0},{"not_picked":["Guardian:ConstructionForm","Guardian:EvasiveProtocol+1"],"picked":"Guardian:PrismaticBeam+1","floor":40.0},{"not_picked":["Guardian:PiercingHide","Guardian:VentSteam+1","Guardian:Gem_Cyan"],"picked":"SKIP","floor":42.0},{"not_picked":["Guardian:ShieldCharger+1","Guardian:PiercingHide","Guardian:Repulse"],"picked":"SKIP","floor":44.0},{"not_picked":["Guardian:ShieldCharger+1","Guardian:Recover"],"picked":"Guardian:RefractedBeam+1","floor":46},{"not_picked":["Guardian:FuturePlans+1","Guardian:Incinerate+1","Guardian:Reroute+1"],"picked":"Singing Bowl","floor":47},{"not_picked":["Guardian:ChargeUp+1","Guardian:Gem_Green","Guardian:Gem_Blue"],"picked":"Singing Bowl","floor":48},{"not_picked":["Guardian:Reroute+1","Guardian:Recover","Guardian:Clone"],"picked":"Singing Bowl","floor":49}],"player_experience":1509762,"relics_obtained":[{"floor":7.0,"key":"Happy Flower"},{"floor":8.0,"key":"Molten Egg 2"},{"floor":10.0,"key":"Vajra"},{"floor":24.0,"key":"Unceasing Top"},{"floor":25.0,"key":"Ginger"},{"floor":25.0,"key":"Pear"},{"floor":26.0,"key":"Bottled Flame"},{"floor":36.0,"key":"Thread and Needle"},{"floor":38.0,"key":"Gremlin Horn"},{"floor":41.0,"key":"Anchor"},{"floor":44.0,"key":"MealTicket"}],"event_choices":[{"damage_healed":0.0,"max_hp_gain":0.0,"max_hp_loss":0.0,"gold_gain":0.0,"event_name":"Living Wall","player_choice":"Grow","floor":5.0,"gold_loss":0.0,"damage_taken":0.0,"cards_upgraded":["Guardian:SentryBeam"]},{"damage_healed":0.0,"max_hp_gain":0.0,"max_hp_loss":0.0,"gold_gain":0.0,"event_name":"Lab","player_choice":"Got Potions","floor":12.0,"gold_loss":0.0,"damage_taken":0.0},{"damage_healed":0.0,"max_hp_gain":0.0,"max_hp_loss":0.0,"gold_gain":0.0,"event_name":"Upgrade Shrine","player_choice":"Upgraded","floor":29.0,"gold_loss":0.0,"damage_taken":0.0,"cards_upgraded":["Guardian:Strike_Guardian"]}],"is_beta":false,"boss_relics":[{"not_picked":["Astrolabe","SacredBark"],"picked":"Guardian:StasisSlotReductionRelic"},{"not_picked":["Tiny House","Runic Dome"],"picked":"Sozu"}],"items_purged_floors":[],"is_endless":false,"potions_floor_spawned":[2,10,15,21,23,26,33,36,44,46,47,49],"ascension_level":5}}