{"host":"4qkvkh7pd9qr2mca","time":1607812678,"event":{"mods":["AchievementEnabler","BaseMod","Colored Map","Colored Powertips","Highlight Path","Minty Spire (QoL Compilation)","Permanent Neow","Quick Restart","StSLib","SuperFastMode"],"gold_per_floor":[364,49,49,67,86,86,121,141,141,0,0,15,15,29,29,102,102,113,113,123,138,138,171,189,189,235,248,248,248],"floor_reached":28,"playtime":1180,"items_purged":[],"score":484,"play_id":"5233c9e3-b46e-45de-90c9-8c2b09c7b864","local_time":"20201212233758","is_ascension_mode":true,"campfire_choices":[{"data":"Neutralize","floor":6,"key":"SMITH"},{"floor":13,"key":"REST"},{"data":"Dash","floor":15,"key":"SMITH"},{"floor":25,"key":"REST"}],"circlet_count":0,"master_deck":["AscendersBane","Strike_G","Defend_G","Defend_G","Defend_G","Defend_G","Defend_G","Survivor","Neutralize+1","Poisoned Stab","Blade Dance+1","Dash+1","Dodge and Roll+1","PiercingWail+1","Cloak And Dagger+1","Footwork+1","Prepared+1","Noxious Fumes+1","Adrenaline+1","Noxious Fumes+1","Phantasmal Killer+1","Endless Agony+1","Blade Dance+1","Deflect+1","Ghostly+1","Ghostly+1","Ghostly+1","Adrenaline+1"],"relics":["Ring of the Snake","Toxic Egg 2","Frozen Egg 2","Molten Egg 2","Centennial Puzzle","Empty Cage","Oddly Smooth Stone","Strawberry"],"acts_visited":["Exordium","TheCity"],"potions_floor_usage":[7,8,20,21,24],"damage_taken":[{"damage":1,"enemies":"Jaw Worm","floor":1,"turns":4},{"damage":0,"enemies":"Small Slimes","floor":4,"turns":2},{"damage":0,"enemies":"Cultist","floor":5,"turns":4},{"damage":19,"enemies":"Lagavulin","floor":7,"turns":7},{"damage":0,"enemies":"Lots of Slimes","floor":8,"turns":7},{"damage":0,"enemies":"Looter","floor":12,"turns":4},{"damage":1,"enemies":"Large Slime","floor":14,"turns":6},{"damage":5,"enemies":"The Guardian","floor":16,"turns":13},{"damage":1,"enemies":"Shell Parasite","floor":18,"turns":6},{"damage":0,"enemies":"2 Thieves","floor":20,"turns":4},{"damage":14,"enemies":"3 Cultists","floor":21,"turns":5},{"damage":8,"enemies":"Slavers","floor":23,"turns":6},{"damage":10,"enemies":"Snecko","floor":24,"turns":7},{"damage":0,"enemies":"Centurion and Healer","floor":27,"turns":5},{"damage":35,"enemies":"Gremlin Leader","floor":28,"turns":4}],"seed_played":"5210516037500032566","potions_obtained":[{"floor":4,"key":"Poison Potion"},{"floor":5,"key":"GamblersBrew"},{"floor":8,"key":"Strength Potion"},{"floor":14,"key":"Explosive Potion"},{"floor":18,"key":"Fruit Juice"},{"floor":20,"key":"Weak Potion"}],"is_trial":false,"path_per_floor":["M","$","?","M","M","R","E","M","T","$","?","M","R","M","R","B",null,"M","?","M","M","?","E","M","R","T","M","E"],"character_chosen":"THE_SILENT","items_purchased":["Toxic Egg 2","Blade Dance+1","Footwork+1","Prepared+1"],"campfire_rested":2,"item_purchase_floors":[2,2,10,10],"current_hp_per_floor":[43,43,43,43,43,43,24,24,24,24,24,24,43,42,42,37,59,58,58,63,49,35,27,17,27,34,34,0,0],"gold":248,"neow_bonus":"TWO_FIFTY_GOLD","is_daily":false,"chose_seed":false,"campfire_upgraded":2,"win_rate":0.0,"timestamp":1607812678,"path_taken":["M","$","?","M","M","R","E","M","T","$","?","?","R","?","R","BOSS","M","?","M","M","?","E","M","R","T","M","E"],"items_purchased_type":["Relic","Card","Card","Card"],"build_version":"2020-11-30","purchased_purges":0,"victory":false,"max_hp_per_floor":[66,66,66,66,66,66,66,66,66,66,66,66,66,66,66,66,66,66,66,71,71,35,35,35,35,42,42,42,42],"card_choices":[{"not_picked":["Deflect","Eviscerate"],"picked":"Poisoned Stab","floor":1},{"not_picked":["Acrobatics+1","Setup+1"],"picked":"Dash","floor":4},{"not_picked":["Reflex+1","Expertise+1"],"picked":"Dodge and Roll+1","floor":5},{"not_picked":["Dash","Expertise+1"],"picked":"PiercingWail+1","floor":7},{"not_picked":["Bane","PiercingWail+1"],"picked":"Cloak And Dagger+1","floor":8},{"not_picked":["Crippling Poison+1","Prepared+1"],"picked":"Noxious Fumes+1","floor":12},{"not_picked":["Sucker Punch+1","Prepared+1","Outmaneuver+1"],"picked":"SKIP","floor":14},{"not_picked":["Tools of the Trade+1","Unload+1"],"picked":"Adrenaline+1","floor":16},{"not_picked":["Quick Slash+1","Outmaneuver+1"],"picked":"Noxious Fumes+1","floor":18},{"not_picked":["Flechettes+1","Masterful Stab+1"],"picked":"Blade Dance+1","floor":20},{"not_picked":["Expertise+1","Dodge and Roll+1"],"picked":"Deflect+1","floor":21},{"not_picked":["Noxious Fumes+1","Cloak And Dagger+1"],"picked":"Adrenaline+1","floor":23},{"not_picked":["Reflex+1","PiercingWail+1","Sucker Punch+1"],"picked":"SKIP","floor":24},{"not_picked":["Dodge and Roll+1","PiercingWail+1","Slice+1"],"picked":"SKIP","floor":27}],"player_experience":306572,"relics_obtained":[{"floor":7,"key":"Frozen Egg 2"},{"floor":9,"key":"Molten Egg 2"},{"floor":23,"key":"Oddly Smooth Stone"},{"floor":26,"key":"Strawberry"}],"event_choices":[{"damage_healed":0,"gold_gain":0,"player_choice":"Ignored","damage_taken":0,"max_hp_gain":0,"max_hp_loss":0,"event_name":"Shining Light","floor":3,"gold_loss":0},{"damage_healed":0,"gold_gain":0,"player_choice":"Gave Potion","damage_taken":0,"relics_obtained":["Centennial Puzzle"],"max_hp_gain":0,"max_hp_loss":0,"event_name":"WeMeetAgain","floor":11,"gold_loss":0},{"damage_healed":0,"gold_gain":0,"cards_transformed":["Strike_G","Strike_G"],"player_choice":"Became Test Subject","damage_taken":0,"max_hp_gain":0,"max_hp_loss":0,"event_name":"Drug Dealer","floor":19,"gold_loss":0,"cards_obtained":["Phantasmal Killer","Endless Agony"]},{"damage_healed":0,"gold_gain":0,"player_choice":"Became a Ghost","damage_taken":0,"max_hp_gain":0,"max_hp_loss":36,"event_name":"Ghosts","floor":22,"gold_loss":0,"cards_obtained":["Ghostly","Ghostly","Ghostly"]}],"is_beta":false,"boss_relics":[{"not_picked":["Coffee Dripper","Black Star"],"picked":"Empty Cage"}],"items_purged_floors":[],"is_endless":false,"potions_floor_spawned":[4,5,8,14,18,20],"killed_by":"Gremlin Leader","ascension_level":20}}