{"host":"mytek2nu1hrzdnew","time":1607781901,"event":{"mods":["Aspiration","BaseMod","Conspire","GifTheSpireLib","Gold Saver","Hubris","Infinite Spire","Minty Spire (QoL Compilation)","Replay The Spire","StSLib","Stuff the Spire","The Animator"],"gold_per_floor":[590,590,182,197,216,216,243,96,122,122,26,26,55,73,73,172,172,186,11,21,21,38,71,83,46,71,71,90,90,107,117,117,233,333,359,391,391,406,406,406],"floor_reached":39,"playtime":2932,"items_purged":["animator:Strike","animator:Defend","animator:Strike","animator:Strike+1"],"score":453,"play_id":"ef12a160-3252-4973-8de5-4ce4c31e09b6","local_time":"20201212090501","is_ascension_mode":false,"campfire_choices":[{"data":"animator:EmiyaShirou","floor":6.0,"key":"SMITH"},{"data":"animator:Zero","floor":10.0,"key":"SMITH"},{"data":"animator:Cirno","floor":12.0,"key":"SMITH"},{"data":"animator:Arpeggio","floor":15.0,"key":"SMITH"},{"floor":24.0,"key":"REST"},{"floor":27.0,"key":"REST"},{"floor":32.0,"key":"REST"}],"circlet_count":0,"master_deck":["animator:Strike_Fate","animator:Defend_Fate","animator:Alexander","animator:Rider","animator:EmiyaShirou+1","animator:Zero+1","animator:ZankiKiguchi+1","animator:Berserker","animator:Arpeggio+1","animator:Berserker","animator:Shuna","animator:Cirno+1","animator:RoyMustang","animator:YaoHaDucy","animator:Ainz+1","animator:MaesHughes","animator:Kaijin+1","animator:Sebas","animator:PinaCoLada","animator:Greed","animator:Benimaru+1","animator:RinTohsaka+1","infinitespire:UltimateForm","animator:Alexander"],"relics":["animator:LivingPicture","animator:TheMissingPiece","Sling","Mango","Blue Doll","Busted Crown","MawBank","Vajra","Replay:Wanted Poster","hubris:RunicObelisk","hubris:HerbalPaste"],"acts_visited":["Exordium","TheCity","TheBeyond"],"potions_floor_usage":[],"damage_taken":[{"damage":0.0,"enemies":"Cultist","floor":1.0,"turns":4.0},{"damage":0.0,"enemies":"Jaw Worm","floor":4.0,"turns":4.0},{"damage":0.0,"enemies":"2 Louse","floor":5.0,"turns":3.0},{"damage":20.0,"enemies":"Lagavulin","floor":7.0,"turns":6.0},{"damage":5.0,"enemies":"Exordium Thugs","floor":13.0,"turns":7.0},{"damage":4.0,"enemies":"3 Louse","floor":14.0,"turns":2.0},{"damage":45.0,"enemies":"Hexaghost","floor":16.0,"turns":7.0},{"damage":14.0,"enemies":"2 Thieves","floor":18.0,"turns":4.0},{"damage":22.0,"enemies":"3 Byrds","floor":20.0,"turns":3.0},{"damage":34.0,"enemies":"Snake Plant","floor":22.0,"turns":3.0},{"damage":0.0,"enemies":"Gremlin Leader","floor":23.0,"turns":4.0},{"damage":2.0,"enemies":"Cultist and Chosen","floor":28.0,"turns":4.0},{"damage":15.0,"enemies":"Shelled Parasite and Fungi","floor":30.0,"turns":5.0},{"damage":11.0,"enemies":"Centurion and Healer","floor":31.0,"turns":4.0},{"damage":39.0,"enemies":"Automaton","floor":33.0,"turns":8.0},{"damage":11.0,"enemies":"3 Darklings","floor":35.0,"turns":4.0},{"damage":28,"enemies":"Orb Walker","floor":36,"turns":4},{"damage":42,"enemies":"Jaw Worm Horde","floor":38,"turns":4},{"damage":15,"enemies":"Maw","floor":39,"turns":2}],"seed_played":"7655502748234442057","potions_obtained":[{"floor":4.0,"key":"FearPotion"},{"floor":16.0,"key":"Weak Potion"},{"floor":18.0,"key":"PowerPotion"},{"floor":23.0,"key":"Fire Potion"},{"floor":31.0,"key":"Adrenaline Potion"}],"is_trial":false,"path_per_floor":["M","?","$","M","M","R","E","$","T","R","$","R","M","M","R","B",null,"M","$","M","?","M","E","R","$","T","R","M","?","M","M","R","B",null,"M","M","AVR","M","M"],"character_chosen":"THE_ANIMATOR","items_purchased":["animator:EmiyaShirou","animator:Zero","Sling","animator:ZankiKiguchi+1","animator:Shuna","animator:Cirno","animator:Kaijin+1","PowerPotion"],"campfire_rested":3,"item_purchase_floors":[3,3,3,3,8,11,19,25],"current_hp_per_floor":[66,66,66,67,67,67,61,61,61,61,61,61,56,52,52,7,81,68,68,46,46,12,12,36,36,36,60,58,58,43,32,56,17,82,71,43,43,7,0,0],"gold":406,"neow_bonus":"REMOVE_CARD","is_daily":false,"chose_seed":false,"campfire_upgraded":4,"win_rate":0.0,"timestamp":1607781901,"path_taken":["M","?","$","M","M","R","E","?","T","R","?","R","?","M","R","BOSS","M","$","M","?","M","E","R","?","T","R","M","?","M","M","R","BOSS","M","?","AVR","M","M"],"items_purchased_type":["Card","Card","Relic","Card","Card","Card","Card","Potion"],"build_version":"2020-11-30","purchased_purges":4,"victory":false,"max_hp_per_floor":[66,66,66,67,67,67,81,81,81,81,81,81,81,81,81,81,81,82,82,82,82,82,82,82,82,82,82,82,82,82,82,82,82,82,82,82,82,82,82,82],"card_choices":[{"not_picked":["animator:Evileye","animator:Shion"],"picked":"animator:Illya","floor":1.0},{"not_picked":["animator:SakuraMatou","animator:Kaijin"],"picked":"animator:Berserker","floor":4.0},{"not_picked":["animator:RoryMercury","animator:Jibril"],"picked":"animator:Arpeggio","floor":5.0},{"not_picked":["animator:Assassin","animator:RinTohsaka"],"picked":"animator:Berserker","floor":7.0},{"not_picked":["animator:DolaStephanie","animator:Hitei"],"picked":"animator:RoyMustang","floor":13.0},{"not_picked":["animator:ElricEdward","animator:Demiurge"],"picked":"animator:YaoHaDucy","floor":14.0},{"not_picked":["animator:Father","animator:Shizu"],"picked":"animator:Ainz","floor":16.0},{"not_picked":[],"picked":"animator:MaesHughes","floor":18.0},{"not_picked":["animator:UneriGinkaku"],"picked":"SKIP","floor":22.0},{"not_picked":["animator:Gluttony"],"picked":"SKIP","floor":23.0},{"not_picked":["animator:UneriGinkaku"],"picked":"SKIP","floor":28.0},{"not_picked":[],"picked":"animator:Sebas","floor":30.0},{"not_picked":[],"picked":"animator:PinaCoLada","floor":31.0},{"not_picked":[],"picked":"animator:Greed","floor":33.0},{"not_picked":[],"picked":"animator:Benimaru+1","floor":35},{"not_picked":[],"picked":"animator:RinTohsaka+1","floor":36},{"not_picked":[],"picked":"animator:Alexander","floor":38}],"player_experience":1083698,"relics_obtained":[{"floor":7.0,"key":"Mango"},{"floor":9.0,"key":"Blue Doll"},{"floor":23.0,"key":"MawBank"},{"floor":26.0,"key":"Vajra"}],"event_choices":[{"cards_removed":["animator:Illya"],"damage_healed":5.0,"max_hp_gain":0.0,"max_hp_loss":0.0,"gold_gain":0.0,"event_name":"Bonfire Elementals","player_choice":"Offered Common","floor":2.0,"gold_loss":0.0,"damage_taken":0.0},{"cards_removed":["animator:Illya"],"damage_healed":5.0,"max_hp_gain":0.0,"max_hp_loss":0.0,"gold_gain":0.0,"event_name":"Bonfire Elementals","player_choice":"Offered Special","floor":2.0,"gold_loss":0.0,"damage_taken":0.0},{"damage_healed":0.0,"max_hp_gain":0.0,"max_hp_loss":0.0,"gold_gain":0.0,"event_name":"Accursed Blacksmith","player_choice":"Forge","floor":21.0,"gold_loss":0.0,"damage_taken":0.0,"cards_upgraded":["animator:Ainz"]},{"cards_removed":["animator:Defend"],"damage_healed":0.0,"max_hp_gain":0.0,"max_hp_loss":0.0,"gold_gain":0.0,"event_name":"Purifier","player_choice":"Purged","floor":29.0,"gold_loss":0.0,"damage_taken":0.0}],"is_beta":false,"boss_relics":[{"not_picked":["Cursed Key","ReplayTheSpireMod:DimensionalGlitch"],"picked":"Busted Crown"},{"not_picked":["aspiration:SilentSkillbook","Abe\u0027s Treasure"],"picked":"Replay:Wanted Poster"}],"items_purged_floors":[3,8,19,37],"is_endless":false,"potions_floor_spawned":[1,4,16,18,23,30,31,33],"killed_by":"Maw","ascension_level":0}}