{"host":"uvd23xk3ig6bv7xx","time":1607748314,"event":{"mods":["BaseMod","BetterRewards","Googly Eyes","Minty Spire (QoL Compilation)","Shop Mod","StSLib"],"gold_per_floor":[111,111,111,186,186,186,214,214,237,237,257,257,270,301,301,405,405,416,435,453,472,472,472,485,485,512,232,260,260,260,359,359,463,463,478,478,489,502,522,522,535,535,588,600,600,600,630,119,119,119,119,119,19,52,52,52],"floor_reached":55,"playtime":3560,"items_purged":["Strike_P","Strike_P","Strike_P"],"score":723,"play_id":"c9bb848a-62ed-4772-8a75-4d61a6af3956","local_time":"20201212124514","is_ascension_mode":false,"campfire_choices":[{"data":"Eruption","floor":6.0,"key":"SMITH"},{"data":"BattleHymn","floor":8.0,"key":"SMITH"},{"data":"Brilliance","floor":10.0,"key":"SMITH"},{"floor":12.0,"key":"RECALL"},{"data":"Vigilance","floor":15.0,"key":"SMITH"},{"data":"Study","floor":23.0,"key":"SMITH"},{"data":"ConjureBlade","floor":30.0,"key":"SMITH"},{"floor":32.0,"key":"REST"},{"data":"Omniscience","floor":40.0,"key":"SMITH"},{"data":"DeusExMachina","floor":42.0,"key":"SMITH"},{"data":"InnerPeace","floor":49.0,"key":"SMITH"},{"data":"ReachHeaven","floor":52.0,"key":"SMITH"}],"circlet_count":0,"master_deck":["Defend_P","Defend_P","Defend_P+1","Defend_P+1","Eruption+1","Vigilance+1","BattleHymn+1","Brilliance+1","ReachHeaven+1","ConjureBlade+1","InnerPeace+1","Study+1","BowlingBash+1","DevaForm+1","DeusExMachina+1","Halt+1","Omniscience+1","Halt+1","Collect+1","Parasite","Study+1","Evaluate+1","Crescendo"],"relics":["PureWater","NeowsBlessing","Smiling Mask","Mercury Hourglass","War Paint","Ice Cream","SlaversCollar","Juzu Bracelet","Centennial Puzzle","MutagenicStrength","Coffee Dripper","PreservedInsect","Vajra","Orichalcum","Strawberry","Medical Kit","Letter Opener"],"acts_visited":["Exordium","TheCity","TheBeyond","TheEnding"],"potions_floor_usage":[55,55],"damage_taken":[{"damage":0.0,"enemies":"2 Louse","floor":1.0,"turns":1.0},{"damage":0.0,"enemies":"3 Sentries","floor":7.0,"turns":2.0},{"damage":0.0,"enemies":"Small Slimes","floor":11.0,"turns":1.0},{"damage":0.0,"enemies":"Cultist","floor":13.0,"turns":2.0},{"damage":8.0,"enemies":"Gremlin Nob","floor":14.0,"turns":3.0},{"damage":19.0,"enemies":"Hexaghost","floor":16.0,"turns":7.0},{"damage":2.0,"enemies":"Chosen","floor":18.0,"turns":4.0},{"damage":3.0,"enemies":"3 Byrds","floor":19.0,"turns":3.0},{"damage":2.0,"enemies":"Snecko","floor":20.0,"turns":5.0},{"damage":0.0,"enemies":"Centurion and Healer","floor":21.0,"turns":4.0},{"damage":12.0,"enemies":"3 Cultists","floor":24.0,"turns":3.0},{"damage":39.0,"enemies":"Book of Stabbing","floor":28.0,"turns":5.0},{"damage":13.0,"enemies":"Collector","floor":33.0,"turns":4.0},{"damage":12.0,"enemies":"3 Darklings","floor":35.0,"turns":3.0},{"damage":10.0,"enemies":"3 Shapes","floor":37.0,"turns":4.0},{"damage":23.0,"enemies":"Writhing Mass","floor":38.0,"turns":6.0},{"damage":23.0,"enemies":"Jaw Worm Horde","floor":39.0,"turns":3.0},{"damage":0.0,"enemies":"Maw","floor":41.0,"turns":7.0},{"damage":0.0,"enemies":"Writhing Mass","floor":44.0,"turns":5.0},{"damage":0.0,"enemies":"Giant Head","floor":47.0,"turns":4.0},{"damage":32.0,"enemies":"Donu and Deca","floor":50.0,"turns":5.0},{"damage":40.0,"enemies":"Shield and Spear","floor":54.0,"turns":4.0},{"damage":126,"enemies":"The Heart","floor":55,"turns":2}],"seed_played":"-8023569989131902619","potions_obtained":[{"floor":7.0,"key":"Fire Potion"},{"floor":11.0,"key":"StancePotion"},{"floor":13.0,"key":"PowerPotion"},{"floor":18.0,"key":"PowerPotion"},{"floor":28.0,"key":"Energy Potion"},{"floor":37.0,"key":"LiquidMemories"},{"floor":38.0,"key":"SneckoOil"},{"floor":39.0,"key":"Dexterity Potion"},{"floor":41.0,"key":"Explosive Potion"}],"is_trial":false,"path_per_floor":["M","?","?","?","?","R","E","R","T","R","M","R","M","E","R","B",null,"M","M","M","M","?","R","M","?","T","$","E","?","R","?","R","B",null,"M","?","M","M","M","R","M","R","T","M","?","?","E","$","R","B",null,"R","$","E","B"],"character_chosen":"WATCHER","items_purchased":["DeusExMachina","Juzu Bracelet","Orichalcum","Strawberry","Medical Kit","SkillPotion"],"campfire_rested":1,"item_purchase_floors":[27,27,48,48,48,53],"current_hp_per_floor":[72,72,72,61,61,61,61,61,61,61,61,61,61,53,53,34,72,70,67,65,65,65,65,53,53,53,53,14,14,14,14,35,22,72,60,60,50,27,4,4,4,4,4,4,63,60,60,67,67,35,67,67,67,27,0,0],"gold":52,"neow_bonus":"THREE_ENEMY_KILL","is_daily":false,"chose_seed":false,"campfire_upgraded":10,"win_rate":0.0,"timestamp":1607748314,"path_taken":["M","?","?","?","?","R","E","R","T","R","M","R","M","E","R","BOSS","M","M","M","?","?","R","M","?","T","$","E","?","R","?","R","BOSS","M","?","M","M","M","R","M","R","T","M","?","?","E","$","R","BOSS","R","$","E","BOSS"],"items_purchased_type":["Card","Relic","Relic","Relic","Relic","Potion"],"build_version":"2020-11-30","purchased_purges":3,"victory":false,"max_hp_per_floor":[72,72,72,72,72,72,72,72,72,72,72,72,72,72,72,72,72,72,72,72,72,72,72,72,72,72,72,72,72,72,72,72,72,72,72,72,72,72,72,72,72,72,72,72,63,60,60,67,67,67,67,67,67,67,67,67],"card_choices":[{"not_picked":["SashWhip","FlurryOfBlows"],"picked":"BattleHymn","floor":1.0},{"not_picked":["WreathOfFlame","PathToVictory"],"picked":"Brilliance","floor":7.0},{"not_picked":["DeceiveReality","CarveReality","CrushJoints"],"picked":"SKIP","floor":11.0},{"not_picked":["Wallop","FearNoEvil"],"picked":"ReachHeaven","floor":13.0},{"not_picked":["CutThroughFate","TalkToTheHand","Fasting2"],"picked":"SKIP","floor":14.0},{"not_picked":["LessonLearned","Scrawl"],"picked":"ConjureBlade","floor":16.0},{"not_picked":["FlurryOfBlows","Halt"],"picked":"InnerPeace","floor":18.0},{"not_picked":["ReachHeaven","WaveOfTheHand"],"picked":"Study","floor":19.0},{"not_picked":["Nirvana","JustLucky","InnerPeace"],"picked":"SKIP","floor":20.0},{"not_picked":["CrushJoints","DeceiveReality"],"picked":"BowlingBash+1","floor":21.0},{"not_picked":["Consecrate","WheelKick+1"],"picked":"DevaForm","floor":24.0},{"not_picked":["ClearTheMind","LikeWater"],"picked":"Halt+1","floor":28.0},{"not_picked":["Ragnarok","Scrawl"],"picked":"Omniscience","floor":33.0},{"not_picked":["JustLucky","TalkToTheHand"],"picked":"Halt+1","floor":35.0},{"not_picked":["ReachHeaven+1","WindmillStrike+1"],"picked":"Collect+1","floor":37.0},{"not_picked":["Collect","CrushJoints+1"],"picked":"Study+1","floor":38.0},{"not_picked":["BowlingBash+1","SandsOfTime+1"],"picked":"Evaluate+1","floor":39.0},{"not_picked":["SashWhip","Perseverance","ConjureBlade"],"picked":"SKIP","floor":41.0},{"not_picked":["ClearTheMind","CrushJoints","JustLucky+1"],"picked":"SKIP","floor":44.0},{"not_picked":["Halt+1","SandsOfTime+1","FollowUp+1"],"picked":"SKIP","floor":47.0},{"not_picked":["PathToVictory","Study+1"],"picked":"Crescendo","floor":54.0}],"player_experience":740832,"relics_obtained":[{"floor":7.0,"key":"Mercury Hourglass"},{"floor":9.0,"key":"War Paint"},{"floor":14.0,"key":"Ice Cream"},{"floor":28.0,"key":"Centennial Puzzle"},{"floor":43.0,"key":"PreservedInsect"},{"floor":47.0,"key":"Vajra"},{"floor":54.0,"key":"Letter Opener"}],"event_choices":[{"damage_healed":0.0,"max_hp_gain":0.0,"max_hp_loss":0.0,"gold_gain":0.0,"event_name":"Big Fish","player_choice":"Box","floor":2.0,"gold_loss":0.0,"damage_taken":0.0,"relics_obtained":["Smiling Mask"],"cards_obtained":["Regret"]},{"cards_removed":["Regret"],"damage_healed":0.0,"max_hp_gain":0.0,"max_hp_loss":0.0,"gold_gain":0.0,"event_name":"Living Wall","player_choice":"Forget","floor":3.0,"gold_loss":0.0,"damage_taken":0.0},{"damage_healed":0.0,"max_hp_gain":0.0,"max_hp_loss":0.0,"gold_gain":75.0,"event_name":"World of Goop","player_choice":"Gather Gold","floor":4.0,"gold_loss":0.0,"damage_taken":11.0},{"cards_removed":["Strike_P"],"damage_healed":0.0,"max_hp_gain":0.0,"max_hp_loss":0.0,"gold_gain":0.0,"event_name":"Bonfire Elementals","player_choice":"Offered Basic","floor":5.0,"gold_loss":0.0,"damage_taken":0.0},{"damage_healed":0.0,"max_hp_gain":0.0,"max_hp_loss":0.0,"gold_gain":0.0,"event_name":"Vampires","player_choice":"Ignored","floor":22.0,"gold_loss":0.0,"damage_taken":0.0},{"damage_healed":0.0,"max_hp_gain":0.0,"max_hp_loss":0.0,"gold_gain":0.0,"event_name":"Accursed Blacksmith","player_choice":"Forge","floor":25.0,"gold_loss":0.0,"damage_taken":0.0,"cards_upgraded":["DevaForm"]},{"damage_healed":0.0,"max_hp_gain":0.0,"max_hp_loss":0.0,"gold_gain":0.0,"event_name":"Drug Dealer","player_choice":"Inject Mutagens","floor":29.0,"gold_loss":0.0,"damage_taken":0.0,"relics_obtained":["MutagenicStrength"]},{"damage_healed":0.0,"max_hp_gain":0.0,"max_hp_loss":0.0,"gold_gain":99.0,"event_name":"Nest","player_choice":"Stole From Cult","floor":31.0,"gold_loss":0.0,"damage_taken":0.0},{"damage_healed":0.0,"max_hp_gain":0.0,"max_hp_loss":0.0,"gold_gain":0.0,"event_name":"Tomb of Lord Red Mask","player_choice":"Ignored","floor":36.0,"gold_loss":0.0,"damage_taken":0.0},{"damage_healed":63.0,"max_hp_gain":0.0,"max_hp_loss":9.0,"gold_gain":0.0,"event_name":"The Moai Head","player_choice":"Heal","floor":45.0,"gold_loss":0.0,"damage_taken":0.0},{"damage_healed":0.0,"max_hp_gain":0.0,"max_hp_loss":3.0,"gold_gain":0.0,"event_name":"Winding Halls","player_choice":"Max HP","floor":46.0,"gold_loss":0.0,"damage_taken":0.0}],"is_beta":false,"boss_relics":[{"not_picked":["Ectoplasm","HolyWater"],"picked":"SlaversCollar"},{"not_picked":["Tiny House","Empty Cage"],"picked":"Coffee Dripper"}],"items_purged_floors":[27,48,53],"is_endless":false,"potions_floor_spawned":[7,11,13,14,18,20,28,37,38,39,41],"killed_by":"The Heart","ascension_level":0}}