{"host":"x0ovlu53kkkog8rv","time":1607775233,"event":{"mods":["BaseMod","Colored Map","Minty Spire (QoL Compilation)","Quick Restart","SuperFastMode"],"gold_per_floor":[215,165,23,23,41,41,58,58,58,58,75,91,91,102,102,207,207,219,231,250,250,261,261,281,29,78,96,111,131,131,131,131,235,235,253,264,203,216,235,235,248,248,274,286,286,286,286,303,303,303,303],"floor_reached":50,"playtime":2782,"items_purged":["Defend_G","Defend_G"],"score":558,"play_id":"75ac994f-a172-4caf-88e7-e7c2c711240b","local_time":"20201212211353","is_ascension_mode":true,"campfire_choices":[{"data":"Infinite Blades","floor":6,"key":"SMITH"},{"data":"Prepared","floor":8,"key":"SMITH"},{"data":"Noxious Fumes","floor":10,"key":"SMITH"},{"floor":15,"key":"REST"},{"data":"Flechettes","floor":23,"key":"SMITH"},{"floor":30,"key":"REST"},{"floor":32,"key":"REST"},{"floor":40,"key":"REST"},{"floor":42,"key":"REST"},{"floor":46,"key":"REST"},{"floor":49,"key":"REST"}],"circlet_count":0,"master_deck":["Strike_G","Defend_G","Defend_G","Survivor","Neutralize","Prepared+1","Infinite Blades+1","Noxious Fumes+1","Riddle With Holes","Reflex","Concentrate","Escape Plan+1","Acrobatics+1","Cloak And Dagger+1","PiercingWail","Accuracy","Backstab","Flechettes+1","Envenom","Necronomicurse","A Thousand Cuts","Eviscerate+1","Acrobatics+1","Adrenaline","Purity"],"relics":["Ring of the Snake","CaptainsWheel","GremlinMask","Astrolabe","Lantern","Strawberry","Necronomicon","SacredBark","Pear","Vajra"],"acts_visited":["Exordium","TheCity","TheBeyond"],"potions_floor_usage":[16,16,24,29,33,33,33,36,39,45],"damage_taken":[{"damage":0,"enemies":"Small Slimes","floor":1,"turns":5},{"damage":1,"enemies":"2 Louse","floor":5,"turns":3},{"damage":0,"enemies":"Cultist","floor":7,"turns":4},{"damage":14,"enemies":"2 Fungi Beasts","floor":11,"turns":3},{"damage":30,"enemies":"Gremlin Gang","floor":12,"turns":4},{"damage":6,"enemies":"Blue Slaver","floor":14,"turns":4},{"damage":37,"enemies":"The Guardian","floor":16,"turns":11},{"damage":0,"enemies":"3 Byrds","floor":18,"turns":4},{"damage":0,"enemies":"Shell Parasite","floor":19,"turns":5},{"damage":23,"enemies":"Snake Plant","floor":20,"turns":5},{"damage":7,"enemies":"Chosen and Byrds","floor":22,"turns":6},{"damage":3,"enemies":"Centurion and Healer","floor":24,"turns":5},{"damage":1,"enemies":"Sentry and Sphere","floor":27,"turns":4},{"damage":20,"enemies":"Snake Plant","floor":28,"turns":4},{"damage":0,"enemies":"3 Cultists","floor":29,"turns":4},{"damage":32,"enemies":"Collector","floor":33,"turns":5},{"damage":57,"enemies":"3 Shapes","floor":35,"turns":4},{"damage":3,"enemies":"Orb Walker","floor":36,"turns":4},{"damage":17,"enemies":"Spire Growth","floor":38,"turns":4},{"damage":0,"enemies":"3 Darklings","floor":39,"turns":3},{"damage":28,"enemies":"4 Shapes","floor":41,"turns":6},{"damage":15,"enemies":"Transient","floor":44,"turns":5},{"damage":0,"enemies":"Sphere and 2 Shapes","floor":45,"turns":1},{"damage":3,"enemies":"Maw","floor":48,"turns":5},{"damage":74,"enemies":"Time Eater","floor":50,"turns":5}],"seed_played":"-7190214358846033266","potions_obtained":[{"floor":1,"key":"Fire Potion"},{"floor":5,"key":"Energy Potion"},{"floor":7,"key":"AttackPotion"},{"floor":16,"key":"Strength Potion"},{"floor":19,"key":"Weak Potion"},{"floor":24,"key":"FearPotion"},{"floor":29,"key":"SkillPotion"},{"floor":35,"key":"SpeedPotion"},{"floor":38,"key":"SkillPotion"},{"floor":41,"key":"SmokeBomb"}],"is_trial":false,"path_per_floor":["M","?","$","?","M","R","M","R","T","R","M","M","?","M","R","B",null,"M","M","M","?","M","R","M","$","T","M","M","M","R","?","R","B",null,"M","M","?","M","M","R","M","R","T","M","M","R","?","M","R","B"],"character_chosen":"THE_SILENT","items_purchased":["Infinite Blades","Lantern"],"campfire_rested":7,"item_purchase_floors":[3,25],"current_hp_per_floor":[70,70,70,70,69,69,69,69,69,69,55,25,25,19,40,3,70,70,70,47,47,40,40,37,37,44,43,23,23,46,30,53,21,77,20,17,27,10,10,36,8,34,34,19,19,45,45,42,68,0,0],"gold":303,"neow_bonus":"HUNDRED_GOLD","is_daily":false,"chose_seed":false,"campfire_upgraded":4,"win_rate":0.0,"timestamp":1607775233,"path_taken":["M","?","$","?","M","R","M","R","T","R","?","M","?","?","R","BOSS","M","M","?","?","M","R","M","$","T","M","?","M","R","?","R","BOSS","M","M","?","M","?","R","M","R","T","M","M","R","?","M","R","BOSS"],"items_purchased_type":["Card","Relic"],"build_version":"2020-11-30","purchased_purges":2,"victory":false,"max_hp_per_floor":[70,70,70,70,70,70,70,70,70,70,70,70,70,70,70,70,70,70,70,70,70,70,70,70,70,77,77,77,77,77,77,77,77,77,77,77,87,87,87,87,87,87,87,87,87,87,87,87,87,87,87],"card_choices":[{"not_picked":["Distraction","Footwork"],"picked":"Prepared","floor":1},{"not_picked":["Cloak And Dagger","Dagger Spray"],"picked":"Noxious Fumes","floor":5},{"not_picked":["Blade Dance","Cloak And Dagger"],"picked":"Riddle With Holes","floor":7},{"not_picked":["Dodge and Roll","Deflect","Flying Knee"],"picked":"SKIP","floor":11},{"not_picked":["Heel Hook","Dagger Throw"],"picked":"Reflex","floor":12},{"not_picked":["Blade Dance","Riddle With Holes"],"picked":"Concentrate","floor":14},{"not_picked":["Flying Knee","Cloak And Dagger"],"picked":"PiercingWail","floor":18},{"not_picked":["Sucker Punch","Deflect"],"picked":"Accuracy","floor":19},{"not_picked":["Sucker Punch","Underhanded Strike"],"picked":"Backstab","floor":20},{"not_picked":["Predator","Infinite Blades"],"picked":"Flechettes","floor":22},{"not_picked":["Outmaneuver","Flying Knee","PiercingWail"],"picked":"SKIP","floor":24},{"not_picked":["Leg Sweep","Poisoned Stab"],"picked":"Envenom","floor":27},{"not_picked":["Masterful Stab","PiercingWail","Accuracy"],"picked":"SKIP","floor":28},{"not_picked":["Heel Hook+1","Slice","Dodge and Roll+1"],"picked":"SKIP","floor":29},{"not_picked":["Envenom","Burst"],"picked":"A Thousand Cuts","floor":33},{"not_picked":["Dodge and Roll","Crippling Poison+1"],"picked":"Eviscerate+1","floor":35},{"not_picked":["Dagger Spray+1","Outmaneuver+1"],"picked":"Acrobatics+1","floor":36},{"not_picked":["Expertise+1","Dash","Setup"],"picked":"SKIP","floor":38},{"not_picked":["Finisher+1","Poisoned Stab"],"picked":"Adrenaline","floor":39},{"not_picked":["Slice+1","Endless Agony+1","Flying Knee"],"picked":"SKIP","floor":41},{"not_picked":["Sucker Punch","Deadly Poison","PiercingWail+1"],"picked":"SKIP","floor":44},{"not_picked":["Magnetism","Panacea"],"picked":"Purity","floor":47},{"not_picked":["Quick Slash","Underhanded Strike+1","Predator"],"picked":"SKIP","floor":48}],"player_experience":168825,"relics_obtained":[{"floor":9,"key":"CaptainsWheel"},{"floor":26,"key":"Strawberry"},{"floor":31,"key":"Necronomicon"},{"floor":43,"key":"Vajra"}],"event_choices":[{"cards_removed":["Strike_G"],"damage_healed":0,"gold_gain":0,"player_choice":"Card Removal","damage_taken":0,"max_hp_gain":0,"max_hp_loss":0,"event_name":"The Cleric","floor":2,"gold_loss":50},{"cards_removed":["Strike_G"],"damage_healed":0,"gold_gain":0,"player_choice":"Offered Basic","damage_taken":0,"max_hp_gain":0,"max_hp_loss":0,"event_name":"Bonfire Elementals","floor":4,"gold_loss":0},{"damage_healed":0,"gold_gain":0,"player_choice":"Trade","damage_taken":0,"relics_obtained":["GremlinMask"],"max_hp_gain":0,"max_hp_loss":0,"event_name":"FaceTrader","floor":13,"gold_loss":0},{"damage_healed":0,"gold_gain":0,"player_choice":"Bought 0 Potions","damage_taken":0,"max_hp_gain":0,"max_hp_loss":0,"event_name":"The Woman in Blue","floor":21,"gold_loss":0},{"damage_healed":0,"gold_gain":0,"player_choice":"Obtained Book","damage_taken":16,"max_hp_gain":0,"max_hp_loss":0,"event_name":"Cursed Tome","floor":31,"gold_loss":0},{"damage_healed":0,"gold_gain":0,"player_choice":"Paid Gold","damage_taken":0,"relics_obtained":["Pear"],"max_hp_gain":0,"max_hp_loss":0,"event_name":"WeMeetAgain","floor":37,"gold_loss":61},{"damage_healed":0,"gold_gain":0,"player_choice":"Memory 1","damage_taken":0,"max_hp_gain":0,"max_hp_loss":0,"event_name":"SensoryStone","floor":47,"gold_loss":0}],"is_beta":false,"boss_relics":[{"not_picked":["Snecko Eye","Velvet Choker"],"picked":"Astrolabe"},{"not_picked":["Sozu","Philosopher\u0027s Stone"],"picked":"SacredBark"}],"items_purged_floors":[3,25],"is_endless":false,"potions_floor_spawned":[1,5,7,14,16,19,24,29,35,38,41],"killed_by":"Time Eater","ascension_level":4}}