{"host":"raoabm19igg6waea","time":1607800634,"event":{"mods":["AchievementEnabler","BaseMod","Beaked The Cultist","Challenge The Spire","Clawfect","Colored Powertips","Conspire","Duelist Mod","EXCEPTION","Friendly Minions","GifTheSpireLib","Glutton Mod","Highlight Path","Hubris","Infinite Spire","Minty Spire (QoL Compilation)","READ ME - Snecko Mod","Replay The Spire","StSLib","The Construct","The Cursed","The Disciple","The Jungle","The Mystic","The Necromancer","The Poker Player","slay the spire mod where everything is the same but ironclad has a cowboy hat","vexMod"],"gold_per_floor":[10,10,61,75,75,75,89,89,89,89,166,166,180,180,180,284,950,965,1065,1076,1076,1095,1122,1122,1135,1135,1135,1135,1145,1145,1162,1162,1260,1260,1275,1293,1268,1287,779,806,806,834,834,834,834,834,847,847,847,862,862,862],"floor_reached":53,"playtime":2222,"items_purged":["conspire:GhostlyStrike","Parasite"],"score":1165,"play_id":"5de2ca55-41e5-4ab4-b148-13e1bba79604","local_time":"20201212201714","is_ascension_mode":true,"campfire_choices":[{"floor":6,"key":"REST"},{"floor":8,"key":"REST"},{"data":"Deadly Poison","floor":10,"key":"SMITH"},{"data":"Backflip","floor":12,"key":"SMITH"},{"data":"Neutralize","floor":15,"key":"SMITH"},{"data":"Catalyst","floor":24,"key":"SMITH"},{"floor":28,"key":"REST"},{"data":"Corpse Explosion","floor":30,"key":"SMITH"},{"data":"Survivor","floor":32,"key":"SMITH"},{"floor":41,"key":"REST"},{"floor":46,"key":"REST"}],"circlet_count":0,"master_deck":["conspire:GhostlyStrike","conspire:GhostlyStrike+1","conspire:GhostlyStrike","conspire:GhostlyDefend","conspire:GhostlyDefend","conspire:GhostlyDefend","conspire:GhostlyDefend","Survivor+1","Neutralize+1","Deadly Poison+1","Backflip+1","Corpse Explosion+1","Catalyst+1","infinitespire:Menacing","Bouncing Flask+1","infinitespire:Neurotoxin"],"relics":["Ring of the Snake","Du-Vu Doll","PreservedInsect","Replay:Ringing Soul","Garlic","vexMod:RockOfEvil","hubris:MedicalManual","Busted Crown","Incense Burner","Juzu Bracelet","vexMod:BigBerry","hubris:AncientText","Happy Flower","Molten Egg 2","Orichalcum","Replay:Bottled Flurry","vexMod:CardConverter"],"acts_visited":["Exordium","TheCity","TheBeyond"],"potions_floor_usage":[20,23,23,31,33],"damage_taken":[{"damage":0.0,"enemies":"2 Louse","floor":1.0,"turns":3.0},{"damage":47,"enemies":"conspire:MimicChest","floor":3,"turns":11},{"damage":0,"enemies":"Small Slimes","floor":4,"turns":5},{"damage":0,"enemies":"Cultist","floor":7,"turns":5},{"damage":1,"enemies":"2 Fungi Beasts","floor":13,"turns":4},{"damage":4,"enemies":"Hexaghost","floor":16,"turns":7},{"damage":6,"enemies":"Spheric Guardian","floor":18,"turns":4},{"damage":22,"enemies":"2 Thieves","floor":20,"turns":4},{"damage":0,"enemies":"Chosen and Byrds","floor":22,"turns":1},{"damage":1,"enemies":"Slavers","floor":23,"turns":2},{"damage":6,"enemies":"Centurion and Healer","floor":25,"turns":4},{"damage":0,"enemies":"Snake Plant","floor":29,"turns":3},{"damage":0,"enemies":"Shelled Parasite and Fungi","floor":31,"turns":3},{"damage":27,"enemies":"conspire:MysteriousRune","floor":33,"turns":7},{"damage":6,"enemies":"3 Darklings","floor":35,"turns":3},{"damage":4,"enemies":"Orb Walker","floor":36,"turns":4},{"damage":4,"enemies":"Writhing Mass","floor":38,"turns":4},{"damage":56,"enemies":"Reptomancer","floor":40,"turns":4},{"damage":24,"enemies":"R_Hoarder","floor":42,"turns":6},{"damage":8,"enemies":"4 Shapes","floor":47,"turns":3},{"damage":22,"enemies":"Spire Growth","floor":50,"turns":4},{"damage":28,"enemies":"infinitespire:MassOfShapes","floor":52,"turns":8}],"seed_played":"-7729472344407991574","potions_obtained":[{"floor":3,"key":"Poison Potion"},{"floor":7,"key":"Swift Potion"},{"floor":16,"key":"Energy Potion"},{"floor":20,"key":"LifebloodPotion"},{"floor":29,"key":"SkillPotion"},{"floor":31,"key":"SteroidPotion"},{"floor":33,"key":"SpeedPotion"},{"floor":36,"key":"LiquidBronze"},{"floor":40,"key":"FearPotion"}],"is_trial":false,"path_per_floor":["M","?","?","M","?","R","M","R","T","R","T","R","M","?","R","B",null,"M","?","M","AVR","M","E","R","M","T","?","R","M","R","M","R","B",null,"M","M","?","M","?","E","R","E","T","PTL","PTL","R","M","T","AVR","M","R","B",null],"character_chosen":"THE_SILENT","items_purchased":[],"campfire_rested":5,"item_purchase_floors":[],"current_hp_per_floor":[63,63,16,16,16,37,37,58,58,58,58,58,57,50,50,49,67,61,61,39,42,45,44,44,38,38,38,61,61,61,61,61,34,98,92,88,88,87,90,34,68,47,47,47,47,82,74,74,74,57,93,65],"gold":862,"neow_bonus":"ONE_RARE_RELIC","is_daily":false,"chose_seed":false,"campfire_upgraded":6,"win_rate":0.0,"timestamp":1607800634,"path_taken":["M","?","?","M","?","R","M","R","T","R","?","R","?","?","R","BOSS","M","?","?","AVR","M","E","R","M","T","?","R","M","R","M","R","BOSS","M","M","?","M","?","E","R","E","T","PTL","PTL","R","M","?","AVR","M","R","BOSS"],"items_purchased_type":[],"build_version":"2020-11-30","purchased_purges":2,"victory":true,"max_hp_per_floor":[70,70,70,70,70,70,70,70,70,70,70,70,70,70,70,73,73,73,73,73,76,79,79,79,79,79,79,79,79,79,79,79,79,109,109,109,109,112,115,115,115,118,118,118,118,118,118,118,115,120,120,120],"card_choices":[{"not_picked":["Draining Mist","Reflex","Blur"],"picked":"SKIP","floor":1.0},{"not_picked":["hubris:SlightOfHand","Prepared"],"picked":"Deadly Poison","floor":3},{"not_picked":["Prepared","hubris:SlightOfHand"],"picked":"Backflip","floor":4},{"not_picked":["Deflect","Terror","Flying Knee"],"picked":"SKIP","floor":7},{"not_picked":["Underhanded Strike","Crippling Poison","Expertise"],"picked":"SKIP","floor":13},{"not_picked":["Bullet Time","Malaise"],"picked":"Corpse Explosion","floor":16},{"not_picked":["Reflex+1","Slice+1","Backflip+1"],"picked":"SKIP","floor":18},{"not_picked":["Backstab","Riddle With Holes","Bane"],"picked":"SKIP","floor":20},{"not_picked":[],"picked":"Catalyst","floor":22},{"not_picked":["Cloak And Dagger"],"picked":"SKIP","floor":23},{"not_picked":["Slice"],"picked":"SKIP","floor":25},{"not_picked":["Choke+1"],"picked":"SKIP","floor":29},{"not_picked":["Outmaneuver"],"picked":"SKIP","floor":31},{"not_picked":["Dodge and Roll+1"],"picked":"SKIP","floor":35},{"not_picked":["Underhanded Strike"],"picked":"SKIP","floor":36},{"not_picked":["Backstab"],"picked":"SKIP","floor":38},{"not_picked":["ReplayTheSpireMod:??????????????????????","infinitespire:Fortify"],"picked":"infinitespire:Menacing","floor":39},{"not_picked":["Blade Dance+1"],"picked":"SKIP","floor":40},{"not_picked":[],"picked":"Bouncing Flask+1","floor":42},{"not_picked":["hubris:SlightOfHand"],"picked":"SKIP","floor":47},{"not_picked":[],"picked":"infinitespire:Neurotoxin","floor":50}],"player_experience":378523,"relics_obtained":[{"floor":3,"key":"PreservedInsect"},{"floor":9,"key":"Replay:Ringing Soul"},{"floor":11,"key":"Garlic"},{"floor":23,"key":"Incense Burner"},{"floor":26,"key":"Juzu Bracelet"},{"floor":40,"key":"Happy Flower"},{"floor":42,"key":"Molten Egg 2"},{"floor":43,"key":"Orichalcum"},{"floor":48,"key":"Replay:Bottled Flurry"}],"event_choices":[{"damage_healed":0.0,"max_hp_gain":0.0,"max_hp_loss":0.0,"gold_gain":0.0,"event_name":"Liars Game","player_choice":"Ignored","floor":2.0,"gold_loss":0.0,"damage_taken":0.0},{"damage_healed":0,"gold_gain":0,"player_choice":"Agree","damage_taken":0,"max_hp_gain":0,"max_hp_loss":0,"event_name":"conspire:LoneGhost","floor":5,"gold_loss":0},{"cards_removed":["conspire:GhostlyStrike"],"damage_healed":0,"gold_gain":0,"player_choice":"Card Removal","damage_taken":7,"max_hp_gain":0,"max_hp_loss":0,"event_name":"Golden Wing","floor":14,"gold_loss":0},{"damage_healed":0,"gold_gain":100,"player_choice":"Pray","damage_taken":0,"max_hp_gain":0,"max_hp_loss":0,"event_name":"Golden Shrine","floor":19,"gold_loss":0},{"cards_removed":["conspire:GhostlyDefend"],"damage_healed":0,"gold_gain":0,"player_choice":"Purged","damage_taken":0,"max_hp_gain":0,"max_hp_loss":0,"event_name":"Purifier","floor":27,"gold_loss":0}],"is_beta":false,"boss_relics":[{"not_picked":["vexMod:ImprovementManual","WristBlade"],"picked":"vexMod:RockOfEvil"},{"not_picked":["Replay:Fungal Core","Fusion Hammer"],"picked":"vexMod:BigBerry"}],"items_purged_floors":[21,49],"is_endless":false,"potions_floor_spawned":[3,7,16,20,29,31,33,36,40],"ascension_level":9}}