{"host":"7l2t4psy44vpcd9q","time":1607772968,"event":{"mods":["AchievementEnabler","BaseMod","DeckTracker","Minty Spire (QoL Compilation)","SuperFastMode"],"gold_per_floor":[116,132,132,57,57,88,88,120,120,120,147,147,163,179,179,256,256,274,274,292,307,49,49,49],"floor_reached":23,"playtime":882,"items_purged":["Defend_B","Strike_B"],"score":445,"play_id":"089aade2-bcd1-45e1-9a19-e1315c680d18","local_time":"20201212203608","is_ascension_mode":true,"campfire_choices":[{"data":"Beam Cell","floor":7,"key":"SMITH"},{"floor":10,"key":"REST"},{"data":"Sunder","floor":12,"key":"SMITH"},{"data":"Defragment","floor":15,"key":"SMITH"}],"circlet_count":0,"master_deck":["AscendersBane","Strike_B","Strike_B","Strike_B+1","Defend_B","Defend_B","Defend_B","Zap+1","Dualcast","Leap+1","Defragment+1","Beam Cell+1","Sunder+1","Reinforced Body","Double Energy","Go for the Eyes","Biased Cognition","Chaos","Redo","Compile Driver"],"relics":["Cracked Core","NeowsBlessing","Meat on the Bone","HornCleat","Kunai","Potion Belt","Coffee Dripper","Centennial Puzzle"],"acts_visited":["Exordium","TheCity"],"potions_floor_usage":[8,16],"damage_taken":[{"damage":0,"enemies":"Cultist","floor":1,"turns":1},{"damage":0,"enemies":"Jaw Worm","floor":2,"turns":1},{"damage":0,"enemies":"Gremlin Nob","floor":6,"turns":1},{"damage":30,"enemies":"3 Sentries","floor":8,"turns":8},{"damage":1,"enemies":"Lagavulin","floor":11,"turns":5},{"damage":1,"enemies":"Small Slimes","floor":13,"turns":3},{"damage":0,"enemies":"Looter","floor":14,"turns":3},{"damage":17,"enemies":"Hexaghost","floor":16,"turns":9},{"damage":22,"enemies":"Spheric Guardian","floor":18,"turns":4},{"damage":17,"enemies":"2 Thieves","floor":20,"turns":4},{"damage":19,"enemies":"Centurion and Healer","floor":21,"turns":7},{"damage":32,"enemies":"Gremlin Leader","floor":23,"turns":5}],"seed_played":"-3919734015827804959","potions_obtained":[{"floor":2,"key":"LiquidMemories"},{"floor":14,"key":"Regen Potion"},{"floor":16,"key":"Ancient Potion"}],"is_trial":false,"path_per_floor":["M","M","?","$","?","E","R","E","T","R","E","R","M","M","R","B",null,"M","?","M","M","$","E"],"character_chosen":"DEFECT","items_purchased":["Centennial Puzzle"],"campfire_rested":1,"item_purchase_floors":[22],"current_hp_per_floor":[64,64,43,43,43,43,43,25,25,46,45,45,44,44,44,42,64,42,42,37,30,30,0,0],"gold":49,"neow_bonus":"THREE_ENEMY_KILL","is_daily":false,"chose_seed":false,"campfire_upgraded":3,"win_rate":0.0,"timestamp":1607772968,"path_taken":["M","?","?","$","?","E","R","E","T","R","E","R","M","M","R","BOSS","M","?","M","M","$","E"],"items_purchased_type":["Relic"],"build_version":"2020-11-30","purchased_purges":2,"victory":false,"max_hp_per_floor":[71,71,71,71,71,71,71,71,71,71,71,71,71,71,71,71,71,71,71,71,71,71,71,71],"card_choices":[{"not_picked":["Steam","Barrage"],"picked":"Leap","floor":1},{"not_picked":["Beam Cell","Hologram"],"picked":"Defragment","floor":2},{"not_picked":["Streamline","Barrage"],"picked":"Beam Cell","floor":6},{"not_picked":["Beam Cell","Genetic Algorithm"],"picked":"Sunder","floor":8},{"not_picked":["Go for the Eyes","Capacitor"],"picked":"Reinforced Body","floor":11},{"not_picked":["Heatsinks","Force Field"],"picked":"Double Energy","floor":13},{"not_picked":["Doom and Gloom","Leap"],"picked":"Go for the Eyes","floor":14},{"not_picked":["Buffer","Electrodynamics"],"picked":"Biased Cognition","floor":16},{"not_picked":["Beam Cell","Hello World"],"picked":"Chaos","floor":18},{"not_picked":["Gash","Go for the Eyes"],"picked":"Redo","floor":20},{"not_picked":["Steam","Ball Lightning"],"picked":"Compile Driver","floor":21}],"player_experience":1087251,"relics_obtained":[{"floor":6,"key":"Meat on the Bone"},{"floor":8,"key":"HornCleat"},{"floor":9,"key":"Kunai"},{"floor":11,"key":"Potion Belt"}],"event_choices":[{"damage_healed":0,"gold_gain":0,"player_choice":"Entered Light","damage_taken":21,"max_hp_gain":0,"max_hp_loss":0,"event_name":"Shining Light","floor":3,"gold_loss":0,"cards_upgraded":["Leap","Strike_B"]},{"damage_healed":0,"gold_gain":0,"player_choice":"Grow","damage_taken":0,"max_hp_gain":0,"max_hp_loss":0,"event_name":"Living Wall","floor":5,"gold_loss":0,"cards_upgraded":["Zap"]},{"damage_healed":0,"gold_gain":0,"player_choice":"Ignored","damage_taken":0,"max_hp_gain":0,"max_hp_loss":0,"event_name":"Vampires","floor":19,"gold_loss":0}],"is_beta":false,"boss_relics":[{"not_picked":["Sozu","Busted Crown"],"picked":"Coffee Dripper"}],"items_purged_floors":[4,22],"is_endless":false,"potions_floor_spawned":[2,14,16],"killed_by":"Gremlin Leader","ascension_level":18}}