{"host":"fi9mvrii4yfj7xtp","time":1607739407,"event":{"mods":["AchievementEnabler","Act Like it!","BaseMod","Better Third Choice","BetterRewards","Friendly Minions","Minty Spire (QoL Compilation)","MostiFishMod","Replay The Spire","Shop Mod","StSLib","The Animator"],"gold_per_floor":[297,325,290,290,323,323,388,427,427,469,498,551,551,588,588,716,716,747,799,799,837,859,922,922,922,597,653,653,653,458,504,504,39,39,160,160,207,207,247,281,281,281,339,339,386,430,485,541,541,616,616,684,684,684,684,77,201,276],"floor_reached":59,"playtime":4336,"items_purged":["animator:Strike","animator:Strike","animator:Defend"],"score":1895,"play_id":"911e6806-b1fa-4f11-a138-f9900b312292","local_time":"20201211181647","is_ascension_mode":true,"campfire_choices":[{"data":"animator:QuestionMark","floor":6,"key":"SMITH"},{"data":"animator:NagisaMomoe","floor":13,"key":"SMITH"},{"floor":32,"key":"REST"},{"data":"animator:TanyaDegurechaff","floor":34,"key":"SMITH"},{"data":"Defragment","floor":42,"key":"SMITH"},{"floor":44,"key":"RECALL"},{"data":"animator:Hibiki","floor":49,"key":"SMITH"},{"data":"animator:DolaSchwi","floor":51,"key":"SMITH"},{"data":"animator:Cirno","floor":54,"key":"SMITH"}],"circlet_count":0,"master_deck":["animator:Strike_Kancolle","animator:Defend_Kancolle","animator:Defend","animator:Defend","animator:Shimakaze","animator:Berserker","animator:QuestionMark+1","animator:DolaSchwi+1","animator:NagisaMomoe+1","animator:MamiTomoe","Defragment+1","MasterReality","animator:NagisaMomoe","animator:Millim+1","animator:Hibiki+1","animator:Cirno+1","animator:Gluttony+1","animator:Archer+1","animator:Rimuru","animator:TanyaDegurechaff+1","animator:MadokaKaname","animator:KyokoSakura","animator:Patchouli+1","animator:SuzuneAmano"],"relics":["animator:LivingPicture","animator:TheMissingPiece","DaveBox","Replay:Bandana","Boot","Replay:Kaleidoscope","FeatherPendant","Question Card","PrismaticShard","Paper Frog","Ancient Tea Set","DaCapo","Juzu Bracelet","ImportantClient","RhineFirstAidKit","Red Mask","Oddly Smooth Stone","MerchantsRug","betterThird:NestCultRelic","Whetstone","Dream Catcher","Replay:Ringing Soul","BirthdayGift-Tetrahedron","Potion Belt","Strawberry","CombinedTypeHook","BrkXgEgg","Sundial","Garlic"],"acts_visited":["Exordium","TheCity","TheBeyond","TheEnding"],"potions_floor_usage":[16,16,16,22,27,31,58,58],"damage_taken":[{"damage":0,"enemies":"Cultist","floor":1,"turns":2},{"damage":0,"enemies":"2 Louse","floor":2,"turns":2},{"damage":0,"enemies":"Jaw Worm","floor":5,"turns":1},{"damage":10,"enemies":"Lagavulin","floor":7,"turns":4},{"damage":4,"enemies":"Red Slaver","floor":8,"turns":2},{"damage":3,"enemies":"3 Sentries","floor":10,"turns":4},{"damage":0,"enemies":"Looter","floor":11,"turns":2},{"damage":2,"enemies":"Lagavulin","floor":12,"turns":3},{"damage":0,"enemies":"Gremlin Gang","floor":14,"turns":2},{"damage":24,"enemies":"Hexaghost","floor":16,"turns":3},{"damage":0,"enemies":"Spheric Guardian","floor":18,"turns":3},{"damage":57,"enemies":"Masked Bandits","floor":19,"turns":4},{"damage":2,"enemies":"Chosen","floor":21,"turns":3},{"damage":9,"enemies":"Snake Plant","floor":22,"turns":3},{"damage":6,"enemies":"animator:HornedBat","floor":23,"turns":9},{"damage":8,"enemies":"3 Cultists","floor":27,"turns":3},{"damage":25,"enemies":"Book of Stabbing","floor":31,"turns":6},{"damage":12,"enemies":"Champ","floor":35,"turns":8},{"damage":0,"enemies":"3 Darklings","floor":37,"turns":1},{"damage":0,"enemies":"Orb Walker","floor":39,"turns":1},{"damage":0,"enemies":"Spire Growth","floor":40,"turns":1},{"damage":0,"enemies":"4 Shapes","floor":43,"turns":2},{"damage":0,"enemies":"Giant Head","floor":46,"turns":1},{"damage":0,"enemies":"3 Darklings","floor":47,"turns":2},{"damage":0,"enemies":"Spire Growth","floor":48,"turns":1},{"damage":0,"enemies":"Reptomancer","floor":50,"turns":2},{"damage":0,"enemies":"Donu and Deca","floor":52,"turns":2},{"damage":0,"enemies":"Shield and Spear","floor":57,"turns":2},{"damage":4,"enemies":"The Heart","floor":58,"turns":3}],"seed_played":"-5817893696796321953","potions_obtained":[{"floor":1,"key":"FearPotion"},{"floor":2,"key":"BlessingOfTheForge"},{"floor":7,"key":"Elixir"},{"floor":11,"key":"EntropicBrew"},{"floor":23,"key":"Energy Potion"},{"floor":27,"key":"SkillPotion"},{"floor":31,"key":"SteroidPotion"},{"floor":48,"key":"Fire Potion"}],"is_trial":false,"path_per_floor":["M","M","?","?","M","R","E","M","T","E","M","E","R","M","R","B",null,"M","?","?","M","M","E","PTL","PTL","$","M","T","?","$","E","R","$","R","B",null,"M","?","M","M","?","R","M","R","T","E","M","M","R","E","R","B",null,"R","??","$","E","B",null],"character_chosen":"THE_ANIMATOR","items_purchased":["Replay:Bandana","Boot","animator:Hibiki","MerchantsRug","Whetstone","Replay:Ringing Soul","animator:Rimuru","animator:TanyaDegurechaff","BrkXgEgg","animator:Patchouli+1","Sundial","Explosive Potion"],"campfire_rested":1,"item_purchase_floors":[0,0,26,26,30,33,33,33,56,56,56,56],"current_hp_per_floor":[35,35,51,51,51,51,41,37,37,34,34,33,33,33,38,14,72,72,15,15,13,72,66,66,66,66,58,58,58,58,33,55,58,58,54,76,79,79,79,79,79,79,79,79,79,90,90,90,90,90,90,90,90,90,90,93,96,96],"gold":276,"neow_bonus":"","is_daily":false,"chose_seed":false,"campfire_upgraded":7,"win_rate":0.0,"timestamp":1607739407,"path_taken":["M","?","?","?","?","R","E","M","T","E","M","E","R","M","R","BOSS","M","?","?","M","M","E","PTL","PTL","$","M","T","?","?","E","R","$","R","BOSS","M","?","M","M","?","R","M","R","T","E","M","M","R","E","R","BOSS","R","??","$","E","BOSS"],"items_purchased_type":["Relic","Relic","Card","Relic","Relic","Relic","Card","Card","Relic","Card","Relic","Potion"],"build_version":"2020-11-30","purchased_purges":3,"victory":true,"max_hp_per_floor":[66,66,66,66,66,66,66,66,66,66,66,67,67,67,72,72,72,72,72,72,72,72,72,72,72,72,72,72,72,72,72,73,76,76,76,76,79,79,79,79,79,79,79,79,79,90,90,90,90,90,90,90,90,90,90,93,96,96],"card_choices":[{"not_picked":["animator:Archer","animator:Demiurge"],"picked":"animator:Berserker","floor":1},{"not_picked":["animator:ElricAlphonse","animator:Rider","animator:Jibril","FollowUp"],"picked":"SKIP","floor":2},{"not_picked":["Bane","animator:Benimaru","Dagger Spray"],"picked":"animator:DolaSchwi","floor":5},{"not_picked":["animator:SuzuneAmano","animator:MamiTomoe","animator:YachiyoNanami"],"picked":"animator:NagisaMomoe","floor":7},{"not_picked":["Steam","animator:ChaikaBohdan","animator:Sloth","animator:Shuna"],"picked":"SKIP","floor":8},{"not_picked":["ReplayTheSpireMod:Uncanny Aura","animator:HiiragiShinya","animator:Shuna","The Bomb"],"picked":"SKIP","floor":10},{"not_picked":["animator:LeleiLaLalena","Combust","Beam Cell","animator:Shuna"],"picked":"SKIP","floor":11},{"not_picked":["animator:SuzuneAmano","animator:YuiTsuruno","animator:Walpurgisnacht"],"picked":"animator:MamiTomoe","floor":12},{"not_picked":["Deadly Poison","Sever Soul","animator:Elsword"],"picked":"Defragment","floor":14},{"not_picked":["MostiFishMod:Overload","Blasphemy","MostiFishMod:ReadyAimFire"],"picked":"MasterReality","floor":16},{"not_picked":["Beam Cell","EmptyMind+1","animator:Vesta","animator:DolaRiku"],"picked":"SKIP","floor":18},{"not_picked":["MostiFishMod:PerfectParry","True Grit","Havoc","Spot Weakness"],"picked":"SKIP","floor":21},{"not_picked":["animator:OrikoMikuni","animator:SuzuneAmano","animator:KyokoSakura"],"picked":"animator:NagisaMomoe","floor":22},{"not_picked":["animator:MamizouFutatsuiwa","Reinforced Body","Ball Lightning+1"],"picked":"animator:Millim","floor":23},{"not_picked":["animator:Hakurou","animator:Mitsuba","Reckless Charge"],"picked":"animator:Cirno","floor":27},{"not_picked":["Clash+1","Sunder","Skim"],"picked":"animator:Gluttony+1","floor":31},{"not_picked":["animator:Entoma","animator:Tatsumaki","Sever Soul+1"],"picked":"animator:Archer+1","floor":32},{"not_picked":["animator:MamiTomoe","animator:YuiTsuruno","animator:OrikoMikuni"],"picked":"animator:MadokaKaname","floor":37},{"not_picked":["animator:Demiurge+1","Redo+1","animator:ShinjiMatou+1","animator:LizardPriest"],"picked":"SKIP","floor":39},{"not_picked":["Bane+1","Seek","Underhanded Strike+1","animator:Benimaru+1"],"picked":"SKIP","floor":40},{"not_picked":["animator:ZankiKiguchi","Hologram","Burning Pact","Sanctity"],"picked":"SKIP","floor":43},{"not_picked":["animator:OrikoMikuni","animator:MamiTomoe","animator:IrohaTamaki"],"picked":"animator:KyokoSakura","floor":46},{"not_picked":["BowlingBash+1","Crippling Poison+1","animator:ZankiKiguchi","ReplayTheSpireMod:LeadingStrike+1"],"picked":"SKIP","floor":47},{"not_picked":["BowlingBash+1","Dual Wield+1","Bane","animator:Kuroyukihime+1"],"picked":"SKIP","floor":48},{"not_picked":["Havoc","animator:MadokaKaname","animator:Add+1","animator:Mikaela"],"picked":"SKIP","floor":50},{"not_picked":["animator:YuiTsuruno","animator:KyokoSakura","animator:MamiTomoe"],"picked":"animator:SuzuneAmano","floor":57}],"player_experience":186876,"relics_obtained":[{"floor":1,"key":"Question Card"},{"floor":1,"key":"PrismaticShard"},{"floor":7,"key":"Paper Frog"},{"floor":9,"key":"Ancient Tea Set"},{"floor":10,"key":"DaCapo"},{"floor":12,"key":"Juzu Bracelet"},{"floor":16,"key":"ImportantClient"},{"floor":19,"key":"Red Mask"},{"floor":23,"key":"Oddly Smooth Stone"},{"floor":31,"key":"Dream Catcher"},{"floor":45,"key":"Potion Belt"},{"floor":46,"key":"Strawberry"},{"floor":50,"key":"CombinedTypeHook"},{"floor":57,"key":"Garlic"}],"event_choices":[{"damage_healed":16,"gold_gain":0,"player_choice":"Healed","damage_taken":0,"max_hp_gain":0,"max_hp_loss":0,"event_name":"The Cleric","floor":3,"gold_loss":35},{"damage_healed":0,"gold_gain":0,"player_choice":"1 cards matched","damage_taken":0,"max_hp_gain":0,"max_hp_loss":0,"event_name":"Match and Keep!","floor":4,"gold_loss":0,"cards_obtained":["animator:QuestionMark"]},{"damage_healed":0,"gold_gain":0,"player_choice":"Donut","damage_taken":0,"max_hp_gain":5,"max_hp_loss":0,"event_name":"Big Fish","floor":15,"gold_loss":0},{"damage_healed":0,"gold_gain":0,"player_choice":"Fought Bandits","damage_taken":0,"max_hp_gain":0,"max_hp_loss":0,"event_name":"Masked Bandits","floor":19,"gold_loss":0},{"damage_healed":0,"gold_gain":0,"player_choice":"Madness","damage_taken":0,"relics_obtained":["betterThird:NestCultRelic"],"max_hp_gain":0,"max_hp_loss":0,"event_name":"betterThird:BetterNest","floor":29,"gold_loss":0},{"damage_healed":0,"gold_gain":0,"player_choice":"Memory 1","damage_taken":0,"max_hp_gain":0,"max_hp_loss":0,"event_name":"SensoryStone","floor":38,"gold_loss":0},{"cards_removed":["animator:Strike"],"damage_healed":0,"gold_gain":0,"player_choice":"Removed Attack","damage_taken":0,"max_hp_gain":0,"max_hp_loss":0,"event_name":"Falling","floor":41,"gold_loss":0}],"is_beta":false,"boss_relics":[{"not_picked":["MetatronsCube","RhineSuit"],"picked":"RhineFirstAidKit"},{"not_picked":["ExusiaiGun","Velvet Choker"],"picked":"BirthdayGift-Tetrahedron"}],"items_purged_floors":[26,30,56],"is_endless":false,"potions_floor_spawned":[1,2,7,11,14,23,27,31,37,40,48],"ascension_level":2}}