{"host":"m6aaltr68g9tvoay","time":1607805398,"event":{"mods":["AchievementEnabler","BaseMod","Colored Map","Minty Spire (QoL Compilation)","StSLib"],"gold_per_floor":[110,121,135,135,145,145,173,173,173,173,190,190,205,17,17,17,17],"floor_reached":16,"playtime":637,"items_purged":[],"score":199,"play_id":"54c5b296-a762-41e7-95c7-9b5f2cd8078f","local_time":"20201212123638","is_ascension_mode":true,"campfire_choices":[{"data":"Distraction","floor":6.0,"key":"SMITH"},{"data":"Accuracy","floor":8,"key":"SMITH"},{"data":"Backflip","floor":10,"key":"SMITH"},{"data":"Dodge and Roll","floor":12,"key":"SMITH"},{"floor":15,"key":"REST"}],"circlet_count":0,"master_deck":["AscendersBane","Strike_G","Strike_G","Strike_G","Strike_G","Defend_G","Defend_G","Defend_G","Defend_G","Defend_G","Survivor","Neutralize","Backstab","Dodge and Roll+1","Distraction+1","Choke","Backflip+1","Accuracy+1","Backstab+1","Backstab+1","Adrenaline"],"relics":["Ring of the Snake","Bag of Preparation","Regal Pillow","Molten Egg 2"],"acts_visited":["Exordium"],"potions_floor_usage":[7],"damage_taken":[{"damage":0.0,"enemies":"Cultist","floor":1.0,"turns":3.0},{"damage":0.0,"enemies":"Small Slimes","floor":2.0,"turns":2.0},{"damage":3.0,"enemies":"Jaw Worm","floor":3.0,"turns":3.0},{"damage":10.0,"enemies":"3 Louse","floor":5.0,"turns":4.0},{"damage":3,"enemies":"Gremlin Nob","floor":7,"turns":3},{"damage":5,"enemies":"Exordium Thugs","floor":11,"turns":6},{"damage":0,"enemies":"Lots of Slimes","floor":13,"turns":5},{"damage":70,"enemies":"The Guardian","floor":16,"turns":18}],"seed_played":"-1171038177699306379","potions_obtained":[{"floor":1.0,"key":"LiquidMemories"},{"floor":2.0,"key":"AttackPotion"}],"is_trial":false,"path_per_floor":["M","M","M","?","M","R","E","R","T","R","M","R","M","$","R","B"],"character_chosen":"THE_SILENT","items_purchased":["Backstab+1","Adrenaline"],"campfire_rested":1,"item_purchase_floors":[14,14],"current_hp_per_floor":[59,59,56,56,46,46,43,43,43,43,38,38,38,38,66,0,0],"gold":17,"neow_bonus":"RANDOM_COMMON_RELIC","is_daily":false,"chose_seed":false,"campfire_upgraded":4,"win_rate":0.0,"timestamp":1607805398,"path_taken":["M","?","M","?","?","R","E","R","T","R","M","R","?","$","R","BOSS"],"items_purchased_type":["Card","Card"],"build_version":"2020-11-30","purchased_purges":0,"victory":false,"max_hp_per_floor":[66,66,66,66,66,66,66,66,66,66,66,66,66,66,66,66,66],"card_choices":[{"not_picked":["Slice","Calculated Gamble"],"picked":"Backstab","floor":1.0},{"not_picked":["Outmaneuver","Deflect"],"picked":"Dodge and Roll","floor":2.0},{"not_picked":["Bane","Dagger Throw"],"picked":"Distraction","floor":3.0},{"not_picked":["Prepared","Eviscerate"],"picked":"Backflip","floor":5.0},{"not_picked":["Catalyst","Deadly Poison"],"picked":"Accuracy","floor":7},{"not_picked":["Underhanded Strike+1","Backflip","Prepared"],"picked":"SKIP","floor":11},{"not_picked":["Flying Knee+1","Poisoned Stab+1"],"picked":"Backstab+1","floor":13}],"player_experience":1225753,"relics_obtained":[{"floor":7,"key":"Regal Pillow"},{"floor":9,"key":"Molten Egg 2"}],"event_choices":[{"damage_healed":0.0,"max_hp_gain":0.0,"max_hp_loss":0.0,"gold_gain":0.0,"cards_transformed":["Strike_G"],"event_name":"Transmorgrifier","player_choice":"Transformed","floor":4.0,"gold_loss":0.0,"damage_taken":0.0,"cards_obtained":["Choke"]}],"is_beta":false,"boss_relics":[],"items_purged_floors":[],"is_endless":false,"potions_floor_spawned":[1,2],"killed_by":"The Guardian","ascension_level":19}}