{"host":"jg07b2bexsgdacfj","time":1607792225,"event":{"mods":["AchievementEnabler","Act Like it!","Aspiration","BaseMod","Better Third Choice","BetterRewards","Block Reminder","Challenge The Spire","Colored Map","Conspire","Downfall","Elementarium","Energized Spire","Friendly Minions","GifTheSpireLib","Gold Saver","Halation","Highlight Path","Hubris","Infinite Spire","Menagerie","Minty Spire (QoL Compilation)","Permanent Neow","Railgun Mod","Remove Card Discount Mod","Replay The Spire","Shop Mod","Spikes Relics","StSLib","Stuff the Spire","Synergy Search","The Animator","The Blackbeard","The Forsaken","The Gatherer","The Necromancer","The Servant 0.9.4","TheHeartMod","TheWitcher","Transform Curses","UnlockEverythingMod","vexMod"],"gold_per_floor":[115,115,45,45,60,93,93,122,122,122,20,34,34,34,34,42,42],"floor_reached":16,"playtime":1936,"items_purged":[],"score":98,"play_id":"31d2b6dd-c558-4fbe-9e06-4b09961fd170","local_time":"20201212175705","is_ascension_mode":false,"campfire_choices":[{"floor":7,"key":"REST"},{"floor":15,"key":"REST"}],"circlet_count":0,"master_deck":["SnafuTest:DefaultCommonAttack","SnafuTest:DefaultCommonAttack","SnafuTest:DefaultCommonAttack","SnafuTest:BountyHunt","SnafuTest:DefaultCommonSkill","SnafuTest:DefaultCommonSkill+1","SnafuTest:DefaultCommonSkill","SnafuTest:SignYrden","SnafuTest:SpellBitingFrost","SnafuTest:BattleCry","Menagerie:Foresee","Menagerie:Languish","SnafuTest:BlueWhale","SnafuTest:FlashingRaid","SnafuTest:OtherWorld","SnafuTest:Meditation","SnafuTest:Kick","SnafuTest:SpellButterflyIllusion","Menagerie:SagesJudgement"],"relics":["SnafuTest:PlaceholderRelic","Golden Idol","hubris:Icosahedron","StuffTheSpire:DarkSteelAnvil"],"acts_visited":["Exordium"],"potions_floor_usage":[5,6,6,16],"damage_taken":[{"damage":3,"enemies":"Menagerie:2_RABBITS","floor":1,"turns":4},{"damage":6,"enemies":"Menagerie:MonstrousExperiment","floor":5,"turns":5},{"damage":28,"enemies":"Menagerie:VoidReaper","floor":6,"turns":9},{"damage":0,"enemies":"Menagerie:WhisperingWraith","floor":8,"turns":4},{"damage":3,"enemies":"Menagerie:MENAGERIE_WILDLIFE","floor":12,"turns":2},{"damage":80,"enemies":"Menagerie:Suneater","floor":16,"turns":6}],"seed_played":"-2285400123757855479","potions_obtained":[{"floor":1,"key":"SkillPotion"},{"floor":5,"key":"Block Potion"},{"floor":6,"key":"AttackPotion"}],"is_trial":false,"path_per_floor":["M","?","?","?","M","E","R","M","T","?","$","M","?","$","R_BF","B"],"character_chosen":"THE_WITCHER","items_purchased":["SnafuTest:Meditation","SnafuTest:Kick"],"campfire_rested":2,"item_purchase_floors":[11,11],"current_hp_per_floor":[72,54,54,54,48,20,42,42,42,37,37,34,29,29,51,0,0],"gold":42,"neow_bonus":"RANDOM_EVENT","is_daily":false,"chose_seed":false,"campfire_upgraded":0,"win_rate":0.0,"timestamp":1607792225,"path_taken":["M","?","?","?","M","E","R","?","T","?","$","M","?","?","R_BF","BOSS"],"items_purchased_type":["Card","Card"],"build_version":"2020-11-30","purchased_purges":0,"victory":false,"max_hp_per_floor":[75,75,75,75,75,75,75,75,75,75,75,75,75,75,75,75,75],"card_choices":[{"not_picked":["SnafuTest:SmashingSlash","SnafuTest:PayHappyHour"],"picked":"SnafuTest:BattleCry","floor":1},{"not_picked":["Menagerie:Dismember","Menagerie:CrumblingSanctuary"],"picked":"Menagerie:Foresee","floor":3},{"not_picked":["Menagerie:RelicOfProgenitus","Menagerie:Skullclamp"],"picked":"Menagerie:Languish","floor":3},{"not_picked":["SnafuTest:GetPaid","SnafuTest:UndefeatedNarcissism"],"picked":"SnafuTest:BlueWhale","floor":5},{"not_picked":["SnafuTest:PowerTrialOfGrasses","SnafuTest:MCMockAndRun"],"picked":"SnafuTest:FlashingRaid","floor":6},{"not_picked":["SnafuTest:PowerMartialMagical","SnafuTest:BombDimeritium"],"picked":"SnafuTest:OtherWorld","floor":8},{"not_picked":["SnafuTest:FeignDeath","SnafuTest:PowerProbingFeint"],"picked":"SnafuTest:SpellButterflyIllusion","floor":12}],"player_experience":284954,"relics_obtained":[{"floor":6,"key":"StuffTheSpire:DarkSteelAnvil"}],"event_choices":[{"damage_healed":0,"gold_gain":0,"player_choice":"Take Damage","damage_taken":18,"relics_obtained":["Golden Idol"],"max_hp_gain":0,"max_hp_loss":0,"event_name":"Golden Idol","floor":2,"gold_loss":0},{"damage_healed":0,"gold_gain":0,"player_choice":"Spells","damage_taken":0,"max_hp_gain":0,"max_hp_loss":0,"event_name":"Menagerie:MagicPeddler","floor":3,"gold_loss":70},{"damage_healed":0,"gold_gain":0,"player_choice":"Accept","damage_taken":0,"max_hp_gain":0,"max_hp_loss":5,"event_name":"Menagerie:HarrowingRitual","floor":10,"gold_loss":0,"cards_upgraded":["SnafuTest:DefaultCommonSkill"]},{"damage_healed":0,"gold_gain":0,"player_choice":"Help the mage","damage_taken":5,"max_hp_gain":0,"max_hp_loss":0,"event_name":"Menagerie:MageAndMonster","floor":13,"gold_loss":0,"cards_obtained":["Menagerie:SagesJudgement"]}],"is_beta":false,"boss_relics":[],"items_purged_floors":[],"is_endless":false,"potions_floor_spawned":[1,5,6],"killed_by":"Menagerie:Suneater","ascension_level":0}}