{"host":"fc287fjuu2jzsb1g","time":1607811738,"event":{"mods":["2.2 Compatiblity","BaseMod","Gremlin Mod","Hermit","Highlight Path","Minty Spire (QoL Compilation)","READ ME - Guardian Mod","StSLib","The Construct","The Disciple","The Hierophant","The Necromancer","The Servant 0.9.4"],"gold_per_floor":[113,125,135,135,155,155,155,194,218,236,257,257,257,301,301,301,301],"floor_reached":16,"playtime":661,"items_purged":[],"score":112,"play_id":"e70cf863-e3ca-45d0-9edb-5ee0f585f397","local_time":"20201212142218","is_ascension_mode":false,"campfire_choices":[{"data":"Bash","floor":6.0,"key":"SMITH"},{"floor":12,"key":"REST"},{"data":"Evolve","floor":15,"key":"SMITH"}],"circlet_count":0,"master_deck":["Strike_R","Strike_R","Strike_R","Strike_R","Defend_R","Defend_R","Defend_R","Defend_R","Bash+1","Evolve+1","Ghostly Armor"],"relics":["Burning Blood","MealTicket","Golden Idol","PreservedInsect","Orichalcum","Strawberry"],"acts_visited":["Exordium"],"potions_floor_usage":[11,14,16,16],"damage_taken":[{"damage":1.0,"enemies":"Jaw Worm","floor":1.0,"turns":3.0},{"damage":1.0,"enemies":"Cultist","floor":2.0,"turns":3.0},{"damage":2.0,"enemies":"Small Slimes","floor":3.0,"turns":5.0},{"damage":13.0,"enemies":"2 Fungi Beasts","floor":5.0,"turns":6.0},{"damage":45.0,"enemies":"Lagavulin","floor":8.0,"turns":7.0},{"damage":6.0,"enemies":"Exordium Wildlife","floor":10.0,"turns":5.0},{"damage":0,"enemies":"3 Louse","floor":11,"turns":5},{"damage":8,"enemies":"Gremlin Nob","floor":14,"turns":4},{"damage":34,"enemies":"Hexaghost","floor":16,"turns":11}],"seed_played":"8769614991732831627","potions_obtained":[{"floor":1.0,"key":"Swift Potion"},{"floor":3.0,"key":"SpeedPotion"},{"floor":11,"key":"EssenceOfSteel"},{"floor":14,"key":"Weak Potion"}],"is_trial":false,"path_per_floor":["M","M","M","?","M","R","?","E","T","M","M","R","?","E","R","B"],"character_chosen":"IRONCLAD","items_purchased":[],"campfire_rested":1,"item_purchase_floors":[],"current_hp_per_floor":[80,80,80,60,53,53,53,14,14,14,20,44,44,49,49,15,15],"gold":301,"neow_bonus":"RANDOM_COMMON_RELIC","is_daily":false,"chose_seed":false,"campfire_upgraded":2,"win_rate":0.0,"timestamp":1607811738,"path_taken":["M","M","M","?","M","R","?","E","T","M","?","R","?","E","R","BOSS"],"items_purchased_type":[],"build_version":"2020-11-30","purchased_purges":0,"victory":false,"max_hp_per_floor":[80,80,80,80,80,80,80,80,80,80,80,80,80,87,87,87,87],"card_choices":[{"not_picked":["Heavy Blade","Clothesline"],"picked":"Evolve","floor":1.0},{"not_picked":["Clothesline","Burning Pact","Perfected Strike"],"picked":"SKIP","floor":2.0},{"not_picked":["Clothesline","Heavy Blade","Clash"],"picked":"SKIP","floor":3.0},{"not_picked":["True Grit","Dropkick","Thunderclap"],"picked":"SKIP","floor":5.0},{"not_picked":["Havoc","Twin Strike","Seeing Red"],"picked":"SKIP","floor":8.0},{"not_picked":["Wild Strike","Perfected Strike","Seeing Red"],"picked":"SKIP","floor":10.0},{"not_picked":["Pummel","Bloodletting"],"picked":"Ghostly Armor","floor":11},{"not_picked":["Iron Wave","Cleave","Thunderclap"],"picked":"SKIP","floor":14}],"player_experience":482175,"relics_obtained":[{"floor":8.0,"key":"PreservedInsect"},{"floor":9.0,"key":"Orichalcum"},{"floor":14,"key":"Strawberry"}],"event_choices":[{"damage_healed":0.0,"max_hp_gain":0.0,"max_hp_loss":0.0,"gold_gain":0.0,"event_name":"Golden Idol","player_choice":"Take Damage","floor":4.0,"gold_loss":0.0,"damage_taken":20.0,"relics_obtained":["Golden Idol"]},{"cards_removed":["Strike_R"],"damage_healed":0.0,"max_hp_gain":0.0,"max_hp_loss":0.0,"gold_gain":0.0,"event_name":"Bonfire Elementals","player_choice":"Offered Basic","floor":7.0,"gold_loss":0.0,"damage_taken":0.0},{"damage_healed":0,"gold_gain":0,"player_choice":"Bought 0 Potions","damage_taken":0,"max_hp_gain":0,"max_hp_loss":0,"event_name":"The Woman in Blue","floor":13,"gold_loss":0}],"is_beta":false,"boss_relics":[],"items_purged_floors":[],"is_endless":false,"potions_floor_spawned":[1,3,11,14],"killed_by":"Hexaghost","ascension_level":0}}