{"host":"ppgxiu8l5yxvf2gn","time":1607763275,"event":{"mods":["BaseMod","Marisa£¨Ùöéë¡¡Øª×âÞÞ£©","Minty Spire (QoL Compilation)","StSLib","Td1madao Mod","The Cursed","WarShipGirlsR/??á´Ò³R mod"],"gold_per_floor":[109,133,149,159,159,194,194,525,576,54,54,83,675,702,702,798,798,817,138,177,177,194,219,219,252,252,252,277,302,302,344,344,466,466,483,483,204,224,224,274,19,71,71,71,105,171,222,267,267,297,297,297,6,71,109],"floor_reached":56,"playtime":3952,"items_purged":["Shame"],"score":1729,"play_id":"7263d9bd-26d9-48ba-aab1-24b72819a6e5","local_time":"20201212175435","is_ascension_mode":true,"campfire_choices":[{"floor":7,"key":"RECALL"},{"data":"rmod:steelsupply","floor":11,"key":"SMITH"},{"data":"rmod:chargemoney","floor":15,"key":"SMITH"},{"data":"rmod:chargemoney","floor":24,"key":"SMITH"},{"data":"rmod:diamondstrike","floor":27,"key":"SMITH"},{"data":"rmod:expedition","floor":30,"key":"SMITH"},{"data":"rmod:basicallowance","floor":32,"key":"SMITH"},{"data":"rmod:seals","floor":49,"key":"SMITH"},{"data":"rmod:expedition+1","floor":52,"key":"SMITH"}],"circlet_count":0,"master_deck":["rmod:strick","rmod:strick+1","rmod:strick","rmod:defend","rmod:defend","rmod:defend+1","rmod:defend","rmod:basicallowance+1","rmod:maingunfire","rmod:robin+1","rmod:robin","rmod:diamondstrike+1","rmod:steelsupply+1","rmod:firesupport","Master of Strategy","Panacea","rmod:aluminumsupply+1","rmod:firesupport","Madness+1","rmod:unsinkable+1","rmod:fuelsupply+1","rmod:spoils+1","rmod:chargemoney+1","rmod:fletcherpendant","rmod:expedition+2","rmod:acesubmarine","rmod:lastglory","rmod:ammunitionsupply+1","rmod:chargemoney+1","rmod:victimresponsibility+1","Swift Strike","rmod:robin+1","rmod:gendarmerie+1","rmod:windflower+1","rmod:openingtorpedo","rmod:diamondstrike+1","rmod:intelligenceanalysis+1","rmod:supportaircraftcarrier+1","rmod:overbreakdown+1","rmod:seals+1","rmod:combined+1","Madness+1","Madness+1","Discovery+1","rmod:ammunitionsupply+1","rmod:expedition+1","Transmutation+1","Flash of Steel+1","Swift Strike+1","rmod:advancebysurprise+1","rmod:victimresponsibility+1","rmod:overbreakdown+1","Parasite","Normality","rmod:fuelsupply+1","rmod:expedition+1","rmod:fuelsupply+1","rmod:tearstotiara+1","rmod:lastglory+1","rmod:luckystar+1"],"relics":["rmod:firstchargereward","Strawberry","Meat on the Bone","Old Coin","MawBank","Toxic Egg 2","MealTicket","InkBottle","Bag of Preparation","Orrery","Cursed Key","Question Card","HornCleat","Pantograph","Pen Nib","Molten Egg 2","Mango","Boot","Busted Crown","ClockworkSouvenir","Happy Flower","Medical Kit","Thread and Needle","Pocketwatch","Juzu Bracelet","rmod:extraamm","Smiling Mask","Toolbox","War Paint"],"acts_visited":["Exordium","TheCity","TheBeyond","TheEnding"],"potions_floor_usage":[],"damage_taken":[{"damage":0,"enemies":"Cultist","floor":1,"turns":3},{"damage":12,"enemies":"Jaw Worm","floor":3,"turns":2},{"damage":0,"enemies":"Small Slimes","floor":4,"turns":2},{"damage":18,"enemies":"Gremlin Nob","floor":6,"turns":3},{"damage":11,"enemies":"3 Sentries","floor":8,"turns":5},{"damage":0,"enemies":"Gremlin Nob","floor":12,"turns":2},{"damage":22,"enemies":"Blue Slaver","floor":14,"turns":4},{"damage":40,"enemies":"The Guardian","floor":16,"turns":7},{"damage":24,"enemies":"3 Byrds","floor":18,"turns":5},{"damage":16,"enemies":"Shell Parasite","floor":20,"turns":5},{"damage":4,"enemies":"Snecko","floor":22,"turns":3},{"damage":15,"enemies":"Book of Stabbing","floor":23,"turns":5},{"damage":9,"enemies":"Slavers","floor":25,"turns":3},{"damage":23,"enemies":"Centurion and Healer","floor":28,"turns":5},{"damage":15,"enemies":"Gremlin Leader","floor":29,"turns":2},{"damage":52,"enemies":"Book of Stabbing","floor":31,"turns":5},{"damage":28,"enemies":"Champ","floor":33,"turns":7},{"damage":0,"enemies":"3 Darklings","floor":35,"turns":3},{"damage":0,"enemies":"Orb Walker","floor":38,"turns":3},{"damage":28,"enemies":"Reptomancer","floor":40,"turns":7},{"damage":0,"enemies":"Giant Head","floor":42,"turns":4},{"damage":88,"enemies":"Transient","floor":45,"turns":5},{"damage":86,"enemies":"Reptomancer","floor":46,"turns":9},{"damage":15,"enemies":"Jaw Worm Horde","floor":47,"turns":6},{"damage":9,"enemies":"Giant Head","floor":48,"turns":4},{"damage":99,"enemies":"Time Eater","floor":50,"turns":10},{"damage":52,"enemies":"Shield and Spear","floor":54,"turns":5},{"damage":130,"enemies":"The Heart","floor":55,"turns":9}],"seed_played":"-6807997803256877832","potions_obtained":[{"floor":1,"key":"Block Potion"},{"floor":4,"key":"LiquidMemories"},{"floor":8,"key":"EntropicBrew"},{"floor":12,"key":"SkillPotion"}],"is_trial":false,"path_per_floor":["M","T","M","M","?","E","R","E","T","$","R","E","$","M","R","B",null,"M","$","M","?","M","E","R","E","T","R","M","E","R","E","R","B",null,"M","?","$","M","?","E","$","E","T","T","M","E","M","E","R","B",null,"R","$","E","B",null],"character_chosen":"PRAEFECT","items_purchased":["Master of Strategy","Panacea","Toxic Egg 2","rmod:firesupport","InkBottle","Bag of Preparation","Madness+1","rmod:unsinkable+1","Orrery","rmod:chargemoney","rmod:victimresponsibility+1","Swift Strike","Question Card","HornCleat","ClockworkSouvenir","Discovery+1","rmod:ammunitionsupply+1","Medical Kit","rmod:victimresponsibility+1","Toolbox","rmod:lastglory+1"],"campfire_rested":0,"item_purchase_floors":[10,10,10,13,13,13,13,13,13,19,19,19,19,19,37,37,37,41,41,53,53],"current_hp_per_floor":[82,82,8200,8200,6236,6218,6218,6207,6207,6207,6207,6207,6222,6200,6200,6160,9820,9796,9811,9795,9795,9791,9776,9776,9767,9767,9767,9744,9743,9743,9691,9691,9688,9834,9834,8605,8620,8620,8610,8582,8597,8597,8597,8597,8509,8423,8408,8399,8399,8325,9834,9834,9834,9782,9677],"gold":109,"neow_bonus":"RANDOM_COMMON_RELIC","is_daily":false,"chose_seed":false,"campfire_upgraded":8,"win_rate":0.0,"timestamp":1607763275,"path_taken":["M","?","M","M","?","E","R","E","T","$","R","E","?","?","R","BOSS","M","$","M","?","M","E","R","E","T","R","M","E","R","E","R","BOSS","M","?","$","M","?","E","$","E","T","?","M","E","M","E","R","BOSS","R","$","E","BOSS"],"items_purchased_type":["Card","Card","Relic","Card","Relic","Relic","Card","Card","Relic","Card","Card","Card","Relic","Relic","Relic","Card","Card","Relic","Card","Relic","Card"],"build_version":"2020-11-30","purchased_purges":1,"victory":true,"max_hp_per_floor":[82,82,9820,9820,9820,9820,9820,9820,9820,9820,9820,9820,9820,9820,9820,9820,9820,9820,9820,9820,9820,9820,9820,9820,9820,9820,9820,9820,9834,9834,9834,9834,9834,9834,9834,9834,9834,9834,9834,9834,9834,9834,9834,9834,9834,9834,9834,9834,9834,9834,9834,9834,9834,9834,9834],"card_choices":[{"not_picked":["rmod:selfconfidence","rmod:intelligenceanalysis"],"picked":"rmod:robin","floor":1},{"not_picked":["rmod:heivgo","rmod:highspeedshooting"],"picked":"rmod:robin","floor":3},{"not_picked":["rmod:wasp","rmod:launchingtorpedo"],"picked":"rmod:diamondstrike","floor":4},{"not_picked":["rmod:combined","rmod:diaomin"],"picked":"rmod:steelsupply","floor":6},{"not_picked":["rmod:combined","rmod:acesubmarine"],"picked":"rmod:firesupport","floor":8},{"not_picked":["rmod:lastglory","rmod:fletcherpendant"],"picked":"rmod:aluminumsupply+1","floor":12},{"not_picked":["rmod:goodsister","rmod:diamondstrike"],"picked":"rmod:fuelsupply+1","floor":13},{"not_picked":["rmod:fletcher","rmod:abidefaith"],"picked":"rmod:spoils+1","floor":13},{"not_picked":["rmod:aviationdawn+1","rmod:heivgo+1"],"picked":"rmod:chargemoney","floor":13},{"not_picked":["rmod:luckystar","rmod:supportescort+1"],"picked":"rmod:fletcherpendant","floor":13},{"not_picked":["rmod:bulid+1","rmod:victimresponsibility+1"],"picked":"rmod:expedition","floor":13},{"not_picked":["rmod:guardianhero+1","rmod:highspeedshooting"],"picked":"rmod:acesubmarine","floor":14},{"not_picked":["rmod:fletcher","rmod:u235+1"],"picked":"rmod:lastglory","floor":16},{"not_picked":["rmod:openingtorpedo","rmod:highspeedshooting"],"picked":"rmod:ammunitionsupply+1","floor":18},{"not_picked":["rmod:goodfighter","rmod:salvage+1","rmod:supportescort+1"],"picked":"rmod:robin+1","floor":20},{"not_picked":["rmod:guardianhero+1","rmod:intelligenceanalysis","rmod:aviationdawn+1"],"picked":"rmod:windflower+1","floor":22},{"not_picked":["rmod:spoils+1","rmod:generalist","rmod:mineteam+1"],"picked":"rmod:openingtorpedo","floor":23},{"not_picked":["rmod:steelsupply+1","rmod:goodsister","rmod:fuelsupply+1"],"picked":"rmod:diamondstrike","floor":25},{"not_picked":["rmod:aggressivemary+1","rmod:smokecover+1","rmod:luckystar+1"],"picked":"rmod:intelligenceanalysis+1","floor":28},{"not_picked":["rmod:goodfighter+1","rmod:shuttlebombing+1","rmod:timeschanged+1"],"picked":"rmod:supportaircraftcarrier+1","floor":29},{"not_picked":["rmod:luckystar+1","rmod:circuitoustactics+1","rmod:fletcherpendant+1"],"picked":"rmod:overbreakdown+1","floor":31},{"not_picked":["rmod:windflower+1","rmod:expeditionaryescort","rmod:u235+1"],"picked":"rmod:seals","floor":33},{"not_picked":["rmod:goodsister"],"picked":"rmod:combined+1","floor":35},{"not_picked":["rmod:steelsupply+1"],"picked":"rmod:expedition+1","floor":38},{"not_picked":["Swift Strike+1"],"picked":"Transmutation+1","floor":39},{"not_picked":["Blind+1"],"picked":"Flash of Steel+1","floor":39},{"not_picked":["Purity+1"],"picked":"Swift Strike+1","floor":39},{"not_picked":["rmod:victimresponsibility+1"],"picked":"rmod:advancebysurprise+1","floor":40},{"not_picked":["rmod:royalracing+1"],"picked":"rmod:overbreakdown+1","floor":42},{"not_picked":["rmod:fletcherpendant+1"],"picked":"rmod:fuelsupply+1","floor":45},{"not_picked":["rmod:desperatesituation"],"picked":"rmod:expedition+1","floor":46},{"not_picked":["rmod:tearstotiara+1"],"picked":"rmod:fuelsupply+1","floor":47},{"not_picked":["rmod:luckystar+1"],"picked":"rmod:tearstotiara+1","floor":48},{"not_picked":["rmod:abidefaith"],"picked":"rmod:luckystar+1","floor":54}],"player_experience":55709,"relics_obtained":[{"floor":6,"key":"Meat on the Bone"},{"floor":8,"key":"Old Coin"},{"floor":9,"key":"MawBank"},{"floor":12,"key":"MealTicket"},{"floor":23,"key":"Pantograph"},{"floor":25,"key":"Pen Nib"},{"floor":26,"key":"Molten Egg 2"},{"floor":29,"key":"Mango"},{"floor":31,"key":"Boot"},{"floor":40,"key":"Happy Flower"},{"floor":42,"key":"Thread and Needle"},{"floor":43,"key":"Pocketwatch"},{"floor":44,"key":"Juzu Bracelet"},{"floor":46,"key":"rmod:extraamm"},{"floor":48,"key":"Smiling Mask"},{"floor":54,"key":"War Paint"}],"event_choices":[{"damage_healed":0,"gold_gain":0,"player_choice":"Entered Light","damage_taken":1964,"max_hp_gain":0,"max_hp_loss":0,"event_name":"Shining Light","floor":5,"gold_loss":0,"cards_upgraded":["rmod:strick","rmod:diamondstrike"]},{"damage_healed":0,"gold_gain":0,"cards_transformed":["rmod:strick"],"player_choice":"Transformed","damage_taken":0,"max_hp_gain":0,"max_hp_loss":0,"event_name":"Transmorgrifier","floor":21,"gold_loss":0,"cards_obtained":["rmod:gendarmerie"]},{"damage_healed":0,"gold_gain":0,"player_choice":"Embrace Madness","damage_taken":1229,"max_hp_gain":0,"max_hp_loss":0,"event_name":"Winding Halls","floor":36,"gold_loss":0,"cards_obtained":["Madness","Madness"]},{"damage_healed":0,"gold_gain":0,"player_choice":"Memory 3","damage_taken":10,"max_hp_gain":0,"max_hp_loss":0,"event_name":"SensoryStone","floor":39,"gold_loss":0}],"is_beta":false,"boss_relics":[{"not_picked":["Empty Cage","Snecko Eye"],"picked":"Cursed Key"},{"not_picked":["Astrolabe","Runic Pyramid"],"picked":"Busted Crown"}],"items_purged_floors":[41],"is_endless":false,"potions_floor_spawned":[1,4,8,12,14,25,29,31,33,38,40,42,46,54],"ascension_level":3}}