{"host":"0vkf1k7bkmi4whcf","time":1607789448,"event":{"mods":["Bartender","BaseMod","Better Third Choice","CapriCore","Displayed Cursed Tome","Downfall","GungeonMod","Koishi","Marisa????????","Minty Spire (QoL Compilation)","Reimu??????","Relic Stats","Remilia??????","StSLib","Td1madao Mod","The Alterego","The Immortal","The Servant 0.9.4","The Wild Card","Waifu the Spire","Yuyuko","???????????mod"],"gold_per_floor":[114,114,74,149,164,194,224,224,224,239,254,313,313,313],"floor_reached":13,"playtime":1024,"items_purged":[],"score":93,"play_id":"3ce50cd6-41c7-4178-a14c-0ebd2c0bbd46","local_time":"20201212171048","daily_mods":["Heirloom","downfall:Jewelcrafting","DeadlyEvents"],"is_ascension_mode":false,"campfire_choices":[],"circlet_count":0,"master_deck":["Fantasy Butterflies","Fantasy Butterflies","Fantasy Butterflies","Fantasy Butterflies","Fantasy Butterflies","Dreamy Sakura","Dreamy Sakura","Dreamy Sakura","Dreamy Sakura","Dreamy Sakura","Deathly Ground","Faramita\u0027s Temptation","Guardian:ExploitGems","Guardian:ExploitGems+1","Dark Wind","Full Moon+1","Song of Papilio","Ghastly Dream","Guardian:Gem_Orange","Guardian:Gem_Cyan","Postpone Bloom","End of Faramita","Reverse The Screen"],"relics":["Coronal","Yuyuko\u0027s fan","Guardian:PickAxe","DemoMod:Orange","PaintedHorse:ReiMu","Shuriken","Guardian:PocketSentry","War Paint","DemoMod:MeltedRock","DemoMod:AgedBell"],"acts_visited":[],"potions_floor_usage":[],"damage_taken":[{"damage":57.0,"enemies":"Cultist","floor":1.0,"turns":7.0},{"damage":18.0,"enemies":"2 Louse","floor":5.0,"turns":3.0},{"damage":63.0,"enemies":"Lagavulin","floor":6.0,"turns":10.0},{"damage":17.0,"enemies":"Gremlin Nob","floor":7.0,"turns":3.0},{"damage":25.0,"enemies":"Jaw Worm","floor":10.0,"turns":6.0},{"damage":11.0,"enemies":"Blue Slaver","floor":11.0,"turns":3.0},{"damage":46.0,"enemies":"3 Sentries","floor":12.0,"turns":7.0},{"damage":0,"enemies":"3 Sentries","floor":13,"turns":1}],"seed_played":"8996604888150855735","potions_obtained":[{"floor":1.0,"key":"hexamod:EctoCoolerPotion"},{"floor":6.0,"key":"AttackPotion"}],"is_trial":false,"path_per_floor":["M","?","?","T","M","E","E","R","T","M","M","?","E"],"character_chosen":"YUYOKO","items_purchased":[],"campfire_rested":0,"item_purchase_floors":[],"current_hp_per_floor":[26,26,26,26,29,31,33,33,33,41,44,16,16,16],"gold":313,"neow_bonus":"","is_daily":true,"chose_seed":false,"campfire_upgraded":0,"win_rate":0.0,"timestamp":1607789448,"path_taken":["M","?","?","?","M","E","?","R","T","?","M","?","?"],"items_purchased_type":[],"build_version":"2020-11-30","purchased_purges":0,"victory":false,"max_hp_per_floor":[52,52,52,52,52,52,52,52,52,52,52,52,52,52],"relic_stats":{"counters":[8,38],"Shuriken":[4],"War Paint":["Full Moon","Guardian:ExploitGems"],"obtain_stats":[{"Guardian:PickAxe":0,"Yuyuko\u0027s fan":0,"DemoMod:AgedBell":12,"DemoMod:Orange":0,"PaintedHorse:ReiMu":3,"Shuriken":4,"Coronal":0,"DemoMod:MeltedRock":9,"DemoMod:GlassGuonStoneRelic":1,"Guardian:PocketSentry":6,"War Paint":7},{"Guardian:PickAxe":0,"Yuyuko\u0027s fan":0,"DemoMod:AgedBell":7,"DemoMod:Orange":0,"PaintedHorse:ReiMu":1,"Shuriken":1,"Coronal":0,"DemoMod:MeltedRock":4,"DemoMod:GlassGuonStoneRelic":1,"Guardian:PocketSentry":3,"War Paint":4},{"Guardian:PickAxe":0,"Yuyuko\u0027s fan":0,"DemoMod:AgedBell":38,"DemoMod:Orange":0,"PaintedHorse:ReiMu":7,"Shuriken":7,"Coronal":0,"DemoMod:MeltedRock":23,"DemoMod:GlassGuonStoneRelic":7,"Guardian:PocketSentry":20,"War Paint":23}]},"card_choices":[{"not_picked":["Redemption of Death","Linger over Flower"],"picked":"Dark Wind","floor":1.0},{"not_picked":["Unknown Petal","Dying Sakura"],"picked":"Full Moon","floor":5.0},{"not_picked":["Dark Wind","Unreal"],"picked":"Song of Papilio","floor":6.0},{"not_picked":["Sakura Ward","All Wander"],"picked":"Ghastly Dream","floor":7.0},{"not_picked":["Spear of Papilio","Trap Lamp"],"picked":"Postpone Bloom","floor":10.0},{"not_picked":["The Nether","Gauzy Sakura"],"picked":"End of Faramita","floor":11.0},{"not_picked":["Cerasus Subhirtella","All Wander"],"picked":"Reverse The Screen","floor":12.0}],"player_experience":703332,"relics_obtained":[{"floor":4.0,"key":"Shuriken"},{"floor":6.0,"key":"Guardian:PocketSentry"},{"floor":7.0,"key":"War Paint"},{"floor":9.0,"key":"DemoMod:MeltedRock"},{"floor":12.0,"key":"DemoMod:AgedBell"}],"event_choices":[{"damage_healed":0.0,"max_hp_gain":0.0,"max_hp_loss":0.0,"gold_gain":0.0,"event_name":"Golden Wing","player_choice":"Ignored","floor":2.0,"gold_loss":0.0,"damage_taken":0.0},{"damage_healed":0.0,"max_hp_gain":0.0,"max_hp_loss":0.0,"gold_gain":0.0,"event_name":"yidonshenshe","player_choice":"Donate","floor":3.0,"gold_loss":40.0,"damage_taken":0.0,"relics_obtained":["PaintedHorse:ReiMu"]},{"damage_healed":0.0,"max_hp_gain":0.0,"max_hp_loss":0.0,"gold_gain":0.0,"event_name":"Dead Adventurer","player_choice":"Searched \u00272\u0027 times","floor":12.0,"gold_loss":0.0,"damage_taken":0.0}],"is_beta":false,"boss_relics":[],"items_purged_floors":[],"is_endless":false,"potions_floor_spawned":[1,6],"killed_by":"3 Sentries","ascension_level":0}}