{"host":"uvd23xk3ig6bv7xx","time":1607743759,"event":{"mods":["BaseMod","BetterRewards","Googly Eyes","Minty Spire (QoL Compilation)","Shop Mod","StSLib"],"gold_per_floor":[116,116,216,227,237,271,271,43,43,62,62,74,88,107,107,202,502,517,167,179,194,144,144,160,160,160,160,160,160],"floor_reached":28,"playtime":1741,"items_purged":["Strike_P","Strike_P","Strike_P"],"score":222,"play_id":"9b50785a-4567-4d22-a0ba-04cd0e35addf","local_time":"20201212112919","is_ascension_mode":false,"campfire_choices":[{"data":"Eruption","floor":7.0,"key":"SMITH"},{"floor":11.0,"key":"REST"},{"data":"Adaptation","floor":15.0,"key":"SMITH"},{"data":"Brilliance","floor":23.0,"key":"SMITH"},{"data":"Establishment","floor":25.0,"key":"SMITH"},{"data":"MasterReality","floor":27.0,"key":"SMITH"}],"circlet_count":0,"master_deck":["Strike_P","Defend_P+1","Defend_P","Defend_P","Defend_P","Eruption+1","Vigilance","PathToVictory","BowlingBash","Adaptation+1","Brilliance+1","Pray+1","MasterReality+1","CurseOfTheBell","SashWhip+1","Establishment+1","Evaluate+1","Protect"],"relics":["PureWater","NeowsBlessing","HornCleat","Damaru","Strange Spoon","Bottled Tornado","Calling Bell","Smiling Mask","Singing Bowl","Old Coin","War Paint","ClockworkSouvenir"],"acts_visited":["Exordium","TheCity"],"potions_floor_usage":[28],"damage_taken":[{"damage":0.0,"enemies":"Jaw Worm","floor":1.0,"turns":1.0},{"damage":0.0,"enemies":"2 Louse","floor":4.0,"turns":1.0},{"damage":0.0,"enemies":"Cultist","floor":5.0,"turns":1.0},{"damage":48.0,"enemies":"3 Sentries","floor":6.0,"turns":13.0},{"damage":0.0,"enemies":"Lots of Slimes","floor":10.0,"turns":3.0},{"damage":0.0,"enemies":"Blue Slaver","floor":12.0,"turns":3.0},{"damage":6.0,"enemies":"Large Slime","floor":13.0,"turns":3.0},{"damage":2.0,"enemies":"2 Fungi Beasts","floor":14.0,"turns":3.0},{"damage":16.0,"enemies":"Hexaghost","floor":16.0,"turns":8.0},{"damage":9.0,"enemies":"Shell Parasite","floor":18.0,"turns":5.0},{"damage":12.0,"enemies":"2 Thieves","floor":20.0,"turns":4.0},{"damage":36.0,"enemies":"Sentry and Sphere","floor":21.0,"turns":4.0},{"damage":5.0,"enemies":"Snake Plant","floor":24.0,"turns":4.0},{"damage":34,"enemies":"Shelled Parasite and Fungi","floor":28,"turns":4}],"seed_played":"-7746762891407312506","potions_obtained":[{"floor":1.0,"key":"Swift Potion"},{"floor":5.0,"key":"Energy Potion"},{"floor":10.0,"key":"Strength Potion"},{"floor":16.0,"key":"LiquidBronze"},{"floor":24.0,"key":"SpeedPotion"}],"is_trial":false,"path_per_floor":["M","?","?","M","M","E","R","$","T","M","R","M","M","M","R","B",null,"M","$","M","M","$","R","M","R","T","R","M"],"character_chosen":"WATCHER","items_purchased":["Strange Spoon","War Paint","ClockworkSouvenir"],"campfire_rested":1,"item_purchase_floors":[8,19,19],"current_hp_per_floor":[72,54,54,54,54,6,6,6,6,6,27,27,21,19,19,3,72,63,63,51,15,15,15,10,10,10,10,0,0],"gold":160,"neow_bonus":"THREE_ENEMY_KILL","is_daily":false,"chose_seed":false,"campfire_upgraded":5,"win_rate":0.0,"timestamp":1607743759,"path_taken":["M","?","?","M","M","E","R","$","T","M","R","?","M","M","R","BOSS","M","?","M","M","$","R","M","R","T","R","M"],"items_purchased_type":["Relic","Relic","Relic"],"build_version":"2020-11-30","purchased_purges":3,"victory":false,"max_hp_per_floor":[72,72,72,72,72,72,72,72,72,72,72,72,72,72,72,72,72,72,72,72,72,72,72,72,72,72,72,72,72],"card_choices":[{"not_picked":["Study","SashWhip"],"picked":"PathToVictory","floor":1.0},{"not_picked":["Crescendo","EmptyBody"],"picked":"BowlingBash","floor":4.0},{"not_picked":["Halt","Consecrate"],"picked":"Adaptation","floor":5.0},{"not_picked":["TalkToTheHand","Swivel"],"picked":"Brilliance","floor":6.0},{"not_picked":["WindmillStrike","Adaptation","ThirdEye"],"picked":"SKIP","floor":10.0},{"not_picked":["FlyingSleeves","ClearTheMind"],"picked":"Pray","floor":12.0},{"not_picked":["FearNoEvil","TalkToTheHand","CutThroughFate"],"picked":"SKIP","floor":13.0},{"not_picked":["ClearTheMind","WindmillStrike","Protect"],"picked":"SKIP","floor":14.0},{"not_picked":["Omniscience","Judgement"],"picked":"MasterReality","floor":16.0},{"not_picked":["CutThroughFate","Evaluate+1"],"picked":"SashWhip+1","floor":18.0},{"not_picked":["Worship","WheelKick+1"],"picked":"Establishment","floor":20.0},{"not_picked":["Crescendo","FlyingSleeves"],"picked":"Evaluate+1","floor":21.0},{"not_picked":["Meditate+1","ThirdEye+1"],"picked":"Protect","floor":24.0}],"player_experience":739079,"relics_obtained":[{"floor":6.0,"key":"Damaru"},{"floor":9.0,"key":"Bottled Tornado"},{"floor":17.0,"key":"Smiling Mask"},{"floor":17.0,"key":"Singing Bowl"},{"floor":17.0,"key":"Old Coin"}],"event_choices":[{"damage_healed":0.0,"max_hp_gain":0.0,"max_hp_loss":0.0,"gold_gain":0.0,"event_name":"Scrap Ooze","player_choice":"Success","floor":2.0,"gold_loss":0.0,"damage_taken":18.0,"relics_obtained":["HornCleat"]},{"damage_healed":0.0,"max_hp_gain":0.0,"max_hp_loss":0.0,"gold_gain":100.0,"event_name":"Golden Shrine","player_choice":"Pray","floor":3.0,"gold_loss":0.0,"damage_taken":0.0}],"is_beta":false,"boss_relics":[{"not_picked":["Astrolabe","Cursed Key"],"picked":"Calling Bell"}],"items_purged_floors":[8,19,22],"is_endless":false,"potions_floor_spawned":[1,5,10,16,24],"killed_by":"Shelled Parasite and Fungi","ascension_level":0}}