{"host":"3h5qf14xt40jhha0","time":1607764591,"event":{"mods":["AlwaysNeverKeys","BaseMod","Colored Powertips","Minty Spire (QoL Compilation)","Permanent Neow","Relic Stats","StSLib"],"gold_per_floor":[144,189,189,214,214,304,349,394,444,444,534,579,281,326,326,626,626,671,125,150,195,240,240,285,375,400,400,400,490,6,96,108,420,432,489,526,760,58,103,193,238,238,263,353,353,443,488,488,488,488],"floor_reached":51,"playtime":2186,"items_purged":["Zap","Defend_R","Strike_R"],"score":1228,"play_id":"6b69a69f-f098-417d-8d48-8bbf4cb9a51a","local_time":"20201212041631","daily_mods":["Chimera","ControlledChaos","Midas"],"is_ascension_mode":false,"campfire_choices":[{"floor":10,"key":"REST"},{"floor":15,"key":"REST"},{"floor":23,"key":"REST"},{"floor":32,"key":"REST"},{"floor":45,"key":"REST"},{"floor":49,"key":"REST"}],"circlet_count":0,"master_deck":["Bash+1","Survivor","Eruption+1","Strike_B+1","Defend_G","Defend_P+1","FlyingSleeves","TalkToTheHand+1","FlurryOfBlows","FearNoEvil+1","TalkToTheHand+1","CutThroughFate","Indignation","Weave+1","CutThroughFate+1","Vault","CurseOfTheBell","Weave","Omniscience","EmptyBody+1","ClearTheMind+1","FlurryOfBlows+1","Tantrum+1","Wireheading","LessonLearned","CutThroughFate+1","FlurryOfBlows","TalkToTheHand","Tantrum","SashWhip+1","Fasting2+1","FlurryOfBlows","Fasting2","Scrawl","Fasting2+1"],"relics":["PureWater","Frozen Eye","Tiny Chest","Dream Catcher","Strawberry","Oddly Smooth Stone","Bag of Preparation","Blood Vial","Calling Bell","Smiling Mask","Yang","Calipers","Vajra","Sling","Bag of Marbles","Whetstone","Regal Pillow","Red Mask","Orichalcum","OrangePellets","Nunchaku","Damaru","MawBank","Philosopher\u0027s Stone","PreservedInsect","Lantern","DollysMirror","Pear","Akabeko","Happy Flower","Juzu Bracelet","Art of War"],"acts_visited":["Exordium","TheCity","TheBeyond"],"potions_floor_usage":[6,11,16,18,22,25,29,33,50,50,50],"damage_taken":[{"damage":3,"enemies":"Jaw Worm","floor":1,"turns":3},{"damage":0,"enemies":"Small Slimes","floor":2,"turns":2},{"damage":13,"enemies":"3 Sentries","floor":6,"turns":4},{"damage":0,"enemies":"Cultist","floor":7,"turns":2},{"damage":0,"enemies":"Large Slime","floor":8,"turns":2},{"damage":0,"enemies":"Gremlin Nob","floor":11,"turns":2},{"damage":2,"enemies":"Red Slaver","floor":12,"turns":3},{"damage":0,"enemies":"Exordium Wildlife","floor":14,"turns":1},{"damage":6,"enemies":"The Guardian","floor":16,"turns":6},{"damage":0,"enemies":"Spheric Guardian","floor":18,"turns":3},{"damage":6,"enemies":"2 Thieves","floor":21,"turns":2},{"damage":9,"enemies":"Snake Plant","floor":22,"turns":6},{"damage":0,"enemies":"Snecko","floor":24,"turns":1},{"damage":0,"enemies":"Book of Stabbing","floor":25,"turns":3},{"damage":0,"enemies":"Masked Bandits","floor":27,"turns":2},{"damage":3,"enemies":"Slavers","floor":29,"turns":3},{"damage":0,"enemies":"Gremlin Leader","floor":31,"turns":3},{"damage":0,"enemies":"Collector","floor":33,"turns":3},{"damage":0,"enemies":"3 Darklings","floor":35,"turns":2},{"damage":0,"enemies":"3 Shapes","floor":39,"turns":4},{"damage":0,"enemies":"Nemesis","floor":40,"turns":3},{"damage":0,"enemies":"Spire Growth","floor":41,"turns":2},{"damage":0,"enemies":"Reptomancer","floor":44,"turns":2},{"damage":0,"enemies":"Giant Head","floor":46,"turns":3},{"damage":6,"enemies":"4 Shapes","floor":47,"turns":4},{"damage":0,"enemies":"Awakened One","floor":50,"turns":4}],"seed_played":"-2740983366772686195","potions_obtained":[{"floor":1,"key":"SteroidPotion"},{"floor":2,"key":"Strength Potion"},{"floor":5,"key":"DuplicationPotion"},{"floor":8,"key":"Weak Potion"},{"floor":12,"key":"DistilledChaos"},{"floor":21,"key":"DuplicationPotion"},{"floor":22,"key":"Ancient Potion"},{"floor":29,"key":"BottledMiracle"},{"floor":31,"key":"BottledMiracle"},{"floor":33,"key":"SpeedPotion"},{"floor":35,"key":"PowerPotion"},{"floor":44,"key":"Ambrosia"}],"is_trial":false,"path_per_floor":["M","M","?","T","?","E","M","M","T","R","E","M","$","M","R","B",null,"M","$","T","M","M","R","M","E","T","?","?","E","$","E","R","B",null,"M","T","?","$","M","E","M","?","T","E","R","E","M","?","R","B",null],"character_chosen":"WATCHER","items_purchased":["Blood Vial","Weave","Vajra","Sling","Omniscience","Explosive Potion","OrangePellets","Nunchaku","Damaru","Wireheading","Lantern","FlurryOfBlows","DollysMirror","Pear","Tantrum"],"campfire_rested":6,"item_purchase_floors":[13,13,19,19,19,19,30,30,30,30,38,38,38,38,38],"current_hp_per_floor":[69,69,66,66,66,60,60,60,60,79,79,77,77,79,79,73,79,79,79,79,73,66,79,79,79,79,79,72,71,71,73,79,79,79,79,79,79,89,89,89,89,89,89,89,89,89,83,83,85,85],"gold":488,"neow_bonus":"","is_daily":true,"chose_seed":false,"campfire_upgraded":0,"win_rate":0.0,"timestamp":1607764591,"path_taken":["M","M","?","?","?","E","M","?","T","R","E","M","$","M","R","BOSS","M","$","?","?","M","R","M","E","T","?","?","E","$","E","R","BOSS","M","?","?","$","M","E","M","?","T","E","R","E","M","?","R","BOSS"],"items_purchased_type":["Relic","Card","Relic","Relic","Card","Potion","Relic","Relic","Relic","Card","Relic","Card","Relic","Relic","Card"],"build_version":"2020-11-30","purchased_purges":3,"victory":true,"max_hp_per_floor":[72,72,72,72,72,79,79,79,79,79,79,79,79,79,79,79,79,79,79,79,79,79,79,79,79,79,79,79,79,79,79,79,79,79,79,79,79,89,89,89,89,89,89,89,89,89,89,85,85,85],"relic_stats":{"Regal Pillow":0,"Happy Flower":[4],"counters":[26,75],"Yang":[193],"PreservedInsect":231,"Bag of Preparation":[40],"Juzu Bracelet":1,"Whetstone":["FearNoEvil","CutThroughFate"],"Orichalcum":[36],"Smiling Mask":125,"MawBank":84,"Blood Vial":8,"OrangePellets":[11],"Dream Catcher":6,"Nunchaku":[12],"Tiny Chest":2,"Art of War":[0],"obtain_stats":[{"Regal Pillow":26,"Lantern":38,"Calipers":17,"Vajra":19,"Yang":17,"Bag of Preparation":11,"Juzu Bracelet":44,"Whetstone":25,"Smiling Mask":17,"Sling":19,"Blood Vial":13,"Frozen Eye":0,"Dream Catcher":4,"Nunchaku":30,"DollysMirror":38,"Strawberry":6,"Tiny Chest":3,"Philosopher\u0027s Stone":34,"Red Mask":27,"Pear":38,"Happy Flower":43,"Oddly Smooth Stone":9,"Damaru":30,"PreservedInsect":36,"Orichalcum":29,"MawBank":31,"Akabeko":40,"Calling Bell":17,"OrangePellets":30,"Bag of Marbles":20,"Art of War":46,"PureWater":0},{"Regal Pillow":14,"Lantern":19,"Calipers":9,"Vajra":10,"Yang":9,"Bag of Preparation":6,"Juzu Bracelet":23,"Whetstone":14,"Smiling Mask":9,"Sling":10,"Blood Vial":7,"Frozen Eye":0,"Dream Catcher":2,"Nunchaku":16,"DollysMirror":19,"Strawberry":3,"Tiny Chest":2,"Philosopher\u0027s Stone":18,"Red Mask":15,"Pear":19,"Happy Flower":22,"Oddly Smooth Stone":5,"Damaru":16,"PreservedInsect":19,"Orichalcum":16,"MawBank":17,"Akabeko":21,"Calling Bell":9,"OrangePellets":16,"Bag of Marbles":10,"Art of War":24,"PureWater":0},{"Regal Pillow":40,"Lantern":53,"Calipers":25,"Vajra":28,"Yang":25,"Bag of Preparation":15,"Juzu Bracelet":64,"Whetstone":40,"Smiling Mask":25,"Sling":28,"Blood Vial":18,"Frozen Eye":0,"Dream Catcher":5,"Nunchaku":45,"DollysMirror":53,"Strawberry":9,"Tiny Chest":5,"Philosopher\u0027s Stone":51,"Red Mask":42,"Pear":53,"Happy Flower":62,"Oddly Smooth Stone":13,"Damaru":45,"PreservedInsect":53,"Orichalcum":45,"MawBank":48,"Akabeko":60,"Calling Bell":25,"OrangePellets":45,"Bag of Marbles":28,"Art of War":67,"PureWater":0}]},"card_choices":[{"not_picked":["InnerPeace","Perseverance"],"picked":"FlyingSleeves","floor":1},{"not_picked":["WheelKick","Crescendo"],"picked":"TalkToTheHand","floor":2},{"not_picked":["EmptyFist","BowlingBash"],"picked":"FlurryOfBlows","floor":6},{"not_picked":["Pray","EmptyFist"],"picked":"FearNoEvil","floor":7},{"not_picked":["ThirdEye","JustLucky","WindmillStrike"],"picked":"SKIP","floor":8},{"not_picked":["WindmillStrike","ThirdEye"],"picked":"TalkToTheHand","floor":10},{"not_picked":["Pray","SignatureMove"],"picked":"CutThroughFate","floor":11},{"not_picked":["InnerPeace","MasterReality"],"picked":"Indignation","floor":12},{"not_picked":["FollowUp","InnerPeace"],"picked":"CutThroughFate","floor":14},{"not_picked":["Judgement","ConjureBlade"],"picked":"Vault","floor":16},{"not_picked":["SashWhip+1","PathToVictory+1"],"picked":"Weave","floor":18},{"not_picked":["Halt","Blasphemy","Evaluate"],"picked":"SKIP","floor":21},{"not_picked":["BowlingBash","Sanctity"],"picked":"EmptyBody+1","floor":22},{"not_picked":["FearNoEvil+1","Adaptation"],"picked":"ClearTheMind+1","floor":24},{"not_picked":["LikeWater","ClearTheMind","EmptyFist"],"picked":"SKIP","floor":25},{"not_picked":["Blasphemy","Evaluate+1"],"picked":"FlurryOfBlows+1","floor":27},{"not_picked":["ThirdEye+1","Collect"],"picked":"Tantrum+1","floor":29},{"not_picked":["Protect","Crescendo","BattleHymn+1"],"picked":"SKIP","floor":31},{"not_picked":["Vault","Judgement"],"picked":"LessonLearned","floor":33},{"not_picked":["Indignation","SashWhip"],"picked":"CutThroughFate+1","floor":35},{"not_picked":["Meditate","CutThroughFate+1"],"picked":"SashWhip+1","floor":39},{"not_picked":["Consecrate+1","SpiritShield"],"picked":"Fasting2+1","floor":40},{"not_picked":["CrushJoints","BowlingBash","ClearTheMind+1"],"picked":"SKIP","floor":41},{"not_picked":["Halt","Prostrate"],"picked":"FlurryOfBlows","floor":44},{"not_picked":["Evaluate","FollowUp+1"],"picked":"Fasting2","floor":45},{"not_picked":["ClearTheMind","CutThroughFate"],"picked":"Scrawl","floor":46},{"not_picked":["Conclude","SashWhip"],"picked":"Fasting2+1","floor":47}],"player_experience":1230165,"relics_obtained":[{"floor":4,"key":"Dream Catcher"},{"floor":6,"key":"Strawberry"},{"floor":9,"key":"Oddly Smooth Stone"},{"floor":11,"key":"Bag of Preparation"},{"floor":17,"key":"Smiling Mask"},{"floor":17,"key":"Yang"},{"floor":17,"key":"Calipers"},{"floor":20,"key":"Bag of Marbles"},{"floor":25,"key":"Whetstone"},{"floor":26,"key":"Regal Pillow"},{"floor":27,"key":"Red Mask"},{"floor":29,"key":"Orichalcum"},{"floor":31,"key":"MawBank"},{"floor":36,"key":"PreservedInsect"},{"floor":40,"key":"Akabeko"},{"floor":43,"key":"Happy Flower"},{"floor":44,"key":"Juzu Bracelet"},{"floor":46,"key":"Art of War"}],"event_choices":[{"damage_healed":0,"gold_gain":0,"player_choice":"Success","damage_taken":3,"relics_obtained":["Tiny Chest"],"max_hp_gain":0,"max_hp_loss":0,"event_name":"Scrap Ooze","floor":3,"gold_loss":0},{"damage_healed":0,"gold_gain":0,"player_choice":"Got Potions","damage_taken":0,"max_hp_gain":0,"max_hp_loss":0,"event_name":"Lab","floor":5,"gold_loss":0},{"damage_healed":0,"gold_gain":0,"player_choice":"Fought Bandits","damage_taken":0,"max_hp_gain":0,"max_hp_loss":0,"event_name":"Masked Bandits","floor":27,"gold_loss":0},{"damage_healed":0,"gold_gain":0,"player_choice":"Damaged","damage_taken":7,"max_hp_gain":0,"max_hp_loss":0,"event_name":"Wheel of Change","floor":28,"gold_loss":0},{"damage_healed":0,"gold_gain":222,"player_choice":"Wore Mask","damage_taken":0,"max_hp_gain":0,"max_hp_loss":0,"event_name":"Tomb of Lord Red Mask","floor":37,"gold_loss":0},{"cards_removed":["Strike_G"],"damage_healed":0,"gold_gain":0,"player_choice":"Removed Attack","damage_taken":0,"max_hp_gain":0,"max_hp_loss":0,"event_name":"Falling","floor":42,"gold_loss":0},{"damage_healed":0,"gold_gain":0,"player_choice":"Max HP","damage_taken":0,"max_hp_gain":0,"max_hp_loss":4,"event_name":"Winding Halls","floor":48,"gold_loss":0}],"is_beta":false,"boss_relics":[{"not_picked":["HolyWater","Snecko Eye"],"picked":"Calling Bell"},{"not_picked":["Astrolabe","Runic Pyramid"],"picked":"Philosopher\u0027s Stone"}],"items_purged_floors":[13,19,38],"is_endless":false,"potions_floor_spawned":[1,2,8,12,21,22,29,31,33,35,41,44],"ascension_level":0}}