{"host":"hfvpa4llnnjpeawn","time":1607810326,"event":{"mods":["2.2 Compatiblity","Act Like it!","BaseMod","Better Skull","Better Third Choice","BetterRewards","CapriCore","Conspire","Downfall","Elementarium","Hermit","Hubris","Koishi","Lobotomy","Mad Scientist","Minty Spire (QoL Compilation)","Replay The Spire","Shade Mod","Somnambulant","StSLib","The Bladedancer","The Factory","The Jungle","Waifu the Spire"],"gold_per_floor":[364,382,41,41,94,126,145,178,178,178,190,190,207,10,10,133,133,51,64,117,117,157,188,188,203,272,272,44,67,86,110,110,239,239,260,260,260,279,292,292,361,361,361,361,361,374,89,103,103,103,103],"floor_reached":50,"playtime":4934,"items_purged":["blademaster:WrongfulFootwork"],"score":547,"play_id":"5a92b5cc-5c89-4790-9e6f-b9bbd95734a6","local_time":"20201212165846","is_ascension_mode":false,"campfire_choices":[{"floor":10,"key":"REST"},{"floor":12,"key":"REST"},{"floor":24,"key":"REST"},{"floor":27,"key":"REST"},{"floor":32,"key":"REST"},{"floor":40,"key":"REST"},{"floor":42,"key":"REST"},{"floor":49,"key":"REST"}],"circlet_count":0,"master_deck":["Strike_B","Strike_B","Strike_B","Defend_B","Defend_B","Defend_B","Defend_B","Zap","Conserve Battery","Fusion","Ball Lightning+1","Melter","Bash","WeaponsOverheat","ReplayTheSpireMod:Repulse","ReplayTheSpireMod:Calculation Training","Genetic Algorithm","Reprogram","Koishi:SilentAndRestless","CurseOfTheBell","Koishi:DreadfulBlow","Koishi:BramblyRoseGarden","Pommel Strike+1","somnambulantmod: BrainFeeder","somnambulantmod: Stumble","expansioncontent:LastStand","ReplayTheSpireMod:Uncanny Aura","Discovery","Shade:Frenzy","Midas Touch","hermit:Quickdraw","somnambulantmod: MindWave+1","Guardian:BronzeArmor+1","Koishi:Untouchable+1","somnambulantmod: Extract+1","ReplayTheSpireMod:IOU","expansioncontent:DarkVoid"],"relics":["Toolbox","Iron Core","Replay:Wax Seal","Ornamental Fan","hubris:RGBLights","Bag of Preparation","PrismaticShard","Golden Idol","Calling Bell","Smiling Mask","Pear","hubris:FunFungus","Bronze Scales","Red Mask","Blood Vial","Iron Hammer","Lee\u0027s Waffle","hubris:RunicObelisk","hubris:Towel","hubris:Icosahedron","hubris:Potato","hubris:PeanutButter","Replay:Kaleidoscope"],"acts_visited":["Exordium","TheCity","TheBeyond"],"potions_floor_usage":[6,8,16,16,19,22,29,33,50],"damage_taken":[{"damage":1,"enemies":"Cultist","floor":1,"turns":3},{"damage":0,"enemies":"Small Slimes","floor":2,"turns":3},{"damage":16,"enemies":"Gremlin Nob","floor":6,"turns":3},{"damage":0,"enemies":"2 Louse","floor":7,"turns":2},{"damage":39,"enemies":"3 Sentries","floor":8,"turns":8},{"damage":10,"enemies":"Looter","floor":11,"turns":3},{"damage":0,"enemies":"Blue Slaver","floor":13,"turns":3},{"damage":13,"enemies":"Hexaghost","floor":16,"turns":7},{"damage":3,"enemies":"Chosen","floor":18,"turns":3},{"damage":26,"enemies":"Shell Parasite","floor":19,"turns":5},{"damage":10,"enemies":"Masked Bandits","floor":22,"turns":3},{"damage":44,"enemies":"Book of Stabbing","floor":23,"turns":5},{"damage":26,"enemies":"Centurion and Healer","floor":25,"turns":7},{"damage":10,"enemies":"Snake Plant","floor":29,"turns":4},{"damage":31,"enemies":"Chosen and Byrds","floor":30,"turns":6},{"damage":25,"enemies":"Centurion and Healer","floor":31,"turns":4},{"damage":59,"enemies":"conspire:MysteriousRune","floor":33,"turns":10},{"damage":13,"enemies":"3 Shapes","floor":35,"turns":5},{"damage":13,"enemies":"3 Darklings","floor":38,"turns":6},{"damage":44,"enemies":"Transient","floor":39,"turns":5},{"damage":49,"enemies":"2 Orb Walkers","floor":41,"turns":6},{"damage":0,"enemies":"Sphere and 2 Shapes","floor":46,"turns":4},{"damage":37,"enemies":"Spire Growth","floor":48,"turns":5},{"damage":40,"enemies":"Donu and Deca","floor":50,"turns":4}],"seed_played":"8071005850744267581","potions_obtained":[{"floor":1,"key":"GamblersBrew"},{"floor":7,"key":"PowerPotion"},{"floor":11,"key":"Toxic Potion"},{"floor":13,"key":"SpeedPotion"},{"floor":16,"key":"Elixir"},{"floor":18,"key":"Dexterity Potion"},{"floor":19,"key":"PowerPotion"},{"floor":25,"key":"FearPotion"},{"floor":31,"key":"SkillPotion"},{"floor":39,"key":"SteroidPotion"},{"floor":41,"key":"SpeedPotion"}],"is_trial":false,"path_per_floor":["M","M","$","?","?","E","M","E","T","R","M","R","M","$","R","B",null,"M","M","T","?","?","E","R","M","T","R","$","M","M","M","R","B",null,"M","?","?","M","M","R","?","R","T","?","?","M","$","M","R","B"],"character_chosen":"DEFECT","items_purchased":["Ball Lightning+1","Toolbox","Melter","Bag of Preparation","PrismaticShard","Lee\u0027s Waffle","expansioncontent:LastStand","Replay:Kaleidoscope","expansioncontent:DarkVoid"],"campfire_rested":8,"item_purchase_floors":[3,3,3,14,14,28,28,47,47],"current_hp_per_floor":[74,74,74,74,74,58,58,19,19,41,31,53,53,53,35,22,85,82,59,59,59,50,7,32,11,11,36,92,83,58,35,62,8,92,81,81,81,72,31,58,13,40,40,40,40,44,44,10,37,0,0],"gold":103,"neow_bonus":"TWO_FIFTY_GOLD","is_daily":false,"chose_seed":false,"campfire_upgraded":0,"win_rate":0.0,"timestamp":1607810326,"path_taken":["M","M","$","?","?","E","M","E","T","R","M","R","M","$","R","BOSS","M","M","?","?","?","E","R","M","T","R","?","M","?","M","R","BOSS","M","?","?","M","?","R","?","R","T","?","?","M","$","M","R","BOSS"],"items_purchased_type":["Card","Relic","Card","Relic","Relic","Relic","Card","Relic","Card"],"build_version":"2020-11-30","purchased_purges":1,"victory":false,"max_hp_per_floor":[75,75,75,75,75,75,75,75,75,75,75,75,75,75,75,75,85,85,85,85,85,85,85,85,85,85,85,92,92,92,92,92,92,92,92,92,92,92,92,92,92,92,92,92,92,92,92,92,92,92,92],"card_choices":[{"not_picked":["Redo","Barrage"],"picked":"Conserve Battery","floor":1},{"not_picked":["Sweeping Beam","Skim"],"picked":"Fusion","floor":2},{"not_picked":["Amplify","Chaos"],"picked":"WeaponsOverheat","floor":6},{"not_picked":["Auto Shields","Hologram"],"picked":"ReplayTheSpireMod:Repulse","floor":7},{"not_picked":["Panic Button","Streamline"],"picked":"ReplayTheSpireMod:Calculation Training","floor":8},{"not_picked":["Hologram","Go for the Eyes"],"picked":"Genetic Algorithm","floor":11},{"not_picked":["Multi-Cast","Barrage"],"picked":"Reprogram","floor":13},{"not_picked":["Koishi:GrowingPain","MadScienceMod:Jetpack"],"picked":"Koishi:SilentAndRestless","floor":16},{"not_picked":["hexamod:BurningTouch","hexamod:AdvancingGuard+1"],"picked":"Koishi:DreadfulBlow","floor":18},{"not_picked":["Guardian:ChargeCore","hexamod:SpectersWail"],"picked":"Koishi:BramblyRoseGarden","floor":19},{"not_picked":["SashWhip","expansioncontent:FaceSlap+1"],"picked":"Pommel Strike+1","floor":22},{"not_picked":["conspire:Purge","blademaster:AspectOfWind"],"picked":"somnambulantmod: BrainFeeder","floor":23},{"not_picked":["Gash+1","sneckomod:IronFang"],"picked":"somnambulantmod: Stumble","floor":25},{"not_picked":["Shade:AblativeArmor","sneckomod:QuickBite"],"picked":"ReplayTheSpireMod:Uncanny Aura","floor":29},{"not_picked":["Shade:GraveStillness+1","Leg Sweep"],"picked":"Discovery","floor":30},{"not_picked":["Shade:FuneraryArmor","Streamline"],"picked":"Shade:Frenzy","floor":31},{"not_picked":["Echo Form","ReplayTheSpireMod:Fabricate Wheel"],"picked":"Midas Touch","floor":33},{"not_picked":["ReplayTheSpireMod:System Scan","somnambulantmod: HeadSmack"],"picked":"hermit:Quickdraw","floor":35},{"not_picked":["blademaster:BloodyBlow+1","Shade:CommandSoldier"],"picked":"somnambulantmod: MindWave+1","floor":38},{"not_picked":["Finisher","Shade:FreshBones"],"picked":"Guardian:BronzeArmor+1","floor":39},{"not_picked":["Koishi:FleetingPhantom+1","Shade:Carnophage+1"],"picked":"Koishi:Untouchable+1","floor":41},{"not_picked":["Sword Boomerang+1","sneckomod:UnknownCommonAttack+1"],"picked":"somnambulantmod: Extract+1","floor":46},{"not_picked":["Koishi:Jaunt+1","Deflect+1","Slimebound:Overexert"],"picked":"SKIP","floor":48}],"player_experience":175517,"relics_obtained":[{"floor":6,"key":"Replay:Wax Seal"},{"floor":8,"key":"Ornamental Fan"},{"floor":9,"key":"hubris:RGBLights"},{"floor":17,"key":"Smiling Mask"},{"floor":17,"key":"Pear"},{"floor":17,"key":"hubris:FunFungus"},{"floor":20,"key":"Bronze Scales"},{"floor":22,"key":"Red Mask"},{"floor":23,"key":"Blood Vial"},{"floor":26,"key":"Iron Hammer"},{"floor":41,"key":"hubris:Potato"},{"floor":43,"key":"hubris:PeanutButter"}],"event_choices":[{"damage_healed":0,"gold_gain":53,"player_choice":"Gained Gold","damage_taken":0,"max_hp_gain":0,"max_hp_loss":0,"event_name":"Golden Wing","floor":5,"gold_loss":0},{"damage_healed":0,"gold_gain":0,"player_choice":"Take Damage","damage_taken":18,"relics_obtained":["Golden Idol"],"max_hp_gain":0,"max_hp_loss":0,"event_name":"Golden Idol","floor":15,"gold_loss":0},{"damage_healed":0,"gold_gain":0,"player_choice":"Fought Bandits","damage_taken":0,"max_hp_gain":0,"max_hp_loss":0,"event_name":"Masked Bandits","floor":22,"gold_loss":0},{"damage_healed":0,"gold_gain":0,"player_choice":"Fight","damage_taken":0,"max_hp_gain":0,"max_hp_loss":0,"event_name":"Mysterious Sphere","floor":41,"gold_loss":0},{"damage_healed":0,"gold_gain":0,"player_choice":"Leave","damage_taken":0,"max_hp_gain":0,"max_hp_loss":0,"event_name":"conspire:Investor","floor":44,"gold_loss":0},{"cards_removed":["Strike_B"],"damage_healed":0,"gold_gain":0,"player_choice":"Removed Attack","damage_taken":0,"max_hp_gain":0,"max_hp_loss":0,"event_name":"Falling","floor":45,"gold_loss":0}],"is_beta":false,"boss_relics":[{"not_picked":["SacredBark","Nuclear Battery"],"picked":"Calling Bell"},{"not_picked":["hubris:VirtuousBlindfold","hubris:Stopwatch"],"picked":"hubris:RunicObelisk"}],"items_purged_floors":[3],"is_endless":false,"potions_floor_spawned":[1,7,11,13,16,18,19,25,31,39,41],"killed_by":"Donu and Deca","ascension_level":0}}