{"host":"81h68oe4mr04pk3r","time":1607760291,"event":{"mods":["Act Like it!","Aspiration","BaseMod","BetterRewards","Colored Map","Colored Powertips","Conspire","Downfall","Hermit","Hubris","Infinite Spire","Jorbs\u0027s Wanderer Trilogy","Koishi","Lobotomy","LobotomyExtend","Marisa????????","Minty Spire (QoL Compilation)","Quick Restart","Reimu??????","Remilia??????","Replay The Spire","StSLib","The Bug Knight","The Construct","The Cursed","The Disciple","The Servant 0.9.4"],"gold_per_floor":[116,116,131,146,21,21,49,49,127,127,146,161,180,180,180],"floor_reached":14,"playtime":604,"items_purged":[],"score":92,"play_id":"205c0924-fd4d-4cdd-8989-462efe48bced","local_time":"20201212000451","is_ascension_mode":false,"campfire_choices":[{"data":"LockedMedicine","floor":6,"key":"SMITH"},{"floor":8,"key":"REST"},{"data":"PowerUp","floor":10,"key":"SMITH"}],"circlet_count":0,"master_deck":["Strike_MRS","Strike_MRS","Strike_MRS","Strike_MRS","Defend_MRS","Defend_MRS","Defend_MRS","Defend_MRS","MasterSpark","UpSweep","WitchLeyline+1","ShootingEcho","PowerUp+1","EarthLightRay","LockedMedicine+1","Singularity","MilkyWay","SporeBomb","MilkyWay"],"relics":["MiniHakkero","aspiration:Nostalgia","m_MercuryCore","LetterFromLob","Omamori","Question Card"],"acts_visited":["Exordium"],"potions_floor_usage":[7,13,14],"damage_taken":[{"damage":5,"enemies":"2 Louse","floor":1,"turns":2},{"damage":0,"enemies":"Cultist","floor":3,"turns":2},{"damage":6,"enemies":"Jaw Worm","floor":4,"turns":2},{"damage":35,"enemies":"Gremlin Nob","floor":7,"turns":4},{"damage":23,"enemies":"Large Slime","floor":11,"turns":4},{"damage":4,"enemies":"2 Fungi Beasts","floor":12,"turns":2},{"damage":25,"enemies":"Exordium Thugs","floor":13,"turns":4},{"damage":11,"enemies":"3 Sentries","floor":14,"turns":1}],"seed_played":"-2953900807984659684","potions_obtained":[{"floor":4,"key":"SkillPotion"},{"floor":12,"key":"LiquidBronze"},{"floor":13,"key":"sneckomod:MuddlingPotion"}],"is_trial":false,"path_per_floor":["M","?","M","M","$","R","E","R","T","R","M","M","M","E"],"character_chosen":"MARISA","items_purchased":["EarthLightRay","LockedMedicine"],"campfire_rested":1,"item_purchase_floors":[5,5],"current_hp_per_floor":[70,70,70,64,64,64,33,55,55,55,36,32,11,0,0],"gold":180,"neow_bonus":"NOSTALGIA","is_daily":false,"chose_seed":false,"campfire_upgraded":2,"win_rate":0.0,"timestamp":1607760291,"path_taken":["M","?","M","M","$","R","E","R","T","R","M","M","?","E"],"items_purchased_type":["Card","Card"],"build_version":"2020-11-30","purchased_purges":0,"victory":false,"max_hp_per_floor":[75,75,75,75,75,75,75,75,75,75,75,75,75,75,75],"card_choices":[{"not_picked":["MilkyWay","ShootTheMoon"],"picked":"WitchLeyline","floor":1},{"not_picked":["WitchOfGreed","SprinkleStarSeal"],"picked":"ShootingEcho","floor":3},{"not_picked":["MilkyWay","White Noise"],"picked":"PowerUp","floor":4},{"not_picked":["MachineGunSpark","UnstableBomb"],"picked":"Singularity","floor":7},{"not_picked":["PropBag","NonDirectionalLaser","GrandCross"],"picked":"MilkyWay","floor":11},{"not_picked":["LockedIceCream","WitchOfGreed","AsteroidBelt"],"picked":"SporeBomb","floor":12},{"not_picked":["MagicAbsorber","LockedWarPaint","TreasureHunter"],"picked":"MilkyWay","floor":13}],"player_experience":92853,"relics_obtained":[{"floor":1,"key":"LetterFromLob"},{"floor":7,"key":"Omamori"},{"floor":9,"key":"Question Card"}],"event_choices":[{"damage_healed":0,"gold_gain":0,"player_choice":"Upgraded","damage_taken":0,"max_hp_gain":0,"max_hp_loss":0,"event_name":"Upgrade Shrine","floor":2,"gold_loss":0,"cards_upgraded":["WitchLeyline"]}],"is_beta":false,"boss_relics":[],"items_purged_floors":[],"is_endless":false,"potions_floor_spawned":[4,12,13],"killed_by":"3 Sentries","ascension_level":0}}