{"host":"8fup84v061vi31le","time":1607738008,"event":{"mods":["BaseMod","Better Match","Better Third Choice","Minty Spire (QoL Compilation)","Replay The Spire","StSLib"],"gold_per_floor":[110,110,129,144,162,197,197,232,232,232,565,565,578,596,596,596,596],"floor_reached":16,"playtime":597,"items_purged":[],"score":134,"play_id":"53a48170-ebd3-42ed-93c9-31e22ba7a374","local_time":"20201212095328","is_ascension_mode":true,"campfire_choices":[{"floor":7,"key":"REST"},{"floor":15,"key":"REST"}],"circlet_count":0,"master_deck":["Strike_G","Strike_G","Strike_G","Strike_G","Strike_G","Defend_G","Defend_G","Defend_G","Defend_G","Defend_G","Neutralize","Eviscerate","Blade Dance","Underhanded Strike","Accuracy","Hidden Blade","Dagger Throw","m_Survivalism","Accuracy"],"relics":["Replay:Bronze Core","CultistMask","Pear","Mercury Hourglass","Calipers","Old Coin"],"acts_visited":["Exordium"],"potions_floor_usage":[16],"damage_taken":[{"damage":7,"enemies":"2 Louse","floor":1,"turns":3},{"damage":0,"enemies":"Cultist","floor":3,"turns":4},{"damage":0,"enemies":"Small Slimes","floor":4,"turns":3},{"damage":5,"enemies":"Red Slaver","floor":5,"turns":3},{"damage":26,"enemies":"Gremlin Nob","floor":6,"turns":4},{"damage":35,"enemies":"3 Sentries","floor":8,"turns":7},{"damage":16,"enemies":"Lagavulin","floor":11,"turns":5},{"damage":0,"enemies":"Looter","floor":13,"turns":3},{"damage":6,"enemies":"Exordium Wildlife","floor":14,"turns":4},{"damage":0,"enemies":"Slime Boss","floor":16,"turns":2}],"seed_played":"-2911426078414338286","potions_obtained":[{"floor":1,"key":"EssenceOfSteel"},{"floor":3,"key":"DistilledChaos"},{"floor":8,"key":"Adrenaline Potion"},{"floor":14,"key":"Toxic Potion"}],"is_trial":false,"path_per_floor":["M","?","M","M","M","E","R","E","T","?","E","?","M","M","R","B"],"character_chosen":"THE_SILENT","items_purchased":[],"campfire_rested":2,"item_purchase_floors":[],"current_hp_per_floor":[63,63,63,63,58,42,66,31,31,31,15,15,15,9,33,33,33],"gold":596,"neow_bonus":"BOSS_RELIC","is_daily":false,"chose_seed":false,"campfire_upgraded":0,"win_rate":0.0,"timestamp":1607738008,"path_taken":["M","?","M","?","M","E","R","E","T","?","E","?","?","M","R","BOSS"],"items_purchased_type":[],"build_version":"2020-11-30","purchased_purges":0,"victory":false,"max_hp_per_floor":[70,70,70,70,70,80,80,80,80,80,80,80,80,80,80,80,80],"card_choices":[{"not_picked":["Escape Plan","Deflect"],"picked":"Eviscerate","floor":1},{"not_picked":["Poisoned Stab","Sucker Punch"],"picked":"Blade Dance","floor":3},{"not_picked":["Slice","Deadly Poison"],"picked":"Underhanded Strike","floor":4},{"not_picked":["Cloak And Dagger","Dagger Throw"],"picked":"Accuracy","floor":5},{"not_picked":["Riddle With Holes","Noxious Fumes"],"picked":"Hidden Blade","floor":6},{"not_picked":["Flying Knee","Poisoned Stab"],"picked":"Dagger Throw","floor":8},{"not_picked":["Slice","Dodge and Roll"],"picked":"Accuracy","floor":11},{"not_picked":["Underhanded Strike","Quick Slash","Fluid Movement"],"picked":"SKIP","floor":13},{"not_picked":["Poisoned Stab","Sucker Punch","Sneak Up"],"picked":"SKIP","floor":14}],"player_experience":61073,"relics_obtained":[{"floor":6,"key":"Pear"},{"floor":8,"key":"Mercury Hourglass"},{"floor":9,"key":"Calipers"},{"floor":11,"key":"Old Coin"}],"event_choices":[{"damage_healed":0,"gold_gain":0,"player_choice":"Trade","damage_taken":0,"relics_obtained":["CultistMask"],"max_hp_gain":0,"max_hp_loss":0,"event_name":"FaceTrader","floor":2,"gold_loss":0},{"damage_healed":0,"gold_gain":0,"player_choice":"Bought 0 Potions","damage_taken":0,"max_hp_gain":0,"max_hp_loss":0,"event_name":"The Woman in Blue","floor":12,"gold_loss":0}],"is_beta":false,"boss_relics":[],"items_purged_floors":[],"is_endless":false,"potions_floor_spawned":[1,3,8,13,14],"killed_by":"Slime Boss","ascension_level":2}}