{"host":"e4v7qm1hfdiswj4x","time":1607742838,"event":{"mods":["AchievementEnabler","BaseMod","Colored Powertips","Downfall","Highlight Path","Minty Spire (QoL Compilation)","Relic Stats","StSLib"],"gold_per_floor":[0,100,100,115,52,67,67,67,86,118,136,148,148,148,158,260,260,260],"floor_reached":17,"playtime":739,"items_purged":[],"score":182,"play_id":"e79ffbc9-d4cd-401f-bbd3-ca9a50b34be6","local_time":"20201211221358","is_ascension_mode":false,"campfire_choices":[{"data":"hexamod:GiftsFromTheDead","floor":1,"key":"SMITH"},{"data":"hexamod:Float","floor":3,"key":"SMITH"},{"data":"hexamod:Sear","floor":8,"key":"SMITH"}],"circlet_count":0,"master_deck":["hexamod:Strike","hexamod:Strike","hexamod:Strike","hexamod:Strike","hexamod:Defend","hexamod:Defend","hexamod:Defend","hexamod:Defend","hexamod:Sear+1","hexamod:Float+1","hexamod:GiftsFromTheDead+1","hexamod:Hexaguard","hexamod:TimeWarp","hexamod:Hexaguard","hexamod:NightmareStrike","hexamod:GhostLash","hexamod:Hexaguard","hexamod:FirstSeal","hexamod:TimeWarp"],"relics":["hexamod:SpiritBrand","Omamori","Question Card","hexamod:MatchstickCase","Sozu"],"acts_visited":["Exordium","TheCity"],"potions_floor_usage":[15],"damage_taken":[{"damage":1,"enemies":"Jaw Worm","floor":4,"turns":4},{"damage":0,"enemies":"downfall:FleeingMerchant","floor":5,"turns":4},{"damage":0,"enemies":"2 Louse","floor":6,"turns":3},{"damage":0,"enemies":"Small Slimes","floor":9,"turns":3},{"damage":0,"enemies":"Lagavulin","floor":10,"turns":6},{"damage":0,"enemies":"Exordium Wildlife","floor":11,"turns":3},{"damage":0,"enemies":"2 Fungi Beasts","floor":12,"turns":3},{"damage":1,"enemies":"Large Slime","floor":15,"turns":4},{"damage":29,"enemies":"downfall:Ironclad","floor":16,"turns":8}],"seed_played":"3060045857938599643","potions_obtained":[{"floor":6,"key":"Block Potion"},{"floor":9,"key":"Regen Potion"},{"floor":10,"key":"Strength Potion"},{"floor":16,"key":"PowerPotion"}],"is_trial":false,"path_per_floor":["R","?","R","M","$","M","T","R","M","E","M","M","?","?","M","B",null],"character_chosen":"THE_SPIRIT","items_purchased":["hexamod:Hexaguard"],"campfire_rested":0,"item_purchase_floors":[5],"current_hp_per_floor":[70,70,70,69,69,69,69,69,69,69,69,69,66,59,65,43,70,70],"gold":260,"neow_bonus":"THREE_RARE_CARDS","is_daily":false,"chose_seed":false,"campfire_upgraded":3,"win_rate":0.0,"timestamp":1607742838,"path_taken":["R","?","R","M","$","M","T","R","M","E","M","M","?","?","M","BOSS"],"items_purchased_type":["Card"],"build_version":"2020-11-30","purchased_purges":0,"victory":false,"max_hp_per_floor":[70,70,70,70,70,70,70,70,70,70,70,70,70,70,70,70,70,70],"relic_stats":{"Sozu":0,"counters":[9,38],"Question Card":4,"obtain_stats":[{"Sozu":17,"Omamori":7,"Question Card":10,"hexamod:SpiritBrand":0,"hexamod:MatchstickCase":13},{"Sozu":9,"Omamori":3,"Question Card":5,"hexamod:SpiritBrand":0,"hexamod:MatchstickCase":7},{"Sozu":38,"Omamori":11,"Question Card":20,"hexamod:SpiritBrand":0,"hexamod:MatchstickCase":26}]},"card_choices":[{"not_picked":["hexamod:ParanormalForm","hexamod:SearingWound"],"picked":"hexamod:GiftsFromTheDead","floor":0},{"not_picked":["hexamod:NightmareStrike","hexamod:RetreatToShadows"],"picked":"hexamod:Hexaguard","floor":4},{"not_picked":["hexamod:SecondSeal","hexamod:RetreatToShadows"],"picked":"hexamod:TimeWarp","floor":5},{"not_picked":["hexamod:GhostShield","hexamod:InspiringFlames","hexamod:SpectralAdrenaline"],"picked":"SKIP","floor":6},{"not_picked":["hexamod:Incineration","hexamod:RainOfEmbers"],"picked":"hexamod:NightmareStrike","floor":9},{"not_picked":["hexamod:BurningTouch","hexamod:BacktrackSmack","hexamod:HeatCrush"],"picked":"SKIP","floor":10},{"not_picked":["hexamod:FastForward","hexamod:SuperheatedStrike","hexamod:BacktrackSmack"],"picked":"hexamod:GhostLash","floor":11},{"not_picked":["hexamod:HauntingEcho","hexamod:Haunt","hexamod:ShieldOfDarkness"],"picked":"hexamod:Hexaguard","floor":12},{"not_picked":["hexamod:AdvancingGuard","hexamod:HauntingEcho","hexamod:HeatCrush","hexamod:GhostShield"],"picked":"SKIP","floor":15},{"not_picked":["hexamod:Toasty","hexamod:TurnItUp","hexamod:UnleashSpirits"],"picked":"hexamod:TimeWarp","floor":16}],"player_experience":150973,"relics_obtained":[{"floor":7,"key":"Omamori"},{"floor":10,"key":"Question Card"}],"event_choices":[{"damage_healed":0,"gold_gain":0,"player_choice":"Success","damage_taken":3,"relics_obtained":["hexamod:MatchstickCase"],"max_hp_gain":0,"max_hp_loss":0,"event_name":"Scrap Ooze","floor":13,"gold_loss":0}],"is_beta":false,"boss_relics":[{"not_picked":["Snecko Eye","Velvet Choker"],"picked":"Sozu"}],"items_purged_floors":[],"is_endless":false,"potions_floor_spawned":[6,9,10,16],"ascension_level":0}}