{"host":"91n1pc4te07j54gv","time":1607793208,"event":{"mods":["BaseMod","BetterRewards","Colored Powertips","Downfall","Highlight Path","Infinite Spire","Minty Spire (QoL Compilation)","Quick Restart","Relic Filter","Relic Stats","Replay The Spire","Spicy Shops","StSLib"],"gold_per_floor":[110,110,122,142,162,162,189,189,260,291,301,320,41,41,41,114,114,126,142,152,12,12,46,66,66,66,98,109,120,120,151,151,225,225,238,252,277,296,296,321,321,346,358,401,303,329,352,375,387,399,411,423,435,23,54,54],"floor_reached":57,"playtime":5029,"items_purged":["Strike_B","Strike_B"],"score":2682,"play_id":"8b812ec1-8179-429a-a96c-9f0f9250032d","local_time":"20201213011328","is_ascension_mode":true,"campfire_choices":[{"data":"ReplayTheSpireMod:Chaos Vortex","floor":6.0,"key":"SMITH"},{"data":"Replay:Dark Deal","floor":8.0,"key":"SMITH"},{"floor":15.0,"key":"RECALL"},{"data":"Seek","floor":25.0,"key":"SMITH"},{"data":"Defragment","floor":32.0,"key":"SMITH"},{"data":"Amplify","floor":53,"key":"SMITH"}],"circlet_count":0,"master_deck":["AscendersBane","Strike_B","Defend_B","Defend_B","Defend_B","Defend_B","Zap","Dualcast","Defragment+1","Replay:Dark Deal+1","Barrage","BootSequence+1","ReplayTheSpireMod:Chaos Vortex+1","Turbo","Defragment","Coolheaded","Rainbow","Cold Snap","Ball Lightning","Thunder Strike","Hallucinations","CurseOfTheBell","Survivor","Creative AI","expansioncontent:DecasProtection","infinitespire:Punishment","Cold Snap","Hologram","Electrodynamics+1","ReplayTheSpireMod:GoodbyeWorld","Seek+1","BootSequence","Cold Snap+1","ReplayTheSpireMod:GoodbyeWorld","Defragment","Capacitor","ReplayTheSpireMod:Calculation Training","Echo Form","Chaos","Amplify+1","Turbo","Self Repair","Madness","Madness","ReplayTheSpireMod:GoodbyeWorld+1","Barrage+1","Turbo+1","Panic Button","Loop+1","BootSequence","Loop+1","Coolheaded+1","Barrage+1","Force Field+1","Mirror Shield","Coolheaded","Capacitor","Chill"],"relics":["Cracked Core","Dead Branch","Juzu Bracelet","Toy Ornithopter","infinitespire:BottledMercury","Anchor","Mummified Hand","HornCleat","Replay:Grab Bag","ChewingGum","Coffee Dripper","ReplayTheSpireMod:SealedPack","Calling Bell","Replay:Rubber Ducky","Pantograph","Ice Cream","Guardian:BottledAnomaly","infinitespire:Bottled Soul","Kunai","Carrot","Replay:Bronze Core","Girya","Prayer Wheel","TungstenRod","Sundial","Prayer Wheel","MawBank","Bag of Marbles","Art of War","Prayer Wheel","Prayer Wheel","Prayer Wheel","Prayer Wheel","Prayer Wheel","War Paint","Centennial Puzzle","Prayer Wheel"],"acts_visited":["Exordium","TheCity","TheBeyond","TheEnding"],"potions_floor_usage":[],"damage_taken":[{"damage":4.0,"enemies":"Small Slimes","floor":1.0,"turns":3.0},{"damage":0.0,"enemies":"2 Louse","floor":3.0,"turns":3.0},{"damage":0.0,"enemies":"Cultist","floor":4.0,"turns":5.0},{"damage":8.0,"enemies":"Large Slime","floor":5.0,"turns":4.0},{"damage":0.0,"enemies":"3 Sentries","floor":7.0,"turns":6.0},{"damage":4.0,"enemies":"Gremlin Nob","floor":10.0,"turns":5.0},{"damage":0.0,"enemies":"Gremlin Gang","floor":11.0,"turns":6.0},{"damage":0.0,"enemies":"Looter","floor":12.0,"turns":2.0},{"damage":3.0,"enemies":"The Guardian","floor":16.0,"turns":8.0},{"damage":0.0,"enemies":"Shell Parasite","floor":18.0,"turns":3.0},{"damage":0.0,"enemies":"3 Byrds","floor":19.0,"turns":2.0},{"damage":0.0,"enemies":"Sentry and Sphere","floor":20.0,"turns":4.0},{"damage":0.0,"enemies":"Replay:Snechameleon","floor":23.0,"turns":3.0},{"damage":0.0,"enemies":"Snake Plant","floor":24.0,"turns":3.0},{"damage":0.0,"enemies":"Book of Stabbing","floor":27.0,"turns":5.0},{"damage":0.0,"enemies":"3 Cultists","floor":28.0,"turns":3.0},{"damage":0.0,"enemies":"Centurion and Healer","floor":29.0,"turns":4.0},{"damage":11.0,"enemies":"Slavers","floor":31.0,"turns":3.0},{"damage":0.0,"enemies":"Collector","floor":33.0,"turns":4.0},{"damage":0.0,"enemies":"3 Darklings","floor":35.0,"turns":2.0},{"damage":0.0,"enemies":"3 Shapes","floor":36.0,"turns":4.0},{"damage":0.0,"enemies":"Mind Bloom Boss Battle","floor":37.0,"turns":7.0},{"damage":6.0,"enemies":"3 Darklings","floor":38.0,"turns":4.0},{"damage":0.0,"enemies":"R_Hoarder","floor":40.0,"turns":8.0},{"damage":0.0,"enemies":"Giant Head","floor":42.0,"turns":8.0},{"damage":17.0,"enemies":"Nightmare","floor":44.0,"turns":7.0},{"damage":0.0,"enemies":"4 Shapes","floor":46.0,"turns":4.0},{"damage":3.0,"enemies":"Transient","floor":47.0,"turns":5.0},{"damage":0.0,"enemies":"Spire Growth","floor":48.0,"turns":6.0},{"damage":9,"enemies":"Time Eater","floor":50,"turns":9},{"damage":0,"enemies":"Replay:Hell Engine","floor":51,"turns":8},{"damage":11,"enemies":"Shield and Spear","floor":55,"turns":8},{"damage":18,"enemies":"The Heart","floor":56,"turns":7}],"seed_played":"-7326058299364579641","potions_obtained":[{"floor":4.0,"key":"Weak Potion"},{"floor":5.0,"key":"Fire Potion"},{"floor":7.0,"key":"DistilledChaos"},{"floor":19.0,"key":"Weak Potion"},{"floor":20.0,"key":"ColorlessPotion"},{"floor":33.0,"key":"Energy Potion"},{"floor":37.0,"key":"SkillPotion"},{"floor":42.0,"key":"SpeedPotion"},{"floor":44.0,"key":"ColorlessPotion"},{"floor":47.0,"key":"SkillPotion"}],"is_trial":false,"path_per_floor":["M","?","M","M","M","R","E","R","T","E","M","M","$","?","R","B",null,"M","M","M","$","?","E","M","R","T","E","M","M","?","E","R","B",null,"M","M","?","M","AVR","E","?","E","T","NM","?","M","M","M","R","B","B",null,"R","$","E","B",null],"character_chosen":"DEFECT","items_purchased":["Dead Branch","Juzu Bracelet","Defragment","Replay:Dark Deal","Barrage","Mummified Hand","Guardian:BottledAnomaly","ReplayTheSpireMod:GoodbyeWorld","War Paint","Coolheaded","Capacitor"],"campfire_rested":0,"item_purchase_floors":[0,0,0,0,0,13,21,21,54,54,54],"current_hp_per_floor":[35,17,27,57,49,49,49,49,49,50,50,50,50,50,50,47,65,65,65,65,65,65,65,65,65,65,65,65,65,65,59,59,71,71,71,71,71,65,65,65,53,60,60,50,50,50,59,71,71,69,71,71,71,71,71,60],"gold":54,"neow_bonus":"","is_daily":false,"chose_seed":false,"campfire_upgraded":5,"win_rate":0.0,"timestamp":1607793208,"path_taken":["M","?","M","M","M","R","E","R","T","E","M","M","$","?","R","BOSS","M","M","M","$","?","E","M","R","T","E","M","M","?","E","R","BOSS","M","M","?","M","AVR","E","?","E","T","NM","?","M","M","M","R","BOSS","BOSS","R","$","E","BOSS"],"items_purchased_type":["Relic","Relic","Card","Card","Card","Relic","Relic","Card","Relic","Card","Card"],"build_version":"2020-11-30","purchased_purges":2,"victory":true,"max_hp_per_floor":[71,71,71,71,71,71,71,71,71,71,71,71,71,71,71,71,71,71,71,71,71,71,71,71,71,71,71,71,71,71,71,71,71,71,71,71,71,71,71,71,71,71,71,71,71,71,71,71,71,71,71,71,71,71,71,71],"relic_stats":{"counters":[175,771],"Dead Branch":[230],"Juzu Bracelet":1,"War Paint":["Turbo","BootSequence"],"MawBank":144,"Centennial Puzzle":[3],"Mummified Hand":[482],"Sundial":[4],"Pantograph":14,"Prayer Wheel":21,"Art of War":[4],"Kunai":[23],"obtain_stats":[{"infinitespire:BottledMercury":54,"infinitespire:Cubic Diamond":2,"Ginger":0,"Bottled Tornado":53,"Boot":8,"FrozenCore":17,"Replay:Ringing Soul":9,"infinitespire:ShieldingShard":13,"Sundial":40,"Replay:Bronze Core":34,"MealTicket":26,"infinitespire:Golems Mask":13,"Fusion Hammer":17,"HandDrill":0,"Kunai":27,"Replay:Wax Seal":53,"Counterbalance":25,"Blue Candle":0,"Pen Nib":23,"ReplayTheSpireMod:SealedPack":17,"Guardian:PocketSentry":10,"infinitespire:Magic Flask":49,"infinitespire:EvilPickle":33,"SlaversCollar":17,"infinitespire:Lychee Nut":21,"Bird Faced Urn":0,"Pandora\u0027s Box":0,"StrikeDummy":34,"Solar Panel":6,"Lantern":11,"Regal Pillow":14,"Carrot":31,"Singing Bowl":26,"Torii":53,"Blue Doll":13,"Bag of Preparation":30,"Smiling Mask":12,"Ancient Tea Set":40,"Pet Ghost":46,"Replay:Rubber Ducky":17,"Matryoshka":12,"Shovel":0,"infinitespire:Bottled Soul":23,"WingedGreaves":7,"Replay:Bottled Eggs":40,"Guardian:BottledAnomaly":21,"InkBottle":23,"Potion Belt":23,"Lee\u0027s Waffle":14,"infinitespire:Joker Card":0,"Geode":7,"Frozen Egg 2":0,"MawBank":43,"Replay:Arrowhead":0,"Nuclear Battery":17,"Orrery":0,"Garlic":8,"Art of War":53,"ReplayTheSpireMod:Lightbulb":30,"Toy Ornithopter":42,"infinitespire:Freezer":43,"Ice Cream":21,"Calipers":7,"Vajra":10,"Runic Capacitor":0,"Sozu":17,"Lizard Tail":24,"Centennial Puzzle":48,"infinitespire:SolderingIron":0,"Replay:Frozen Program":19,"HornCleat":14,"DollysMirror":11,"Prayer Wheel":34,"Philosopher\u0027s Stone":34,"Iron Hammer":12,"Toxic Egg 2":0,"Girya":0,"Happy Flower":40,"Replay:Grab Bag":17,"Dead Branch":0,"Oddly Smooth Stone":54,"infinitespire:Beetle Shell":10,"Letter Opener":32,"War Paint":54,"Du-Vu Doll":53,"OrangePellets":0,"Replay:Baseball":28,"Bottled Flame":14,"Bronze Scales":10,"Molten Egg 2":4,"ReplayTheSpireMod:TigerMarble":2,"infinitespire:EmpoweringShard":28,"Black Star":34,"Symbiotic Virus":3,"Mirror":52,"Meat on the Bone":0,"SacredBark":17,"Incense Burner":24,"Juzu Bracelet":41,"Empty Cage":17,"ClockworkSouvenir":0,"Frozen Eye":53,"Nunchaku":23,"Mummified Hand":9,"Pantograph":17,"Tiny Chest":21,"Red Mask":22,"Replay:Bottled Snecko":6,"Replay:Antivirus Software":53,"Cracked Core":0,"Gremlin Food":53,"ReplayTheSpireMod:Ninjato":44,"Quantum Egg":4,"Replay:WaspNest":42,"White Beast Statue":28,"Mercury Hourglass":14,"Calling Bell":34,"Strange Spoon":6,"DataDisk":29,"CaptainsWheel":0,"Anchor":6,"Pondfish Scales":9,"infinitespire:Satchel":34,"ChewingGum":17,"Coffee Dripper":17,"Bag of Marbles":13,"Membership Card":53,"FossilizedHelix":21,"TungstenRod":0,"ReplayTheSpireMod:ShopPack":53},{"infinitespire:BottledMercury":69,"infinitespire:Cubic Diamond":1,"Ginger":70,"Bottled Tornado":68,"Boot":132,"FrozenCore":48,"Replay:Ringing Soul":33,"infinitespire:ShieldingShard":36,"Sundial":166,"Replay:Bronze Core":161,"MealTicket":14,"infinitespire:Golems Mask":134,"Fusion Hammer":48,"HandDrill":29,"Kunai":157,"Replay:Wax Seal":126,"Counterbalance":83,"Blue Candle":128,"Pen Nib":140,"ReplayTheSpireMod:SealedPack":151,"Guardian:PocketSentry":34,"infinitespire:Magic Flask":96,"infinitespire:EvilPickle":57,"SlaversCollar":79,"infinitespire:Lychee Nut":12,"Bird Faced Urn":29,"Pandora\u0027s Box":0,"StrikeDummy":57,"Solar Panel":131,"Lantern":6,"Regal Pillow":9,"Carrot":160,"Singing Bowl":53,"Torii":68,"Blue Doll":36,"Bag of Preparation":55,"Smiling Mask":47,"Ancient Tea Set":120,"Pet Ghost":94,"Replay:Rubber Ducky":151,"Matryoshka":36,"Shovel":70,"infinitespire:Bottled Soul":155,"WingedGreaves":76,"Replay:Bottled Eggs":120,"Guardian:BottledAnomaly":154,"InkBottle":13,"Potion Belt":27,"Lee\u0027s Waffle":22,"infinitespire:Joker Card":15,"Geode":4,"Frozen Egg 2":70,"MawBank":91,"Replay:Arrowhead":128,"Nuclear Battery":106,"Orrery":15,"Garlic":19,"Art of War":126,"ReplayTheSpireMod:Lightbulb":85,"Toy Ornithopter":121,"infinitespire:Freezer":64,"Ice Cream":12,"Calipers":32,"Vajra":4,"Runic Capacitor":70,"Sozu":23,"Lizard Tail":53,"Centennial Puzzle":96,"infinitespire:SolderingIron":99,"Replay:Frozen Program":137,"HornCleat":150,"DollysMirror":76,"Prayer Wheel":57,"Philosopher\u0027s Stone":87,"Iron Hammer":76,"Toxic Egg 2":99,"Girya":99,"Happy Flower":62,"Replay:Grab Bag":48,"Dead Branch":142,"Oddly Smooth Stone":127,"infinitespire:Beetle Shell":20,"Letter Opener":86,"War Paint":173,"Du-Vu Doll":97,"OrangePellets":70,"Replay:Baseball":27,"Bottled Flame":47,"Bronze Scales":45,"Molten Egg 2":16,"ReplayTheSpireMod:TigerMarble":30,"infinitespire:EmpoweringShard":54,"Black Star":116,"Symbiotic Virus":30,"Mirror":97,"Meat on the Bone":128,"SacredBark":10,"Incense Burner":82,"Juzu Bracelet":90,"Empty Cage":48,"ClockworkSouvenir":128,"Frozen Eye":97,"Nunchaku":82,"Mummified Hand":76,"Pantograph":151,"Tiny Chest":25,"Red Mask":51,"Replay:Bottled Snecko":43,"Replay:Antivirus Software":126,"Cracked Core":0,"Gremlin Food":97,"ReplayTheSpireMod:Ninjato":65,"Quantum Egg":2,"Replay:WaspNest":64,"White Beast Statue":84,"Mercury Hourglass":78,"Calling Bell":57,"Strange Spoon":17,"DataDisk":28,"CaptainsWheel":70,"Anchor":103,"Pondfish Scales":132,"infinitespire:Satchel":57,"ChewingGum":151,"Coffee Dripper":48,"Bag of Marbles":105,"Membership Card":97,"FossilizedHelix":80,"TungstenRod":99,"ReplayTheSpireMod:ShopPack":126},{"infinitespire:BottledMercury":336,"infinitespire:Cubic Diamond":2,"Ginger":342,"Bottled Tornado":332,"Boot":568,"FrozenCore":218,"Replay:Ringing Soul":147,"infinitespire:ShieldingShard":158,"Sundial":709,"Replay:Bronze Core":684,"MealTicket":63,"infinitespire:Golems Mask":577,"Fusion Hammer":218,"HandDrill":137,"Kunai":670,"Replay:Wax Seal":541,"Counterbalance":384,"Blue Candle":550,"Pen Nib":600,"ReplayTheSpireMod:SealedPack":650,"Guardian:PocketSentry":152,"infinitespire:Magic Flask":412,"infinitespire:EvilPickle":276,"SlaversCollar":373,"infinitespire:Lychee Nut":50,"Bird Faced Urn":137,"Pandora\u0027s Box":0,"StrikeDummy":276,"Solar Panel":563,"Lantern":23,"Regal Pillow":32,"Carrot":680,"Singing Bowl":246,"Torii":332,"Blue Doll":158,"Bag of Preparation":256,"Smiling Mask":207,"Ancient Tea Set":516,"Pet Ghost":409,"Replay:Rubber Ducky":650,"Matryoshka":158,"Shovel":342,"infinitespire:Bottled Soul":662,"WingedGreaves":364,"Replay:Bottled Eggs":516,"Guardian:BottledAnomaly":659,"InkBottle":56,"Potion Belt":124,"Lee\u0027s Waffle":97,"infinitespire:Joker Card":70,"Geode":14,"Frozen Egg 2":342,"MawBank":403,"Replay:Arrowhead":550,"Nuclear Battery":460,"Orrery":70,"Garlic":81,"Art of War":541,"ReplayTheSpireMod:Lightbulb":388,"Toy Ornithopter":520,"infinitespire:Freezer":312,"Ice Cream":50,"Calipers":145,"Vajra":14,"Runic Capacitor":342,"Sozu":108,"Lizard Tail":246,"Centennial Puzzle":412,"infinitespire:SolderingIron":421,"Replay:Frozen Program":591,"HornCleat":642,"DollysMirror":364,"Prayer Wheel":276,"Philosopher\u0027s Stone":394,"Iron Hammer":364,"Toxic Egg 2":421,"Girya":421,"Happy Flower":299,"Replay:Grab Bag":218,"Dead Branch":608,"Oddly Smooth Stone":544,"infinitespire:Beetle Shell":87,"Letter Opener":390,"War Paint":756,"Du-Vu Doll":416,"OrangePellets":342,"Replay:Baseball":124,"Bottled Flame":207,"Bronze Scales":197,"Molten Egg 2":73,"ReplayTheSpireMod:TigerMarble":139,"infinitespire:EmpoweringShard":252,"Black Star":499,"Symbiotic Virus":139,"Mirror":416,"Meat on the Bone":550,"SacredBark":41,"Incense Burner":379,"Juzu Bracelet":401,"Empty Cage":218,"ClockworkSouvenir":550,"Frozen Eye":416,"Nunchaku":379,"Mummified Hand":364,"Pantograph":650,"Tiny Chest":114,"Red Mask":235,"Replay:Bottled Snecko":187,"Replay:Antivirus Software":541,"Cracked Core":0,"Gremlin Food":416,"ReplayTheSpireMod:Ninjato":317,"Quantum Egg":4,"Replay:WaspNest":312,"White Beast Statue":386,"Mercury Hourglass":369,"Calling Bell":276,"Strange Spoon":76,"DataDisk":136,"CaptainsWheel":342,"Anchor":438,"Pondfish Scales":568,"infinitespire:Satchel":276,"ChewingGum":650,"Coffee Dripper":218,"Bag of Marbles":449,"Membership Card":416,"FossilizedHelix":375,"TungstenRod":421,"ReplayTheSpireMod:ShopPack":541}],"Toy Ornithopter":20,"TungstenRod":25},"card_choices":[{"not_picked":["Conserve Battery","Streamline"],"picked":"BootSequence","floor":1.0},{"not_picked":["infinitespire:UltimateForm","ReplayTheSpireMod:??????????????????????"],"picked":"ReplayTheSpireMod:Chaos Vortex","floor":2.0},{"not_picked":["BasicCrystalCard","Rebound"],"picked":"Turbo","floor":3.0},{"not_picked":["ReplayTheSpireMod:Repulse","Doom and Gloom"],"picked":"Defragment","floor":4.0},{"not_picked":["Turbo","Rip and Tear"],"picked":"Coolheaded","floor":5.0},{"not_picked":["Rebound","Ball Lightning"],"picked":"Rainbow","floor":7.0},{"not_picked":["Compile Driver","ReplayTheSpireMod:Reroute Power"],"picked":"Cold Snap","floor":10.0},{"not_picked":["Compile Driver","FTL"],"picked":"Ball Lightning","floor":11.0},{"not_picked":["Undo","Conserve Battery"],"picked":"ReplayTheSpireMod:Calculation Training","floor":12.0},{"not_picked":["Mirror Shield","Reboot"],"picked":"Thunder Strike","floor":16.0},{"not_picked":["sneckomod:SnekBite","hexamod:Sear"],"picked":"Survivor","floor":17.0},{"not_picked":["Buffer","Multi-Cast"],"picked":"Creative AI","floor":17.0},{"not_picked":["Madness","Mind Blast"],"picked":"expansioncontent:DecasProtection","floor":17.0},{"not_picked":["infinitespire:SealOfDarkness+","infinitespire:Execution"],"picked":"infinitespire:Punishment","floor":17.0},{"not_picked":["Steam","Barrage"],"picked":"Cold Snap","floor":18.0},{"not_picked":["Auto Shields+1","Compile Driver"],"picked":"Hologram","floor":19.0},{"not_picked":["Steam","Leap"],"picked":"Electrodynamics","floor":20.0},{"not_picked":["Turbo","Redo"],"picked":"Seek","floor":23.0},{"not_picked":["Compile Driver","Sweeping Beam"],"picked":"BootSequence","floor":24.0},{"not_picked":["Ball Lightning","Barrage"],"picked":"Cold Snap+1","floor":27.0},{"not_picked":["ReplayTheSpireMod:Repulse","Rebound"],"picked":"ReplayTheSpireMod:GoodbyeWorld","floor":28.0},{"not_picked":["Conserve Battery+1","Beam Cell"],"picked":"Defragment","floor":29.0},{"not_picked":["Cold Snap","Redo+1"],"picked":"ReplayTheSpireMod:Calculation Training","floor":31.0},{"not_picked":["Electrodynamics","Thunder Strike"],"picked":"Echo Form","floor":33.0},{"not_picked":["Static Discharge","Redo"],"picked":"Chaos","floor":35.0},{"not_picked":["Cold Snap","Barrage"],"picked":"Amplify","floor":36.0},{"not_picked":["Beam Cell","Reprogram"],"picked":"Turbo","floor":38.0},{"not_picked":["Lockon","Leap","Compile Driver"],"picked":"SKIP","floor":38.0},{"not_picked":["Steam","Conserve Battery"],"picked":"Self Repair","floor":40.0},{"not_picked":["Leap","Conserve Battery+1"],"picked":"ReplayTheSpireMod:GoodbyeWorld+1","floor":42.0},{"not_picked":["Streamline","Redo"],"picked":"Barrage+1","floor":44.0},{"not_picked":["Rebound","Darkness"],"picked":"Turbo","floor":46.0},{"not_picked":["Gash","Cold Snap"],"picked":"Panic Button","floor":46.0},{"not_picked":["Rebound+1","Gash","ReplayGash"],"picked":"SKIP","floor":46.0},{"not_picked":["Reboot","Sunder"],"picked":"Loop+1","floor":47.0},{"not_picked":["Redo+1","Streamline"],"picked":"BootSequence","floor":47.0},{"not_picked":["Rip and Tear","Compile Driver"],"picked":"Loop+1","floor":47.0},{"not_picked":["Turbo","ReplayGash"],"picked":"Coolheaded","floor":47.0},{"not_picked":["ReplayTheSpireMod:Omega Cannon","Cold Snap"],"picked":"Barrage+1","floor":48.0},{"not_picked":["Steam","Gash"],"picked":"Force Field+1","floor":48.0},{"not_picked":["Ball Lightning","Redo"],"picked":"Mirror Shield","floor":48.0},{"not_picked":["Leap","Stack","Sweeping Beam"],"picked":"SKIP","floor":48.0},{"not_picked":["Conserve Battery","Sweeping Beam","Leap+1"],"picked":"SKIP","floor":48.0},{"not_picked":["Rip and Tear+1","Streamline+1"],"picked":"Chill","floor":55}],"player_experience":958222,"relics_obtained":[{"floor":7.0,"key":"Toy Ornithopter"},{"floor":9.0,"key":"infinitespire:BottledMercury"},{"floor":10.0,"key":"Anchor"},{"floor":17.0,"key":"Replay:Rubber Ducky"},{"floor":17.0,"key":"Pantograph"},{"floor":17.0,"key":"Ice Cream"},{"floor":23.0,"key":"infinitespire:Bottled Soul"},{"floor":27.0,"key":"Kunai"},{"floor":31.0,"key":"Carrot"},{"floor":37.0,"key":"Girya"},{"floor":40.0,"key":"Sundial"},{"floor":42.0,"key":"MawBank"},{"floor":43.0,"key":"Bag of Marbles"},{"floor":44.0,"key":"Art of War"},{"floor":55,"key":"Centennial Puzzle"}],"event_choices":[{"cards_removed":["ReplayTheSpireMod:Calculation Training"],"damage_healed":0.0,"max_hp_gain":0.0,"max_hp_loss":0.0,"gold_gain":0.0,"event_name":"WeMeetAgain","player_choice":"Gave Card","floor":14.0,"gold_loss":0.0,"damage_taken":0.0,"relics_obtained":["HornCleat"]},{"damage_healed":0.0,"max_hp_gain":0.0,"max_hp_loss":0.0,"gold_gain":0.0,"event_name":"Vampires","player_choice":"Ignored","floor":22.0,"gold_loss":0.0,"damage_taken":0.0},{"damage_healed":0.0,"max_hp_gain":0.0,"max_hp_loss":0.0,"gold_gain":0.0,"cards_transformed":["Strike_B"],"event_name":"Transmorgrifier","player_choice":"Transformed","floor":30.0,"gold_loss":0.0,"damage_taken":0.0,"cards_obtained":["Capacitor"]},{"damage_healed":0.0,"max_hp_gain":0.0,"max_hp_loss":0.0,"gold_gain":0.0,"event_name":"MindBloom","player_choice":"Fight","floor":37.0,"gold_loss":0.0,"damage_taken":0.0},{"damage_healed":0.0,"max_hp_gain":0.0,"max_hp_loss":0.0,"gold_gain":0.0,"event_name":"Winding Halls","player_choice":"Embrace Madness","floor":41.0,"gold_loss":0.0,"damage_taken":13.0,"cards_obtained":["Madness","Madness"]},{"cards_removed":["Writhe"],"damage_healed":0.0,"max_hp_gain":0.0,"max_hp_loss":0.0,"gold_gain":0.0,"event_name":"Designer","player_choice":"Upgrade and Remove","floor":45.0,"gold_loss":110.0,"damage_taken":0.0,"cards_upgraded":["Electrodynamics"]},{"damage_healed":0.0,"max_hp_gain":0.0,"max_hp_loss":0.0,"gold_gain":0.0,"event_name":"Accursed Blacksmith","player_choice":"Forge","floor":49.0,"gold_loss":0.0,"damage_taken":0.0,"cards_upgraded":["Coolheaded"]}],"is_beta":false,"boss_relics":[{"not_picked":["Nuclear Battery","SacredBark"],"picked":"Replay:Grab Bag"},{"not_picked":["infinitespire:Cupcake","Fusion Hammer"],"picked":"ChewingGum"},{"not_picked":["SlaversCollar","Cursed Key"],"picked":"Coffee Dripper"},{"not_picked":["Tiny House","Snecko Heart"],"picked":"ReplayTheSpireMod:SealedPack"},{"not_picked":["Runic Pyramid","Astrolabe"],"picked":"Calling Bell"},{"not_picked":["Replay:Wanted Poster","ReplayTheSpireMod:DimensionalGlitch"],"picked":"Replay:Bronze Core"}],"items_purged_floors":[54,54],"is_endless":false,"potions_floor_spawned":[4,5,7,10,19,20,28,33,36,37,42,44,47],"ascension_level":20}}