{"host":"pn4ue5ll9qsptm52","time":1607753558,"event":{"mods":["BaseMod","Better Altar","Better Synergies","Better Third Choice","Colored Powertips","Communication Mod","Custom Start","DeckTracker","Friendly Minions","GifTheSpireLib","HololiveMod","HumanHunterMod(怪物杀人mod)","Minty Spire (QoL Compilation)","MostiFishMod","Prisma Mod","Remilia（蕾米莉亚）","Replay The Spire","Shop Mod","Spicy Shops","StSLib","SuperFastMode","Uncapped","Waifu the Spire","[IsaacMod]以撒尖塔","vexMod","【功能Mod】混沌之环修复补丁","【遗物卡牌】REMEMod","篝火指南"],"gold_per_floor":[109,109,14,32,32,50,50,67,113,38,55,55,68,83,83,188,188,201,219,319,334,334,334,351,364,433,433,153,166,133,133,133],"floor_reached":31,"playtime":1730,"items_purged":["Looming Evil","Strike_RM"],"score":281,"play_id":"38e068e6-c60f-48ac-b68d-c51da6f045d1","local_time":"20201212141238","is_ascension_mode":false,"campfire_choices":[{"floor":7,"key":"RECALL"},{"floor":12,"key":"REST"},{"floor":15,"key":"REST"},{"floor":23,"key":"REST"}],"circlet_count":0,"master_deck":["Strike_RM","Strike_RM","Strike_RM","Defend_RM","Defend_RM","Defend_RM","RedMoon","ScarletShoot","DoctorFetus","UnstableMagic","KillingBlow","Replay:BasicMightCard","BloodRain","BloodyMagicSquare","ScarletImprint","UnstableMagic","MillenniumVampire","HeartBreak","VampirishNight","SuperhumanBloodyKnife","BloodyMagicSquare","MiserableFate","VampireClaw+1","DiffusionOfMisfortune+1","VampirishNight","ScarletMeister","MastersStateliness+1"],"relics":["ScarletHat","DaveBox","HushsDoor","REME_ComplimentaryCards","FeatherPendant","Chaos","Question Card","Ring of Peace","ReplayTheSpireMod:Ring of Collecting","ImportantClient","Lantern","Ring of Hypnosis","Tiny Chest","MutagenicStrength"],"acts_visited":["Exordium","TheCity"],"potions_floor_usage":[31,31,31],"damage_taken":[{"damage":0,"enemies":"Jaw Worm","floor":1,"turns":2},{"damage":0,"enemies":"Small Slimes","floor":4,"turns":2},{"damage":0,"enemies":"Cultist","floor":6,"turns":3},{"damage":41,"enemies":"3 Louse","floor":8,"turns":2},{"damage":0,"enemies":"Lots of Slimes","floor":11,"turns":6},{"damage":35,"enemies":"Large Slime","floor":13,"turns":5},{"damage":20,"enemies":"2 Fungi Beasts","floor":14,"turns":2},{"damage":24,"enemies":"Hexaghost","floor":16,"turns":9},{"damage":40,"enemies":"Shell Parasite","floor":18,"turns":4},{"damage":31,"enemies":"Chosen","floor":19,"turns":4},{"damage":11,"enemies":"Snake Plant","floor":21,"turns":4},{"damage":18,"enemies":"Centurion and Healer","floor":24,"turns":3},{"damage":29,"enemies":"Cultist and Chosen","floor":25,"turns":4},{"damage":0,"enemies":"Snake Plant","floor":29,"turns":3},{"damage":32,"enemies":"Chosen and Byrds","floor":31,"turns":6}],"seed_played":"-8822570794543648750","potions_obtained":[{"floor":6,"key":"Toxic Potion"},{"floor":8,"key":"SteroidPotion"},{"floor":13,"key":"Doom Potion"},{"floor":14,"key":"Elixir"},{"floor":25,"key":"EssenceOfSteel"}],"is_trial":false,"path_per_floor":["M","?","$","M","?","M","R","M","T","R","M","R","M","M","R","B",null,"M","M","?","M","?","R","M","M","T","?","R","M","R","M"],"character_chosen":"REMILIA","items_purchased":["Replay:BasicMightCard","VampirishNight","VampirishNight","MastersStateliness+1"],"campfire_rested":3,"item_purchase_floors":[3,17,28,30],"current_hp_per_floor":[82,82,82,82,82,82,82,41,41,41,45,69,40,20,44,37,79,45,22,22,13,13,36,25,6,6,6,6,11,11,0,0],"gold":133,"neow_bonus":"TEN_PERCENT_HP_BONUS","is_daily":false,"chose_seed":false,"campfire_upgraded":0,"win_rate":0.0,"timestamp":1607753558,"path_taken":["M","?","$","M","?","M","R","?","T","R","M","R","M","M","R","BOSS","M","M","?","M","?","R","M","M","T","?","R","M","R","M"],"items_purchased_type":["Card","Card","Card","Card"],"build_version":"2020-11-30","purchased_purges":2,"victory":false,"max_hp_per_floor":[82,82,82,82,82,82,82,82,82,82,82,82,82,82,82,82,79,79,79,79,79,79,79,79,79,79,79,79,79,79,79,79],"card_choices":[{"not_picked":[],"picked":"DoctorFetus","floor":0},{"not_picked":["Stigmanizer","Bomb"],"picked":"UnstableMagic","floor":1},{"not_picked":["VampireKiss","RedRainbow","BombardNight","Bomb"],"picked":"SKIP","floor":4},{"not_picked":["EndlessAdversity","ScarletDevil","Stigmanizer"],"picked":"BloodyMagicSquare","floor":6},{"not_picked":["ScarletSymphony","EternalNight","MastersStateliness"],"picked":"ScarletImprint","floor":8},{"not_picked":["ScarletDevilSign","MastersStateliness","StarOfDavid","VampireKiss"],"picked":"SKIP","floor":11},{"not_picked":["Bomb","BloodySeventeenLaser","ScarletDevil"],"picked":"UnstableMagic","floor":13},{"not_picked":["CharismaGuard","ScarletImprint","StarOfDavid"],"picked":"MillenniumVampire","floor":14},{"not_picked":["TricksterDevil","BloodySeventeenLaser","CeilingFear"],"picked":"HeartBreak","floor":16},{"not_picked":["BombardNight+1","ScarletSymphony","MastersStateliness"],"picked":"SuperhumanBloodyKnife","floor":18},{"not_picked":["StarOfDavid","DevilSight+1","UnstableMagic+1"],"picked":"BloodyMagicSquare","floor":19},{"not_picked":["AfternoonTea","VampireKiss","TwelveNightmare"],"picked":"MiserableFate","floor":20},{"not_picked":["EndlessAdversity+1","BloodHunter","FavorOfDestiny"],"picked":"VampireClaw+1","floor":21},{"not_picked":["VampireKiss","StarOfDavid","GlobalNightmare","FavorOfDestiny"],"picked":"SKIP","floor":24},{"not_picked":["Ultimatum","UnderTheZenith","VampireKiss"],"picked":"DiffusionOfMisfortune+1","floor":25},{"not_picked":["BombardNight","DiffusionOfMisfortune","FavorOfDestiny"],"picked":"ScarletMeister","floor":29}],"player_experience":61616,"relics_obtained":[{"floor":1,"key":"Question Card"},{"floor":5,"key":"Ring of Peace"},{"floor":5,"key":"ReplayTheSpireMod:Ring of Collecting"},{"floor":16,"key":"ImportantClient"},{"floor":26,"key":"Ring of Hypnosis"},{"floor":26,"key":"Tiny Chest"}],"event_choices":[{"damage_healed":0,"gold_gain":0,"cards_transformed":["Defend_RM"],"player_choice":"Change","damage_taken":0,"max_hp_gain":0,"max_hp_loss":0,"event_name":"Living Wall","floor":2,"gold_loss":0,"cards_obtained":["KillingBlow"]},{"damage_healed":0,"gold_gain":0,"player_choice":"Inject Mutagens","damage_taken":0,"relics_obtained":["MutagenicStrength"],"max_hp_gain":0,"max_hp_loss":0,"event_name":"Drug Dealer","floor":27,"gold_loss":0}],"is_beta":false,"boss_relics":[{"not_picked":["Replay:Wax Seal","vexMod:ConsolationPrize"],"picked":"Lantern"},{"not_picked":[]}],"items_purged_floors":[10,28],"is_endless":false,"potions_floor_spawned":[6,8,13,14,24,25],"killed_by":"Chosen and Byrds","ascension_level":0}}