{"host":"n529wyrjhujcvty3","time":1607764126,"event":{"mods":["Act Like it!","BaseMod","Better Third Choice","Marisa¡]Ãú«B¡@Å]²z¨F¡^","Minty Spire (QoL Compilation)","Shop Mod","StSLib","The Animator"],"gold_per_floor":[113,123,123,123,139,139,164,164,164,183,183,73,89,103,103,208,208,219,230,253,253,10,10,27,27,27,43,0,0,14,33,33,33,33],"floor_reached":33,"playtime":3115,"items_purged":["Strike_MRS"],"score":274,"play_id":"23fa6c42-0af0-4b46-be37-93a0f7f0e63b","local_time":"20201212170846","is_ascension_mode":false,"campfire_choices":[{"data":"EscapeVelocity","floor":6.0,"key":"SMITH"},{"data":"EventHorizon","floor":11.0,"key":"SMITH"},{"data":"BlazingStar","floor":15.0,"key":"SMITH"},{"data":"Singularity","floor":23,"key":"SMITH"},{"floor":29,"key":"REST"},{"data":"ChargeUpSpray","floor":32,"key":"SMITH"}],"circlet_count":0,"master_deck":["Strike_MRS+1","Strike_MRS+1","Strike_MRS","Defend_MRS","Defend_MRS","Defend_MRS","Defend_MRS","MasterSpark+1","UpSweep+1","EscapeVelocity+1","WitchLeyline","EventHorizon+1","StarlightTyphoon+1","ChargeUpSpray+1","Singularity+1","BlazingStar+1","UltimateShortwave+1","OneTimeOff+1","Orbital+1","DarkMatter+1","WitchLeyline+1","OrrerysSun+1"],"relics":["BewitchedHakkero","MagicBroom","Bottled Flame","Toxic Egg 2","Bronze Scales","MutagenicStrength","Matryoshka","Whetstone","Smiling Mask","Sundial","Boot"],"acts_visited":["Exordium","TheCity"],"potions_floor_usage":[31],"damage_taken":[{"damage":0.0,"enemies":"Small Slimes","floor":1.0,"turns":3.0},{"damage":1.0,"enemies":"Jaw Worm","floor":2.0,"turns":3.0},{"damage":1.0,"enemies":"Cultist","floor":5.0,"turns":3.0},{"damage":16.0,"enemies":"Gremlin Nob","floor":7.0,"turns":3.0},{"damage":11.0,"enemies":"Red Slaver","floor":10.0,"turns":3.0},{"damage":0.0,"enemies":"Exordium Wildlife","floor":13.0,"turns":1.0},{"damage":4.0,"enemies":"Blue Slaver","floor":14.0,"turns":3.0},{"damage":21.0,"enemies":"Hexaghost","floor":16.0,"turns":5.0},{"damage":0.0,"enemies":"Spheric Guardian","floor":18.0,"turns":3.0},{"damage":20.0,"enemies":"2 Thieves","floor":19.0,"turns":3.0},{"damage":21,"enemies":"Shelled Parasite and Fungi","floor":24,"turns":3},{"damage":22,"enemies":"Centurion and Healer","floor":27,"turns":4},{"damage":0,"enemies":"Sentry and Sphere","floor":30,"turns":3},{"damage":4,"enemies":"Snake Plant","floor":31,"turns":3},{"damage":48,"enemies":"Champ","floor":33,"turns":6}],"seed_played":"-8417436947409681933","potions_obtained":[{"floor":1.0,"key":"Ancient Potion"},{"floor":10.0,"key":"BlessingOfTheForge"},{"floor":14.0,"key":"SkillPotion"},{"floor":24,"key":"SpeedPotion"},{"floor":27,"key":"FearPotion"},{"floor":30,"key":"SteroidPotion"}],"is_trial":false,"path_per_floor":["M","M","?","T","M","R","E","?","T","M","R","$","M","M","R","B",null,"M","M","T","?","$","R","M","T","T","M","?","R","M","M","R","B"],"character_chosen":"MARISA","items_purchased":["ChargeUpSpray","Matryoshka"],"campfire_rested":1,"item_purchase_floors":[12,22],"current_hp_per_floor":[75,74,59,59,58,58,42,42,42,31,31,31,31,27,27,6,75,75,55,55,55,55,55,34,34,34,12,12,34,34,30,30,0,0],"gold":33,"neow_bonus":"THREE_RARE_CARDS","is_daily":false,"chose_seed":false,"campfire_upgraded":5,"win_rate":0.0,"timestamp":1607764126,"path_taken":["M","M","?","?","M","R","E","?","T","M","R","$","M","?","R","BOSS","M","M","?","?","$","R","M","?","T","M","?","R","M","?","R","BOSS"],"items_purchased_type":["Card","Relic"],"build_version":"2020-11-30","purchased_purges":1,"victory":false,"max_hp_per_floor":[75,75,75,75,75,75,75,75,75,75,75,75,75,75,75,75,75,75,75,75,75,75,75,75,75,75,75,75,75,75,75,75,75,75],"card_choices":[{"not_picked":["BlazingStar","JA"],"picked":"EscapeVelocity","floor":0.0},{"not_picked":["UnstableBomb","SporeBomb","6A"],"picked":"SKIP","floor":1.0},{"not_picked":["DarkSpark","SprinkleStarSeal"],"picked":"WitchLeyline","floor":2.0},{"not_picked":["SporeBomb","SuperPerseids","MysteriousBeam"],"picked":"SKIP","floor":5.0},{"not_picked":["GrandCross","DoubleSpark"],"picked":"EventHorizon","floor":7.0},{"not_picked":["EnergyFlow","PulseMagic+1"],"picked":"StarlightTyphoon+1","floor":10.0},{"not_picked":["GalacticHalo+1","SuperPerseids+1"],"picked":"Singularity","floor":13.0},{"not_picked":["MilkyWay+1","WitchOfGreed"],"picked":"BlazingStar","floor":14.0},{"not_picked":["AbsoluteMagnitude","CasketOfStar"],"picked":"UltimateShortwave+1","floor":16.0},{"not_picked":["AsteroidBelt+1","GrandCross"],"picked":"OneTimeOff+1","floor":18.0},{"not_picked":["SporeBomb+1","WitchLeyline"],"picked":"Orbital+1","floor":19.0},{"not_picked":["MysteriousBeam","StarBarrage"],"picked":"DarkMatter+1","floor":24},{"not_picked":["GalacticHalo+1","MagicAbsorber+1"],"picked":"WitchLeyline+1","floor":27},{"not_picked":["Acceleration+1","Singularity+1"],"picked":"OrrerysSun+1","floor":30},{"not_picked":["6A+1","GalacticHalo+1","OrrerysSun+1"],"picked":"SKIP","floor":31}],"player_experience":303278,"relics_obtained":[{"floor":4.0,"key":"MagicBroom"},{"floor":7.0,"key":"Bottled Flame"},{"floor":9.0,"key":"Toxic Egg 2"},{"floor":20.0,"key":"Bronze Scales"},{"floor":25,"key":"Whetstone"},{"floor":25,"key":"Smiling Mask"},{"floor":26,"key":"Sundial"},{"floor":26,"key":"Boot"}],"event_choices":[{"damage_healed":74.0,"max_hp_gain":0.0,"max_hp_loss":75.0,"gold_gain":0.0,"event_name":"betterThird:BetterShining","player_choice":"Upgrade","floor":3.0,"gold_loss":0.0,"damage_taken":15.0,"cards_upgraded":["Strike_MRS","UpSweep"]},{"cards_removed":["Clumsy"],"damage_healed":0.0,"max_hp_gain":0.0,"max_hp_loss":0.0,"gold_gain":0.0,"event_name":"Wheel of Change","player_choice":"Card Removal","floor":8.0,"gold_loss":0.0,"damage_taken":0.0},{"damage_healed":0.0,"max_hp_gain":0.0,"max_hp_loss":0.0,"gold_gain":0.0,"event_name":"Drug Dealer","player_choice":"Inject Mutagens","floor":21.0,"gold_loss":0.0,"damage_taken":0.0,"relics_obtained":["MutagenicStrength"]},{"damage_healed":0,"gold_gain":0,"player_choice":"Paid Fearfully","damage_taken":0,"max_hp_gain":0,"max_hp_loss":0,"event_name":"Masked Bandits","floor":28,"gold_loss":43}],"is_beta":false,"boss_relics":[{"not_picked":["Calling Bell","Empty Cage"],"picked":"BewitchedHakkero"}],"items_purged_floors":[12],"is_endless":false,"potions_floor_spawned":[1,10,14,24,27,30],"killed_by":"Champ","ascension_level":0}}