{"host":"tfp298o0a6uof1l0","time":1607770887,"event":{"mods":["BaseMod","Colored Powertips","Friendly Minions","Lobotomy","Minty Spire (QoL Compilation)","StSLib"],"gold_per_floor":[118,131,81,81,93,93,121,136,136,136,165,165,165,165],"floor_reached":13,"playtime":530,"items_purged":[],"score":107,"play_id":"8cf24816-0bbf-4be9-afc0-5d298e12e256","local_time":"20201212200127","is_ascension_mode":true,"campfire_choices":[{"data":"Neutralize","floor":6.0,"key":"SMITH"},{"data":"Concentrate","floor":10.0,"key":"SMITH"},{"floor":12,"key":"REST"}],"circlet_count":0,"master_deck":["Strike_G","Strike_G","Strike_G","Strike_G","Defend_G","Defend_G","Defend_G","Defend_G","Defend_G","Survivor","Neutralize+1","Slice","Finesse","Shame","Backflip","Concentrate+1","Reflex","Footwork"],"relics":["Ring of the Snake","Regal Pillow","Toy Ornithopter","Ornamental Fan","WingedGreaves"],"acts_visited":["Exordium"],"potions_floor_usage":[11],"damage_taken":[{"damage":4.0,"enemies":"Small Slimes","floor":1.0,"turns":6.0},{"damage":3.0,"enemies":"2 Louse","floor":2.0,"turns":3.0},{"damage":1.0,"enemies":"Cultist","floor":5.0,"turns":4.0},{"damage":35.0,"enemies":"3 Sentries","floor":7.0,"turns":13.0},{"damage":1.0,"enemies":"Blue Slaver","floor":8.0,"turns":4.0},{"damage":20,"enemies":"Lagavulin","floor":11,"turns":10},{"damage":61,"enemies":"Gremlin Nob","floor":13,"turns":7}],"seed_played":"-1030585472128515111","potions_obtained":[{"floor":1.0,"key":"SkillPotion"},{"floor":2.0,"key":"Regen Potion"},{"floor":8.0,"key":"CunningPotion"}],"is_trial":false,"path_per_floor":["M","M","?","?","M","R","E","M","T","R","E","R","E"],"character_chosen":"THE_SILENT","items_purchased":[],"campfire_rested":1,"item_purchase_floors":[],"current_hp_per_floor":[66,63,63,63,62,62,42,41,41,41,26,62,1,1],"gold":165,"neow_bonus":"RANDOM_COMMON_RELIC","is_daily":false,"chose_seed":false,"campfire_upgraded":2,"win_rate":0.0,"timestamp":1607770887,"path_taken":["M","M","?","?","M","R","E","?","T","R","E","R","E"],"items_purchased_type":[],"build_version":"2020-11-30","purchased_purges":0,"victory":false,"max_hp_per_floor":[70,70,70,70,70,70,70,70,70,70,70,70,70,70],"card_choices":[{"not_picked":["Endless Agony","Deadly Poison"],"picked":"Slice","floor":1.0},{"not_picked":["Sucker Punch","Skewer","Flying Knee"],"picked":"SKIP","floor":2.0},{"not_picked":["Outmaneuver","Bane"],"picked":"Backflip","floor":5.0},{"not_picked":["Grand Finale","Quick Slash"],"picked":"Concentrate","floor":7.0},{"not_picked":["Flying Knee","Slice"],"picked":"Reflex","floor":8.0},{"not_picked":["Riddle With Holes","Accuracy"],"picked":"Footwork","floor":11}],"player_experience":212154,"relics_obtained":[{"floor":7.0,"key":"Toy Ornithopter"},{"floor":9.0,"key":"Ornamental Fan"},{"floor":11,"key":"WingedGreaves"}],"event_choices":[{"cards_removed":["Strike_G"],"damage_healed":0.0,"max_hp_gain":0.0,"max_hp_loss":0.0,"gold_gain":0.0,"event_name":"The Cleric","player_choice":"Card Removal","floor":3.0,"gold_loss":50.0,"damage_taken":0.0},{"damage_healed":0.0,"max_hp_gain":0.0,"max_hp_loss":0.0,"gold_gain":0.0,"event_name":"Match and Keep!","player_choice":"2 cards matched","floor":4.0,"gold_loss":0.0,"damage_taken":0.0,"cards_obtained":["Finesse","Shame"]}],"is_beta":false,"boss_relics":[],"items_purged_floors":[],"is_endless":false,"potions_floor_spawned":[1,2,8],"killed_by":"Gremlin Nob","ascension_level":3}}