{"host":"1rf9pknejqhzkc4o","time":1607804504,"event":{"mods":["Aspiration","BaseMod","Better Altar","Better Match","Better Note","Better Sensory Stone","Better Skull","Better Third Choice","Colored Map","Colored Powertips","Communication Mod","Conspire","Energized Spire","Hubris","Ironclad Rager","Minty Spire (QoL Compilation)","Quick Restart","RNG Fix","Rare Cards Sparkle","Relic Stats","Replay The Spire","Retaliation","Spicy Shops","StSLib","The Blue Laboratory","Trackpad"],"gold_per_floor":[116,136,136,8,8,8,8,23,47,77,77,77,93,109,109,109,109],"floor_reached":16,"playtime":770,"items_purged":[],"score":90,"play_id":"318c84d6-d4f2-4eb5-a42b-e6372398e767","local_time":"20201212232144","is_ascension_mode":false,"campfire_choices":[{"data":"FollowUp","floor":6,"key":"SMITH"},{"data":"Halt","floor":11,"key":"SMITH"},{"floor":15,"key":"REST"}],"circlet_count":0,"master_deck":["Eruption","Vigilance","ICR:DragonStrike","ICR:DragonStrike","ICR:DragonStrike","ICR:DragonStrike","ICR:CraneWing","ICR:CraneWing","ICR:CraneWing","ICR:CraneWing","EmptyBody","Halt+1","FollowUp+1","Injury","FollowUp+1","BowlingBash+1"],"relics":["PureWater","trackpad:PocketGalaxy","Molten Egg 2","Mercury Hourglass","hubris:SlimyHat","aspiration:HatOfInfinitePower","hubris:PeanutButter","hubris:EvacipatedBox"],"acts_visited":["Exordium"],"potions_floor_usage":[16,16],"damage_taken":[{"damage":0,"enemies":"2 Louse","floor":1,"turns":2},{"damage":0,"enemies":"Cultist","floor":2,"turns":5},{"damage":2,"enemies":"Small Slimes","floor":8,"turns":2},{"damage":29,"enemies":"conspire:MimicChest","floor":10,"turns":6},{"damage":0,"enemies":"3 Louse","floor":13,"turns":2},{"damage":0,"enemies":"Large Slime","floor":14,"turns":4},{"damage":28,"enemies":"The Guardian","floor":16,"turns":6}],"seed_played":"-5566176821277843165","potions_obtained":[{"floor":1,"key":"SteroidPotion"},{"floor":2,"key":"Toxic Potion"},{"floor":10,"key":"DuplicationPotion"}],"is_trial":false,"path_per_floor":["M","M","?","$","?","R","T","M","T","?","R","$","M","M","R","B"],"character_chosen":"WATCHER","items_purchased":["trackpad:PocketGalaxy","FollowUp","hubris:PeanutButter","hubris:EvacipatedBox"],"campfire_rested":1,"item_purchase_floors":[4,4,12,12],"current_hp_per_floor":[72,72,72,72,72,72,72,70,70,41,41,6,6,6,27,0,0],"gold":109,"neow_bonus":"WATCHER_MONK","is_daily":false,"chose_seed":false,"campfire_upgraded":2,"win_rate":0.0,"timestamp":1607804504,"path_taken":["M","?","?","$","?","R","?","M","T","?","R","?","M","?","R","BOSS"],"items_purchased_type":["Relic","Card","Relic","Relic"],"build_version":"2020-11-30","purchased_purges":0,"victory":false,"max_hp_per_floor":[72,72,72,72,72,72,72,72,72,72,72,72,72,72,72,72,72],"relic_stats":{"counters":[7,26],"obtain_stats":[{"trackpad:PocketGalaxy":4,"Molten Egg 2":5,"hubris:PeanutButter":12,"hubris:SlimyHat":9,"PureWater":0,"aspiration:HatOfInfinitePower":10,"hubris:EvacipatedBox":12,"Mercury Hourglass":7},{"trackpad:PocketGalaxy":2,"Molten Egg 2":2,"hubris:PeanutButter":4,"hubris:SlimyHat":3,"PureWater":0,"aspiration:HatOfInfinitePower":4,"hubris:EvacipatedBox":4,"Mercury Hourglass":2},{"trackpad:PocketGalaxy":7,"Molten Egg 2":7,"hubris:PeanutButter":15,"hubris:SlimyHat":9,"PureWater":0,"aspiration:HatOfInfinitePower":15,"hubris:EvacipatedBox":15,"Mercury Hourglass":7}],"Mercury Hourglass":[75]},"card_choices":[{"not_picked":["DeceiveReality","JustLucky"],"picked":"EmptyBody","floor":1},{"not_picked":["FlurryOfBlows","ClearTheMind"],"picked":"Halt","floor":2},{"not_picked":["EmptyMind","Adaptation","Meditate"],"picked":"SKIP","floor":8},{"not_picked":["InnerPeace","Worship"],"picked":"FollowUp+1","floor":10},{"not_picked":["Tantrum+1","Protect"],"picked":"BowlingBash+1","floor":13},{"not_picked":["EmptyBody","Replay:DivineShield","JustLucky+1"],"picked":"SKIP","floor":14}],"player_experience":129457,"relics_obtained":[{"floor":7,"key":"Mercury Hourglass"},{"floor":9,"key":"hubris:SlimyHat"},{"floor":10,"key":"aspiration:HatOfInfinitePower"}],"event_choices":[{"damage_healed":0,"gold_gain":0,"player_choice":"Leave","damage_taken":0,"max_hp_gain":0,"max_hp_loss":0,"event_name":"conspire:Investor","floor":3,"gold_loss":0}],"is_beta":false,"boss_relics":[],"items_purged_floors":[],"is_endless":false,"potions_floor_spawned":[1,2,10,13],"killed_by":"The Guardian","ascension_level":0}}