{"host":"43vb3u4kiuosyd1s","time":1607743879,"event":{"mods":["BaseMod","CapriCore","HololiveMod","Minty Spire (QoL Compilation)","StSLib","Td1madao Mod"],"gold_per_floor":[81,81,256,270,545,545,565,565,643,661,429,447,487,508,508,631,631,654,675,716,716,729,764,788,381,404,503,503,546,546,565,565,695,695,715,715,123,136,195,195,195,528,528,528,528,563,785,64,64,64,64,64,22,47,47],"floor_reached":56,"playtime":3131,"items_purged":["Regret","Hololive_Strike","Doubt"],"score":1536,"play_id":"b47e23d7-b064-4f9f-a25e-eafd92ed2d81","local_time":"20201212123119","is_ascension_mode":false,"campfire_choices":[{"data":"Hololive_CallInugamiKorone","floor":6.0,"key":"SMITH"},{"data":"Hololive_CallOzoraSubaru","floor":8.0,"key":"SMITH"},{"data":"Hololive_CallShirakamiFubuki","floor":15.0,"key":"SMITH"},{"floor":28.0,"key":"DIG"},{"floor":30,"key":"DIG"},{"floor":32,"key":"DIG"},{"floor":40,"key":"DIG"},{"floor":45,"key":"RECALL"},{"data":"Apotheosis","floor":49,"key":"SMITH"},{"floor":52,"key":"DIG"}],"circlet_count":0,"master_deck":["Hololive_Defend","Hololive_Defend","Hololive_StrengthChampion","Hololive_CallUsadaPekora","Hololive_CallTokoyamiTowa","Hololive_CallMinatoAqua","Hololive_CallInugamiKorone+1","Hololive_CallOzoraSubaru+1","Hololive_CallNakiriAyame","Hololive_CallAmaneKanata","Hololive_CocoNews","Hololive_CallOkamiMio","Hololive_CallHimemoriLuna","Hololive_CallShirakamiFubuki+1","Hololive_FlareMind","Hololive_CallYuzukiChoco","Hololive_FlyingPonyTail+1","Hololive_Breathe","Hololive_FlyingPonyTail+1","Apotheosis+1","Hololive_FlyingPonyTail+1","Hololive_Sequa+1","Hololive_CocoNews+1","Hololive_CallHoushouMarine+1"],"relics":["Hololive_TheStar","HandDrill","Gremlin Horn","Black Star","Red Mask","MutagenicStrength","Bottled Flame","Art of War","Shovel","Tiny Chest","Frozen Egg 2","White Beast Statue","Ornamental Fan","Juzu Bracelet","Molten Egg 2","SacredBark","WingedGreaves","Pocketwatch","The Courier","Bottled Lightning","Letter Opener","Shuriken","MealTicket","Lantern","Lizard Tail","Happy Flower","Sundial","Blue Candle","Mercury Hourglass","Strawberry"],"acts_visited":["TheBeyond","TheEnding"],"potions_floor_usage":[33,39,46,50,54,55,55],"damage_taken":[{"damage":0.0,"enemies":"Small Slimes","floor":1.0,"turns":4.0},{"damage":0.0,"enemies":"Jaw Worm","floor":4.0,"turns":4.0},{"damage":0.0,"enemies":"2 Louse","floor":7.0,"turns":2.0},{"damage":8.0,"enemies":"Gremlin Gang","floor":10.0,"turns":7.0},{"damage":1.0,"enemies":"Looter","floor":12.0,"turns":3.0},{"damage":0.0,"enemies":"Gremlin Nob","floor":13.0,"turns":4.0},{"damage":0.0,"enemies":"Large Slime","floor":14.0,"turns":4.0},{"damage":0.0,"enemies":"The Guardian","floor":16.0,"turns":6.0},{"damage":0.0,"enemies":"Chosen","floor":18.0,"turns":4.0},{"damage":0.0,"enemies":"Spheric Guardian","floor":19.0,"turns":3.0},{"damage":0.0,"enemies":"Masked Bandits","floor":20.0,"turns":3.0},{"damage":0.0,"enemies":"Snake Plant","floor":22.0,"turns":2.0},{"damage":12.0,"enemies":"Slavers","floor":23.0,"turns":6.0},{"damage":0.0,"enemies":"Centurion and Healer","floor":24.0,"turns":3.0},{"damage":0,"enemies":"Gremlin Leader","floor":29,"turns":6},{"damage":0,"enemies":"Cultist and Chosen","floor":31,"turns":4},{"damage":0,"enemies":"Collector","floor":33,"turns":6},{"damage":0,"enemies":"3 Darklings","floor":35,"turns":5},{"damage":0,"enemies":"3 Shapes","floor":38,"turns":2},{"damage":8,"enemies":"2 Orb Walkers","floor":39,"turns":4},{"damage":0,"enemies":"Giant Head","floor":46,"turns":5},{"damage":0,"enemies":"Donu and Deca","floor":50,"turns":5},{"damage":7,"enemies":"Shield and Spear","floor":54,"turns":5},{"damage":1,"enemies":"The Heart","floor":55,"turns":6}],"seed_played":"-5080823113052693337","potions_obtained":[{"floor":1.0,"key":"PowerPotion"},{"floor":12.0,"key":"Fire Potion"},{"floor":14.0,"key":"SteroidPotion"},{"floor":22.0,"key":"DuplicationPotion"},{"floor":24.0,"key":"ColorlessPotion"},{"floor":31,"key":"Strength Potion"},{"floor":33,"key":"Strength Potion"},{"floor":39,"key":"SpeedPotion"},{"floor":54,"key":"Swift Potion"}],"is_trial":false,"path_per_floor":["M","?","?","M","?","R","M","R","T","M","$","M","E","M","R","B",null,"M","M","?","?","M","E","M","$","T","?","R","E","R","M","R","B",null,"M","?","$","M","?","R","T","?","T","?","R","E","?","$","R","B",null,"R","$","E","B",null],"character_chosen":"Hololive_HololiveCharacter","items_purchased":["HandDrill","Shovel","WingedGreaves","Apotheosis","Lantern","Lizard Tail","Happy Flower","Sundial","SkillPotion","AttackPotion"],"campfire_rested":0,"item_purchase_floors":[11,25,37,37,48,48,48,48,48,53],"current_hp_per_floor":[35,33,33,33,33,33,33,33,33,25,25,24,24,24,24,24,33,33,33,33,33,33,21,21,21,21,21,21,21,21,21,21,21,33,33,33,33,33,25,25,25,25,25,25,25,25,25,31,31,31,31,31,31,31,30],"gold":47,"neow_bonus":"TRANSFORM_CARD","is_daily":false,"chose_seed":false,"campfire_upgraded":4,"win_rate":0.0,"timestamp":1607743879,"path_taken":["M","?","?","M","?","R","M","R","T","M","$","M","E","M","R","BOSS","M","?","?","?","?","E","M","$","T","?","R","E","R","M","R","BOSS","M","?","$","M","?","R","?","?","T","?","R","E","?","$","R","BOSS","R","$","E","BOSS"],"items_purchased_type":["Relic","Relic","Relic","Card","Relic","Relic","Relic","Relic","Potion","Potion"],"build_version":"2020-11-30","purchased_purges":3,"victory":true,"max_hp_per_floor":[35,33,33,33,33,33,33,33,33,33,33,33,33,33,33,33,33,33,33,33,33,33,33,33,33,33,33,33,33,33,33,33,33,33,33,33,33,33,33,33,33,33,33,31,31,31,31,31,31,31,31,31,31,38,38],"card_choices":[{"not_picked":["Hololive_Watashimo","Hololive_StrengthChampion","Hololive_CocoNews"],"picked":"Hololive_CallNakiriAyame","floor":1.0},{"not_picked":["Hololive_HuntDinosaur","Hololive_Trident","Hololive_OvertimeWork"],"picked":"Hololive_CallAmaneKanata","floor":4.0},{"not_picked":["Hololive_StrengthChampion","Hololive_HuntDinosaur","Hololive_Psychosis"],"picked":"Hololive_CocoNews","floor":7.0},{"not_picked":["Hololive_StrengthChampion","Hololive_HuntDinosaur","Hololive_FlyingPonyTail"],"picked":"Hololive_CallOkamiMio","floor":10.0},{"not_picked":["Hololive_CallUruhaRushia","Hololive_Drill","Hololive_HuntDinosaur","Hololive_CallAiraniIofifteen"],"picked":"SKIP","floor":12.0},{"not_picked":["Hololive_CallHoshimachiSuisei","Hololive_RevenueBasedLive","Hololive_Drill"],"picked":"Hololive_CallHimemoriLuna","floor":13.0},{"not_picked":["Hololive_Sequa","Hololive_CallOmaruPolka","Hololive_Drill"],"picked":"Hololive_CallShirakamiFubuki","floor":14.0},{"not_picked":["Hololive_BeCareful","Hololive_HighAtkLowDef","Hololive_Thief"],"picked":"Hololive_FlareMind","floor":16.0},{"not_picked":["Hololive_CallAiraniIofifteen","Hololive_FlyingPonyTail","Hololive_Breathe"],"picked":"Hololive_CallYuzukiChoco","floor":18.0},{"not_picked":["Hololive_CallMinatoAqua","Hololive_Drill+1","Hololive_CallAkiRosenthal+1","Hololive_Breathe+1"],"picked":"SKIP","floor":19.0},{"not_picked":["Hololive_RevenueBasedLive","Hololive_Rebound+1","Hololive_Sequa"],"picked":"Hololive_FlyingPonyTail+1","floor":20.0},{"not_picked":["Hololive_HuntDinosaur","Hololive_CallManoAloe","Hololive_Trident","Hololive_CallUruhaRushia"],"picked":"SKIP","floor":22.0},{"not_picked":["Hololive_CocoNews","Hololive_OpenUp","Hololive_Psychosis","Hololive_CallOkamiMio"],"picked":"SKIP","floor":23.0},{"not_picked":["Hololive_CallAyundaRisu","Hololive_CallShishiroBotan","Hololive_Drill"],"picked":"Hololive_Breathe","floor":24.0},{"not_picked":["Hololive_CallHoshimachiSuisei+1","Hololive_CocoNews","Hololive_CallAZKi+1","Hololive_Psychosis"],"picked":"SKIP","floor":29},{"not_picked":["Hololive_CocoNews+1","Hololive_Psychosis","Hololive_LuckPotion"],"picked":"Hololive_FlyingPonyTail+1","floor":31},{"not_picked":["Hololive_Psychosis+1","Hololive_HuntDinosaur+1","Hololive_CallYozoraMel+1","Hololive_LuckPotion"],"picked":"SKIP","floor":35},{"not_picked":["Hololive_CallNakiriAyame+1","Hololive_HuntDinosaur+1","Hololive_Rebound+1"],"picked":"Hololive_FlyingPonyTail+1","floor":38},{"not_picked":["Hololive_CallYozoraMel+1","Hololive_CallTokoyamiTowa+1","Hololive_Rebound+1"],"picked":"Hololive_Sequa+1","floor":39},{"not_picked":["Hololive_FlyingPonyTail+1","Hololive_CallMomosuzuNene+1","Hololive_RevenueBasedLive+1"],"picked":"Hololive_CocoNews+1","floor":46},{"not_picked":["Hololive_DiamondStrike+1","Hololive_CallYozoraMel+1","Hololive_Psychosis+1"],"picked":"Hololive_CallHoushouMarine+1","floor":54}],"player_experience":148748,"relics_obtained":[{"floor":13.0,"key":"Gremlin Horn"},{"floor":20.0,"key":"Red Mask"},{"floor":23.0,"key":"Bottled Flame"},{"floor":23.0,"key":"Art of War"},{"floor":26.0,"key":"Tiny Chest"},{"floor":28.0,"key":"Frozen Egg 2"},{"floor":29,"key":"White Beast Statue"},{"floor":29,"key":"Ornamental Fan"},{"floor":30,"key":"Juzu Bracelet"},{"floor":32,"key":"Molten Egg 2"},{"floor":39,"key":"Pocketwatch"},{"floor":40,"key":"The Courier"},{"floor":41,"key":"Bottled Lightning"},{"floor":43,"key":"Letter Opener"},{"floor":46,"key":"Shuriken"},{"floor":46,"key":"MealTicket"},{"floor":52,"key":"Blue Candle"},{"floor":54,"key":"Mercury Hourglass"},{"floor":54,"key":"Strawberry"}],"event_choices":[{"damage_healed":0.0,"max_hp_gain":0.0,"max_hp_loss":2.0,"gold_gain":0.0,"event_name":"Golden Idol","player_choice":"Lose Max HP","floor":2.0,"gold_loss":0.0,"damage_taken":0.0,"relics_obtained":["Golden Idol"]},{"damage_healed":0.0,"max_hp_gain":0.0,"max_hp_loss":0.0,"gold_gain":175.0,"event_name":"Liars Game","player_choice":"AGREE","floor":3.0,"gold_loss":0.0,"damage_taken":0.0,"cards_obtained":["Doubt"]},{"damage_healed":0.0,"max_hp_gain":0.0,"max_hp_loss":0.0,"gold_gain":275.0,"event_name":"Golden Shrine","player_choice":"Desecrate","floor":5.0,"gold_loss":0.0,"damage_taken":0.0,"cards_obtained":["Regret"]},{"damage_healed":0.0,"max_hp_gain":0.0,"max_hp_loss":0.0,"gold_gain":0.0,"event_name":"Masked Bandits","player_choice":"Fought Bandits","floor":20.0,"gold_loss":0.0,"damage_taken":0.0},{"damage_healed":0.0,"max_hp_gain":0.0,"max_hp_loss":0.0,"gold_gain":0.0,"event_name":"Drug Dealer","player_choice":"Inject Mutagens","floor":21.0,"gold_loss":0.0,"damage_taken":0.0,"relics_obtained":["MutagenicStrength"]},{"damage_healed":0.0,"max_hp_gain":0.0,"max_hp_loss":0.0,"gold_gain":99.0,"event_name":"Nest","player_choice":"Stole From Cult","floor":27.0,"gold_loss":0.0,"damage_taken":0.0},{"cards_removed":["Hololive_Strike"],"damage_healed":0,"gold_gain":0,"player_choice":"Removed Attack","damage_taken":0,"max_hp_gain":0,"max_hp_loss":0,"event_name":"Falling","floor":36,"gold_loss":0},{"damage_healed":0,"gold_gain":0,"player_choice":"Fight","damage_taken":0,"max_hp_gain":0,"max_hp_loss":0,"event_name":"Mysterious Sphere","floor":39,"gold_loss":0},{"damage_healed":0,"gold_gain":333,"player_choice":"Gave Idol","damage_taken":0,"max_hp_gain":0,"max_hp_loss":0,"event_name":"The Moai Head","floor":42,"relics_lost":["Golden Idol"],"gold_loss":0},{"damage_healed":0,"gold_gain":0,"player_choice":"Max HP","damage_taken":0,"max_hp_gain":0,"max_hp_loss":2,"event_name":"Winding Halls","floor":44,"gold_loss":0},{"damage_healed":0,"gold_gain":222,"player_choice":"Wore Mask","damage_taken":0,"max_hp_gain":0,"max_hp_loss":0,"event_name":"Tomb of Lord Red Mask","floor":47,"gold_loss":0}],"is_beta":false,"boss_relics":[{"not_picked":["Hololive_TopUpMoneyS","Pandora\u0027s Box"],"picked":"Black Star"},{"not_picked":["Philosopher\u0027s Stone","Fusion Hammer"],"picked":"SacredBark"}],"items_purged_floors":[11,25,37],"is_endless":false,"potions_floor_spawned":[1,12,14,22,24,31,33,35,38,39,46,54],"ascension_level":0}}