{"host":"6he3f0ic6yesrium","time":1607790153,"event":{"mods":["BaseMod","Better Altar","Better Match","Better Note","Better Sensory Stone","Better Skull","Better Third Choice","Colored Map","Conspire","Hermit","Hubris","Marisa????????","Mimic Mod","Minty Spire (QoL Compilation)","Replay The Spire","Shade Mod","StSLib","The Alterego","The Runesmith"],"gold_per_floor":[120,133,133,148,71,71,86,86,86,86,96,109,109,109,120,132,132,230,230,250,127,127,88,88,88,113,113,195,295,235,248,267,282,282,381,381,400,517,517,527,245,274,291,291,316,316,330,89,89,106,106,106],"floor_reached":53,"playtime":4077,"items_purged":["Pain"],"score":928,"play_id":"c195fadd-72e1-466c-8d4d-f6f9c6a93152","local_time":"20201212112233","is_ascension_mode":false,"campfire_choices":[{"data":"alterego_mod:Impale","floor":6.0,"key":"SMITH"},{"data":"alterego_mod:IndependentAction","floor":8.0,"key":"SMITH"},{"data":"alterego_mod:DiscoLights","floor":10.0,"key":"SMITH"},{"floor":17.0,"key":"REST"},{"data":"alterego_mod:Santa","floor":25.0,"key":"SMITH"},{"floor":34.0,"key":"REST"},{"data":"alterego_mod:Cushion","floor":46,"key":"SMITH"},{"floor":51,"key":"REST"}],"circlet_count":0,"master_deck":["alterego_mod:Strike","alterego_mod:Strike","alterego_mod:Strike","alterego_mod:Defend","alterego_mod:Defend","alterego_mod:Defend","alterego_mod:Defend","alterego_mod:Impale+1","alterego_mod:BigMeatyClaws+1","alterego_mod:BrynhildrsRune","alterego_mod:IndependentAction+1","alterego_mod:TrashNCrash","alterego_mod:MagicResistance","alterego_mod:DiscoLights+1","alterego_mod:Bounce","alterego_mod:Undulate","alterego_mod:TrashNCrash","alterego_mod:Antipathy","alterego_mod:SakuraFive","alterego_mod:Rake","alterego_mod:Cushion+1","alterego_mod:SakuraLabyrinth","alterego_mod:Stockings","alterego_mod:Santa+1","alterego_mod:Stockings","alterego_mod:Bounce+1","alterego_mod:TrickOrTreatment","alterego_mod:Venus+1","alterego_mod:Clones+1","alterego_mod:BiFurious+1","Flash of Steel+1","alterego_mod:SakuraFive+1","alterego_mod:Lingerie+1","alterego_mod:Cooking","alterego_mod:Bloomers","alterego_mod:PerceptionDisorder","hubris:EnhanceAbility","alterego_mod:Bounce+1","alterego_mod:RocketPunch+1","alterego_mod:Tantrum","Trip","alterego_mod:Mirror+1"],"relics":["alterego_mod:MasochisticConstitution","conspire:Dentures","ChewingGum","hubris:Metronome","hubris:Icosahedron","Molten Egg 2","Mango","Replay:Ringing Soul","Black Star","WarpedTongs","BargainBundle","Orichalcum","Ginger","ReplayFunnel"],"acts_visited":["Exordium","TheCity","TheBeyond"],"potions_floor_usage":[42,42,43,43,50,52,52,52],"damage_taken":[{"damage":11.0,"enemies":"Cultist","floor":1.0,"turns":4.0},{"damage":12.0,"enemies":"Jaw Worm","floor":2.0,"turns":4.0},{"damage":0.0,"enemies":"Small Slimes","floor":4.0,"turns":3.0},{"damage":9.0,"enemies":"3 Louse","floor":7.0,"turns":5.0},{"damage":12.0,"enemies":"Gremlin Gang","floor":11.0,"turns":4.0},{"damage":20.0,"enemies":"Large Slime","floor":12.0,"turns":5.0},{"damage":17.0,"enemies":"Blue Slaver","floor":15.0,"turns":4.0},{"damage":0.0,"enemies":"2 Fungi Beasts","floor":16.0,"turns":3.0},{"damage":15.0,"enemies":"Hexaghost","floor":18.0,"turns":7.0},{"damage":33.0,"enemies":"2 Thieves","floor":20.0,"turns":5.0},{"damage":10.0,"enemies":"Chosen","floor":24.0,"turns":6.0},{"damage":29.0,"enemies":"Gremlin Leader","floor":26.0,"turns":6.0},{"damage":26.0,"enemies":"Colosseum Slavers","floor":29.0,"turns":4.0},{"damage":41.0,"enemies":"Colosseum Nobs","floor":29.0,"turns":6.0},{"damage":5.0,"enemies":"3 Cultists","floor":31.0,"turns":4.0},{"damage":13.0,"enemies":"Centurion and Healer","floor":32.0,"turns":4.0},{"damage":6.0,"enemies":"Snecko","floor":33.0,"turns":4.0},{"damage":41.0,"enemies":"Pondfish","floor":35.0,"turns":9.0},{"damage":13.0,"enemies":"Orb Walker","floor":37.0,"turns":3.0},{"damage":111,"enemies":"3 Shapes","floor":38,"turns":13},{"damage":17,"enemies":"Sphere and 2 Shapes","floor":40,"turns":5},{"damage":20,"enemies":"Nemesis","floor":42,"turns":5},{"damage":28,"enemies":"4 Shapes","floor":43,"turns":7},{"damage":34,"enemies":"Writhing Mass","floor":47,"turns":5},{"damage":20,"enemies":"3 Darklings","floor":50,"turns":6},{"damage":44,"enemies":"hubris:GrandSnecko","floor":52,"turns":6}],"seed_played":"1162768125267643395","potions_obtained":[{"floor":1.0,"key":"Strength Potion"},{"floor":15.0,"key":"Block Potion"},{"floor":16.0,"key":"Venom Potion"},{"floor":26.0,"key":"Toxic Potion"},{"floor":29.0,"key":"Languid Potion"},{"floor":38,"key":"SkillPotion"},{"floor":50,"key":"CultistPotion"}],"is_trial":false,"path_per_floor":["M","M","?","M","$","R","M","R","T","R","M","M","PTL","PTL","M","M","R","B",null,"M","$","?","$","M","R","E","?","T","?","?","M","M","M","R","B",null,"M","M","?","M","$","E","M","?","T","R","M","$","?","M","R","B",null],"character_chosen":"The_Alterego","items_purchased":["alterego_mod:DiscoLights","alterego_mod:Bounce","alterego_mod:SakuraLabyrinth","Swift Potion","alterego_mod:Stockings","BargainBundle","Block Potion","DistilledChaos","Flash of Steel+1","alterego_mod:SakuraFive+1","alterego_mod:Lingerie+1","alterego_mod:Cooking","alterego_mod:Bloomers","alterego_mod:PerceptionDisorder","hubris:EnhanceAbility","SteroidPotion","AttackPotion","Elixir","GamblersBrew","alterego_mod:Tantrum"],"campfire_rested":3,"item_purchase_floors":[5,5,21,21,23,41,41,41,41,41,41,41,41,41,41,41,48,48,48,48],"current_hp_per_floor":[74,63,63,63,63,63,55,55,55,55,44,25,25,25,9,9,33,19,84,52,52,52,52,43,43,15,15,15,36,36,35,26,21,54,17,116,107,48,51,118,121,113,94,94,94,94,64,67,70,62,107,66],"gold":106,"neow_bonus":"TEN_PERCENT_HP_BONUS","is_daily":false,"chose_seed":false,"campfire_upgraded":5,"win_rate":0.0,"timestamp":1607790153,"path_taken":["M","M","?","?","$","R","M","R","T","R","M","M","PTL","PTL","M","M","R","BOSS","M","$","?","$","M","R","E","?","T","?","?","M","M","M","R","BOSS","M","M","?","M","$","E","?","?","T","R","M","$","?","M","R","BOSS"],"items_purchased_type":["Card","Card","Card","Potion","Card","Relic","Potion","Potion","Card","Card","Card","Card","Card","Card","Card","Potion","Potion","Potion","Potion","Card"],"build_version":"2020-11-30","purchased_purges":1,"victory":true,"max_hp_per_floor":[78,79,79,79,79,79,80,80,80,80,81,82,82,82,83,83,83,84,84,85,85,85,85,86,86,87,87,87,103,103,107,111,112,112,116,116,120,124,127,128,131,135,136,136,136,136,140,143,146,150,150,151],"card_choices":[{"not_picked":["alterego_mod:Lingerie","alterego_mod:TrashNCrash"],"picked":"alterego_mod:IndependentAction","floor":1.0},{"not_picked":["alterego_mod:Rip","alterego_mod:Cooking"],"picked":"alterego_mod:TrashNCrash","floor":2.0},{"not_picked":["alterego_mod:Birthday","alterego_mod:PerceptionDisorder"],"picked":"alterego_mod:MagicResistance","floor":4.0},{"not_picked":["alterego_mod:HighServant","alterego_mod:DestructionOfProperty"],"picked":"alterego_mod:Undulate","floor":7.0},{"not_picked":["alterego_mod:PurpleHair","alterego_mod:Lingerie"],"picked":"alterego_mod:TrashNCrash","floor":11.0},{"not_picked":["alterego_mod:Cooking","alterego_mod:Pet"],"picked":"alterego_mod:Antipathy","floor":12.0},{"not_picked":["alterego_mod:DiscoLights","alterego_mod:Smother"],"picked":"alterego_mod:SakuraFive","floor":15.0},{"not_picked":["alterego_mod:HighServant","alterego_mod:1TonWallop","alterego_mod:Maid"],"picked":"SKIP","floor":16.0},{"not_picked":["alterego_mod:Tantrum","alterego_mod:Alter"],"picked":"alterego_mod:Rake","floor":18.0},{"not_picked":["alterego_mod:Cooking","alterego_mod:TrashNCrash"],"picked":"alterego_mod:Cushion","floor":20.0},{"not_picked":["alterego_mod:DiscoLights","alterego_mod:Birthday"],"picked":"alterego_mod:Santa","floor":24.0},{"not_picked":["alterego_mod:Complex","alterego_mod:Smother"],"picked":"alterego_mod:Stockings","floor":26.0},{"not_picked":["alterego_mod:Cooking","alterego_mod:BustOut"],"picked":"alterego_mod:Bounce+1","floor":31.0},{"not_picked":["alterego_mod:GoddessCore+1","alterego_mod:MagicResistance"],"picked":"alterego_mod:TrickOrTreatment","floor":32.0},{"not_picked":["alterego_mod:Lingerie+1","alterego_mod:SuperDuperMasochism+1","alterego_mod:Nekomimi"],"picked":"SKIP","floor":33.0},{"not_picked":["alterego_mod:VirginLaserPalladion+1","alterego_mod:IdEs"],"picked":"alterego_mod:Venus+1","floor":35.0},{"not_picked":["alterego_mod:Belts+1","alterego_mod:DustData+1"],"picked":"alterego_mod:Clones+1","floor":37.0},{"not_picked":["alterego_mod:Bloomers+1","alterego_mod:HighServant"],"picked":"alterego_mod:BiFurious+1","floor":38},{"not_picked":["alterego_mod:Bunnysuit+1","alterego_mod:BreastValley","alterego_mod:PerceptionDisorder"],"picked":"SKIP","floor":40},{"not_picked":["alterego_mod:DestructionOfProperty","alterego_mod:Cooking"],"picked":"alterego_mod:Bounce+1","floor":42},{"not_picked":["alterego_mod:BiFurious+1","alterego_mod:Cycle","alterego_mod:Maid+1"],"picked":"SKIP","floor":43},{"not_picked":["alterego_mod:MagicResistance+1","alterego_mod:GachaTicket+1"],"picked":"alterego_mod:RocketPunch+1","floor":47},{"not_picked":["Flash of Steel+1","Metamorphosis"],"picked":"Trip","floor":49},{"not_picked":["alterego_mod:Rip","alterego_mod:Pet"],"picked":"alterego_mod:Mirror+1","floor":50}],"player_experience":291011,"relics_obtained":[{"floor":9.0,"key":"conspire:Dentures"},{"floor":26.0,"key":"hubris:Metronome"},{"floor":28.0,"key":"Molten Egg 2"},{"floor":29.0,"key":"Mango"},{"floor":29.0,"key":"Replay:Ringing Soul"},{"floor":42,"key":"Orichalcum"},{"floor":42,"key":"Ginger"},{"floor":45,"key":"ReplayFunnel"}],"event_choices":[{"cards_removed":["alterego_mod:Strike"],"damage_healed":0.0,"max_hp_gain":0.0,"max_hp_loss":0.0,"gold_gain":0.0,"event_name":"Bonfire Elementals","player_choice":"Offered Basic","floor":3.0,"gold_loss":0.0,"damage_taken":0.0},{"cards_removed":["alterego_mod:Antipathy"],"damage_healed":0.0,"max_hp_gain":0.0,"max_hp_loss":0.0,"gold_gain":0.0,"event_name":"betterNote:BetterNote","player_choice":"Give","floor":22.0,"gold_loss":0.0,"damage_taken":0.0,"cards_obtained":["None"]},{"damage_healed":0.0,"max_hp_gain":0.0,"max_hp_loss":0.0,"gold_gain":0.0,"event_name":"Colosseum","player_choice":"Fight","floor":29.0,"gold_loss":0.0,"damage_taken":0.0},{"damage_healed":0.0,"max_hp_gain":0.0,"max_hp_loss":0.0,"gold_gain":0.0,"event_name":"Colosseum","player_choice":"Fought Nobs","floor":29.0,"gold_loss":0.0,"damage_taken":0.0},{"damage_healed":0,"gold_gain":0,"player_choice":"Rummage","damage_taken":0,"relics_obtained":["WarpedTongs"],"max_hp_gain":0,"max_hp_loss":0,"event_name":"Accursed Blacksmith","floor":39,"gold_loss":0,"cards_obtained":["Pain"]},{"damage_healed":0,"gold_gain":3,"player_choice":"1","damage_taken":0,"max_hp_gain":0,"max_hp_loss":0,"event_name":"betterStone:BetterStone","floor":49,"gold_loss":0}],"is_beta":false,"boss_relics":[{"not_picked":["hubris:RunicObelisk","Ectoplasm"],"picked":"ChewingGum"},{"not_picked":["Snecko Eye","Empty Cage"],"picked":"Black Star"}],"items_purged_floors":[41],"is_endless":false,"potions_floor_spawned":[1,15,16,26,29,29,38,50],"ascension_level":0}}