{"host":"2se5dq1do2gp0x9k","time":1607761256,"event":{"mods":["AchievementEnabler","BaseMod","Block Reminder","Colored Map","Colored Powertips","Minty Spire (QoL Compilation)","Relic Stats","StSLib","SuperFastMode"],"gold_per_floor":[110,130,149,74,90,119,119,119,119],"floor_reached":8,"playtime":230,"items_purged":[],"score":116,"play_id":"f9048e59-d29a-44be-a795-49e948df46ad","local_time":"20201212002056","is_ascension_mode":true,"campfire_choices":[{"floor":7,"key":"REST"}],"circlet_count":0,"master_deck":["AscendersBane","Strike_B","Strike_B","Strike_B","Strike_B","Defend_B","Defend_B","Defend_B","Zap","Dualcast","Cold Snap","Static Discharge","Glacier","Conserve Battery","Coolheaded"],"relics":["Cracked Core","NeowsBlessing","Meat on the Bone"],"acts_visited":["Exordium"],"potions_floor_usage":[6],"damage_taken":[{"damage":0,"enemies":"Cultist","floor":1,"turns":1},{"damage":0,"enemies":"Small Slimes","floor":2,"turns":1},{"damage":0,"enemies":"2 Louse","floor":3,"turns":1},{"damage":19,"enemies":"Large Slime","floor":5,"turns":5},{"damage":38,"enemies":"Gremlin Nob","floor":6,"turns":5},{"damage":28,"enemies":"3 Sentries","floor":8,"turns":10}],"seed_played":"-4619186667344195598","potions_obtained":[{"floor":2,"key":"Dexterity Potion"},{"floor":5,"key":"AttackPotion"},{"floor":6,"key":"SpeedPotion"}],"is_trial":false,"path_per_floor":["M","M","M","?","M","E","R","E"],"character_chosen":"DEFECT","items_purchased":[],"campfire_rested":1,"item_purchase_floors":[],"current_hp_per_floor":[64,64,64,64,45,7,28,0,0],"gold":119,"neow_bonus":"THREE_ENEMY_KILL","is_daily":false,"chose_seed":false,"campfire_upgraded":0,"win_rate":0.0,"timestamp":1607761256,"path_taken":["M","M","M","?","M","E","R","E"],"items_purchased_type":[],"build_version":"2020-11-30","purchased_purges":0,"victory":false,"max_hp_per_floor":[71,71,71,71,71,71,71,71,71],"relic_stats":{"counters":[6,23],"obtain_stats":[{"NeowsBlessing":0,"Cracked Core":0,"Meat on the Bone":6},{"NeowsBlessing":0,"Cracked Core":0,"Meat on the Bone":5},{"NeowsBlessing":0,"Cracked Core":0,"Meat on the Bone":13}],"Meat on the Bone":0},"card_choices":[{"not_picked":["Skim","Static Discharge"],"picked":"Cold Snap","floor":1},{"not_picked":["Chaos","Conserve Battery"],"picked":"Static Discharge","floor":2},{"not_picked":["FTL","Beam Cell"],"picked":"Glacier","floor":3},{"not_picked":["Leap","Hello World"],"picked":"Conserve Battery","floor":5},{"not_picked":["Recycle","Tempest"],"picked":"Coolheaded","floor":6}],"player_experience":3603922,"relics_obtained":[{"floor":6,"key":"Meat on the Bone"}],"event_choices":[{"cards_removed":["Defend_B"],"damage_healed":0,"gold_gain":0,"player_choice":"Card Removal","damage_taken":0,"max_hp_gain":0,"max_hp_loss":0,"event_name":"The Cleric","floor":4,"gold_loss":75}],"is_beta":false,"boss_relics":[],"items_purged_floors":[],"is_endless":false,"potions_floor_spawned":[2,5,6],"killed_by":"3 Sentries","ascension_level":20}}