{"host":"jcc708ahli6wuwir","time":1607800320,"event":{"mods":["AchievementEnabler","BaseMod","Better Altar","Better Match","Better Note","Better Sensory Stone","Better Skull","Better Third Choice","Better Vampires","BetterRewards","Block Reminder","Colored Map","Colored Powertips","Curses Come First","Displayed Cursed Tome","Highlight Path","Keyboard Shortcuts","Minty Spire (QoL Compilation)","Rare Cards Sparkle","Relic Stats","Shop Mod","StSLib"],"gold_per_floor":[113,43,43,55,55,55,75,75,75,109,109,184,164,183,183,284,284,303,315,315,225,235,235,235,235],"floor_reached":24,"playtime":1446,"items_purged":[],"score":194,"play_id":"5c52be10-5cb8-4f84-9154-67bcefa8b72b","local_time":"20201212201200","is_ascension_mode":false,"campfire_choices":[{"data":"Survivor","floor":6,"key":"SMITH"},{"data":"Neutralize","floor":8,"key":"SMITH"},{"floor":11,"key":"REST"},{"floor":15,"key":"REST"},{"floor":23,"key":"REST"}],"circlet_count":0,"master_deck":["Strike_G","Strike_G","Strike_G","Strike_G","Defend_G","Defend_G","Defend_G+1","Defend_G","Survivor+1","Neutralize+1","Die Die Die+1","Caltrops","Noxious Fumes","Poisoned Stab","Bane","Dagger Throw","Envenom","Dagger Spray","ReachHeaven","Flying Knee"],"relics":["Ring of the Serpent","Oddly Smooth Stone","Meat on the Bone"],"acts_visited":["Exordium","TheCity"],"potions_floor_usage":[4,16,24],"damage_taken":[{"damage":0,"enemies":"2 Louse","floor":1,"turns":1},{"damage":5,"enemies":"Small Slimes","floor":4,"turns":3},{"damage":0,"enemies":"Cultist","floor":7,"turns":3},{"damage":10,"enemies":"Lagavulin","floor":10,"turns":6},{"damage":4,"enemies":"Exordium Thugs","floor":14,"turns":3},{"damage":16,"enemies":"Slime Boss","floor":16,"turns":8},{"damage":37,"enemies":"2 Thieves","floor":18,"turns":4},{"damage":23,"enemies":"3 Byrds","floor":19,"turns":4},{"damage":39,"enemies":"Shelled Parasite and Fungi","floor":22,"turns":7},{"damage":54,"enemies":"Slavers","floor":24,"turns":4}],"seed_played":"2761941725384591513","potions_obtained":[{"floor":1,"key":"Weak Potion"},{"floor":4,"key":"Fire Potion"},{"floor":13,"key":"FairyPotion"},{"floor":19,"key":"GamblersBrew"}],"is_trial":false,"path_per_floor":["M","$","?","M","?","R","M","R","T","E","R","?","?","M","R","B",null,"M","M","?","?","M","R","E"],"character_chosen":"THE_SILENT","items_purchased":["Noxious Fumes"],"campfire_rested":3,"item_purchase_floors":[2],"current_hp_per_floor":[70,70,70,65,58,58,58,58,58,48,69,58,58,54,70,54,70,45,34,34,34,29,50,0,0],"gold":235,"neow_bonus":"ONE_RANDOM_RARE_CARD","is_daily":false,"chose_seed":false,"campfire_upgraded":2,"win_rate":0.0,"timestamp":1607800320,"path_taken":["M","$","?","M","?","R","M","R","T","E","R","?","?","M","R","BOSS","M","M","?","?","?","R","E"],"items_purchased_type":["Card"],"build_version":"2020-11-30","purchased_purges":0,"victory":false,"max_hp_per_floor":[70,70,70,70,70,70,70,70,70,70,70,70,70,70,70,70,70,70,70,70,70,70,70,70,70],"relic_stats":{"counters":[10,43],"obtain_stats":[{"Oddly Smooth Stone":9,"Ring of the Serpent":17,"Ring of the Snake":0,"Meat on the Bone":10},{"Oddly Smooth Stone":3,"Ring of the Serpent":6,"Ring of the Snake":0,"Meat on the Bone":4},{"Oddly Smooth Stone":7,"Ring of the Serpent":24,"Ring of the Snake":0,"Meat on the Bone":13}],"Meat on the Bone":36},"card_choices":[{"not_picked":["Dodge and Roll","Slice"],"picked":"Caltrops","floor":1},{"not_picked":["Dagger Throw","Dodge and Roll"],"picked":"Poisoned Stab","floor":4},{"not_picked":["Acrobatics","Heel Hook","Deflect"],"picked":"SKIP","floor":7},{"not_picked":["Wraith Form v2","Tactician"],"picked":"Bane","floor":10},{"not_picked":["PiercingWail","Deflect"],"picked":"Dagger Throw","floor":14},{"not_picked":["After Image","Doppelganger"],"picked":"Envenom","floor":16},{"not_picked":["Deadly Poison","All Out Attack"],"picked":"Dagger Spray","floor":18},{"not_picked":["Outmaneuver+1","Sucker Punch","All Out Attack"],"picked":"SKIP","floor":19},{"not_picked":["Outmaneuver","Quick Slash+1"],"picked":"Flying Knee","floor":22}],"player_experience":100757,"relics_obtained":[{"floor":9,"key":"Oddly Smooth Stone"},{"floor":10,"key":"Meat on the Bone"}],"event_choices":[{"damage_healed":0,"gold_gain":0,"player_choice":"Grow","damage_taken":0,"max_hp_gain":0,"max_hp_loss":0,"event_name":"Living Wall","floor":3,"gold_loss":0,"cards_upgraded":["Die Die Die"]},{"cards_removed":["Defend_G"],"damage_healed":0,"gold_gain":0,"player_choice":"Card Removal","damage_taken":7,"max_hp_gain":0,"max_hp_loss":0,"event_name":"Golden Wing","floor":5,"gold_loss":0},{"damage_healed":0,"gold_gain":75,"player_choice":"Gold","damage_taken":11,"max_hp_gain":0,"max_hp_loss":0,"event_name":"betterThird:BetterGoop","floor":12,"gold_loss":0},{"damage_healed":0,"gold_gain":0,"player_choice":"Bought 1 Potion","damage_taken":0,"max_hp_gain":0,"max_hp_loss":0,"event_name":"The Woman in Blue","floor":13,"gold_loss":0},{"cards_removed":["Strike_G"],"damage_healed":0,"gold_gain":0,"player_choice":"Take \u0026 Give","damage_taken":0,"max_hp_gain":0,"max_hp_loss":0,"event_name":"betterNote:BetterNote","floor":20,"gold_loss":0,"cards_obtained":["ReachHeaven"]},{"cards_removed":["Strike_G"],"damage_healed":0,"gold_gain":0,"player_choice":"Upgrade and Remove","damage_taken":0,"max_hp_gain":0,"max_hp_loss":0,"event_name":"Designer","floor":21,"gold_loss":90,"cards_upgraded":["Defend_G"]}],"is_beta":false,"boss_relics":[{"not_picked":["SacredBark","Cursed Key"],"picked":"Ring of the Serpent"}],"items_purged_floors":[],"is_endless":false,"potions_floor_spawned":[1,4,19],"killed_by":"Slavers","ascension_level":0}}