{"host":"vh33hu3wddwn6yt6","time":1607794162,"event":{"mods":["AchievementEnabler","Act Like it!","Aspiration","BaseMod","Better Altar","Better Match","Better Note","Better Sensory Stone","Better Skull","Better Third Choice","BetterRewards","Hubris","Infinite Spire","Minty Spire (QoL Compilation)","Permanent Neow","Replay The Spire","Shop Mod","Spicy Shops","StSLib","SuperFastMode","The Necromancer","The Poker Player","The Servant 0.9.4"],"gold_per_floor":[117,130,130,130,130,130,157,173,199,199,209,56,86,86,86,188,188,204,215,215,232,232,232,261,111,111,145,145,161,196,196,196,298,298,313,331,345,395,412,438,438,471,525,567,492,492,531,556,556,674,674,682,682,682,692,712,742,753,781,804,804,813,828,855,860,860,943,943,956,312,312,315,332,332,343,367,367,377,390,390,399,53,53,142,142,149,156,170,170,167,182,182,182,182,201,201,205,205,215,215,293,293,299,29,29,29,29,47,53,72,72,72,75,92,113,134,134,218,218,228,233,156,156,156,167,17,35,61,73,84,84,88,99,99,177,177,186,186,186,186,192,204,204,202,229,241,255,267,279,295,307,210,222,234,189,201,252],"floor_reached":158,"playtime":4644,"items_purged":["Strike_W","Strike_W","Injury","Strike_W"],"score":5936,"play_id":"dd304597-f3c8-4b9c-b25f-f990041db100","local_time":"20201212182922","is_ascension_mode":true,"campfire_choices":[{"data":"Summon_Undead_Army","floor":6,"key":"SMITH"},{"data":"Negative_Energy_Arrows","floor":10,"key":"SMITH"},{"floor":15,"key":"REST"},{"floor":23,"key":"RECALL"},{"data":"Negative_Energy_Sphere","floor":28,"key":"SMITH"},{"data":"Negative_Energy_Javelin","floor":32,"key":"SMITH"},{"data":"Negative_Energy_Sphere","floor":46,"key":"SMITH"},{"data":"Defend_W","floor":46,"key":"SMITH"},{"data":"Defend_W","floor":61,"key":"SMITH"},{"data":"Defend_W","floor":61,"key":"SMITH"},{"data":"Defend_W","floor":66,"key":"SMITH"},{"data":"Strike_W","floor":66,"key":"SMITH"},{"data":"Strike_W","floor":74,"key":"SMITH"},{"floor":80,"key":"REST"},{"floor":83,"key":"REST"},{"floor":92,"key":"REST"},{"floor":100,"key":"REST"},{"floor":117,"key":"REST"},{"floor":131,"key":"REST"},{"data":"Defend_W","floor":134,"key":"SMITH"},{"data":"Defend_W","floor":134,"key":"SMITH"},{"data":"Body Slam","floor":143,"key":"SMITH"},{"data":"Defend_W","floor":143,"key":"SMITH"},{"data":"Defend_W","floor":146,"key":"SMITH"},{"data":"Defend_W","floor":146,"key":"SMITH"},{"data":"Defend_W","floor":149,"key":"SMITH"},{"data":"Defend_W","floor":149,"key":"SMITH"},{"floor":151,"key":"DIG"},{"data":"Defend_W","floor":154,"key":"SMITH"},{"data":"Defend_W","floor":154,"key":"SMITH"}],"circlet_count":0,"master_deck":["Strike_W","Defend_W","Defend_W+5","Defend_W","Defend_W","Negative_Energy_Arrows+1","Bone_Wall+1","Summon_Undead_Army+1","Summon_Death_Knight+1","Negative_Energy_Sphere+1","Summon_Undead_Army+1","Summon_Undead_Army+1","Negative_Energy_Javelin+1","Negative_Energy_Sphere+1","Summon_Death_Knight+1","Summon_Death_Knight+1","Barricade+1","Juggernaut+1","Summon_Lich+1","Sadistic Nature+1","Disarm+1","Metallicize+1","AbeCurse","Summon_Death_Knight+1","Disarm+1","Summon_Lich+1","Negative_Energy_Mist+1","Panache+1","Summon_Lich+1","Summon_Undead+1","Body Slam+1","hubris:DuctTapeCard","Summon_Lich+1","Summon_Lich+1","Juggernaut+1"],"relics":["Vampire_Amulet","Question Card","Frozen Egg 2","Orrery","Calipers","hubris:EvacipatedBox","infinitespire:Cupcake","hubris:TerracottaHorce","hubris:ScarierMask","hubris:Backtick","Mummified Hand","aspiration:IroncladSkillbook","hubris:BottledRain","ReplayFunnel","DollysMirror","StoneCalendar","Pondfish Scales","MealTicket","Painkiller Herb","Replay:Arrowhead","hubris:SlimyHat","Replay:Bandana","infinitespire:Golems Mask","Regal Pillow","Abe\u0027s Treasure","Toxic Egg 2","infinitespire:PuzzleCube","Vajra","Onion Ring","Runic Dome","Eternal Feather","hubris:TenFootPole","hubris:Icosahedron","Smiling Mask","Darkstone Periapt","Thread and Needle","MerchantsRug","Replay:Baseball","Omamori","Replay:Bottled Eggs","aspiration:AnachronicSnailShell","aspiration:Lifesprig","FossilizedHelix","infinitespire:Eraser","Busted Crown","aspiration:Nostalgia","Sizzling Blood","hubris:CrystalStatue","hubris:OldNail","White Beast Statue","Boot","CultistMask","hubris:Potato","Pet Ghost","MutagenicStrength","Replay:Mystery Machine","Happy Flower","Tiny Chest","aspiration:TomeofQuesting","Simple Rune","hubris:Towel","Replay:Rubber Ducky","MawBank","hubris:DuctTape","hubris:HerbalPaste","Bronze Scales","SacredBark","Blood Vial"],"acts_visited":["Exordium","TheCity","TheBeyond","Exordium","TheCity","TheBeyond","Exordium","TheCity","TheBeyond","TheEnding"],"potions_floor_usage":[7,11,33,33,47,47,47,67,67,108,118,118,137],"damage_taken":[{"damage":0,"enemies":"2 Louse","floor":1,"turns":3},{"damage":0,"enemies":"Cultist","floor":2,"turns":3},{"damage":40,"enemies":"3 Sentries","floor":7,"turns":7},{"damage":1,"enemies":"Jaw Worm","floor":8,"turns":4},{"damage":0,"enemies":"Gremlin Gang","floor":11,"turns":6},{"damage":8,"enemies":"Replay:BlueRogue","floor":13,"turns":4},{"damage":6,"enemies":"The Guardian","floor":16,"turns":7},{"damage":0,"enemies":"3 Byrds","floor":18,"turns":3},{"damage":1,"enemies":"Spheric Guardian","floor":19,"turns":3},{"damage":3,"enemies":"Chosen and Byrds","floor":21,"turns":3},{"damage":22,"enemies":"Book of Stabbing","floor":24,"turns":4},{"damage":10,"enemies":"Nightmare","floor":27,"turns":6},{"damage":10,"enemies":"Snake Plant","floor":29,"turns":3},{"damage":0,"enemies":"Replay:Snechameleon","floor":30,"turns":4},{"damage":34,"enemies":"Automaton","floor":33,"turns":7},{"damage":0,"enemies":"3 Darklings","floor":35,"turns":2},{"damage":0,"enemies":"Orb Walker","floor":36,"turns":3},{"damage":11,"enemies":"Maw","floor":37,"turns":5},{"damage":0,"enemies":"Mind Bloom Boss Battle","floor":38,"turns":5},{"damage":1,"enemies":"3 Darklings","floor":39,"turns":4},{"damage":1,"enemies":"Reptomancer","floor":40,"turns":4},{"damage":2,"enemies":"Giant Head","floor":42,"turns":6},{"damage":0,"enemies":"R_Hoarder","floor":44,"turns":5},{"damage":16,"enemies":"Reptomancer","floor":47,"turns":5},{"damage":0,"enemies":"Writhing Mass","floor":48,"turns":5},{"damage":18,"enemies":"Donu and Deca","floor":50,"turns":6},{"damage":0,"enemies":"Small Slimes","floor":52,"turns":2},{"damage":0,"enemies":"Cultist","floor":55,"turns":3},{"damage":0,"enemies":"2 Louse","floor":56,"turns":1},{"damage":11,"enemies":"3 Sentries","floor":57,"turns":3},{"damage":19,"enemies":"Large Slime","floor":58,"turns":3},{"damage":17,"enemies":"Lagavulin","floor":59,"turns":3},{"damage":0,"enemies":"Exordium Wildlife","floor":62,"turns":2},{"damage":8,"enemies":"Blue Slaver","floor":63,"turns":2},{"damage":0,"enemies":"3 Sentries","floor":64,"turns":3},{"damage":0,"enemies":"2 Fungi Beasts","floor":65,"turns":2},{"damage":74,"enemies":"Hexaghost","floor":67,"turns":5},{"damage":0,"enemies":"Spheric Guardian","floor":69,"turns":2},{"damage":12,"enemies":"Shell Parasite","floor":72,"turns":3},{"damage":32,"enemies":"Snake Plant","floor":73,"turns":3},{"damage":0,"enemies":"Centurion and Healer","floor":75,"turns":1},{"damage":17,"enemies":"Slavers","floor":76,"turns":3},{"damage":0,"enemies":"3 Cultists","floor":78,"turns":4},{"damage":0,"enemies":"Sentry and Sphere","floor":79,"turns":2},{"damage":18,"enemies":"Gremlin Leader","floor":81,"turns":5},{"damage":0,"enemies":"Collector","floor":84,"turns":6},{"damage":18,"enemies":"3 Darklings","floor":86,"turns":3},{"damage":0,"enemies":"Orb Walker","floor":87,"turns":3},{"damage":17,"enemies":"Jaw Worm Horde","floor":88,"turns":4},{"damage":0,"enemies":"Maw","floor":90,"turns":5},{"damage":3,"enemies":"R_Hoarder","floor":91,"turns":5},{"damage":0,"enemies":"Reptomancer","floor":95,"turns":5},{"damage":0,"enemies":"R_Hoarder","floor":97,"turns":5},{"damage":9,"enemies":"Nightmare","floor":99,"turns":6},{"damage":67,"enemies":"Awakened One","floor":101,"turns":8},{"damage":0,"enemies":"Small Slimes","floor":103,"turns":2},{"damage":0,"enemies":"Lagavulin","floor":108,"turns":4},{"damage":0,"enemies":"Jaw Worm","floor":109,"turns":3},{"damage":0,"enemies":"Gremlin Nob","floor":110,"turns":4},{"damage":3,"enemies":"Nightmare","floor":113,"turns":7},{"damage":0,"enemies":"2 Louse","floor":114,"turns":1},{"damage":0,"enemies":"Gremlin Gang","floor":115,"turns":2},{"damage":0,"enemies":"Gremlin Nob","floor":116,"turns":3},{"damage":0,"enemies":"Hexaghost","floor":118,"turns":5},{"damage":0,"enemies":"Shell Parasite","floor":120,"turns":3},{"damage":0,"enemies":"2 Thieves","floor":121,"turns":3},{"damage":7,"enemies":"Book of Stabbing","floor":125,"turns":5},{"damage":0,"enemies":"Gremlin Leader","floor":127,"turns":5},{"damage":11,"enemies":"Snake Plant","floor":129,"turns":3},{"damage":0,"enemies":"Chosen and Byrds","floor":130,"turns":3},{"damage":0,"enemies":"3 Cultists","floor":132,"turns":4},{"damage":0,"enemies":"Book of Stabbing","floor":133,"turns":4},{"damage":37,"enemies":"hubris:MusketHawk","floor":135,"turns":5},{"damage":0,"enemies":"Orb Walker","floor":137,"turns":3},{"damage":0,"enemies":"3 Shapes","floor":141,"turns":4},{"damage":0,"enemies":"R_Hoarder","floor":142,"turns":5},{"damage":16,"enemies":"Writhing Mass","floor":144,"turns":4},{"damage":0,"enemies":"Giant Head","floor":147,"turns":6},{"damage":0,"enemies":"Spire Growth","floor":150,"turns":4},{"damage":97,"enemies":"infinitespire:LordOfFortification","floor":152,"turns":33},{"damage":13,"enemies":"Shield and Spear","floor":156,"turns":4},{"damage":30,"enemies":"The Heart","floor":157,"turns":10}],"seed_played":"7292319565722442550","potions_obtained":[{"floor":1,"key":"LiquidBronze"},{"floor":7,"key":"FearPotion"},{"floor":11,"key":"Explosive Potion"},{"floor":16,"key":"SteroidPotion"},{"floor":19,"key":"Regen Potion"},{"floor":33,"key":"Weak Potion"},{"floor":37,"key":"SkillPotion"},{"floor":44,"key":"EntropicBrew"},{"floor":56,"key":"Regen Potion"},{"floor":64,"key":"Toxic Potion"},{"floor":67,"key":"AttackPotion"},{"floor":75,"key":"Swift Potion"},{"floor":81,"key":"LifebloodPotion"},{"floor":99,"key":"Weak Potion"},{"floor":109,"key":"BlessingOfTheForge"},{"floor":114,"key":"Languid Potion"},{"floor":115,"key":"LifebloodPotion"},{"floor":116,"key":"DistilledChaos"},{"floor":118,"key":"Adrenaline Potion"},{"floor":120,"key":"Energy Potion"},{"floor":135,"key":"FairyPotion"},{"floor":137,"key":"FairyPotion"}],"is_trial":false,"path_per_floor":["M","M","?","T","$","R","E","M","T","R","M","$","E","$","R","B",null,"M","M","AVR","M","?","R","E","$","T","NM","R","M","E","?","R","B",null,"?","?","?","?","?","E","?","E","T","E","T","T","E","?","T","B",null,"?","?","?","?","?","E","?","E","T","T","?","?","E","?","T","B",null,"?","T","?","?","?","T","?","E","T","?","?","T","E","T","T","B",null,"?","?","?","?","?","E","T","?","T","E","?","E","T","NM","T","B",null,"?","T","?","AVR","T","E","?","E","T","?","NM","?","?","E","T","B",null,"?","?","T","?","T","E","T","E","T","?","?","T","?","E","T","B",null,"?","?","?","?","?","E","T","?","T","T","E","AVR","T","?","T","B",null,"T","T","E","B",null],"character_chosen":"NECROMANCER","items_purchased":["Summon_Undead_Army+1","Orrery","hubris:EvacipatedBox","DollysMirror","hubris:CrystalStatue","Eternal Feather","hubris:TenFootPole","Panache+1","MerchantsRug","Replay:Baseball","Omamori","Summon_Lich+1","aspiration:Nostalgia","FairyPotion","Pet Ghost","Happy Flower","Summon_Lich+1"],"campfire_rested":7,"item_purchase_floors":[12,12,14,25,70,70,70,82,82,82,82,104,104,104,122,126,155],"current_hp_per_floor":[82,82,82,82,82,82,48,49,49,49,57,57,51,32,56,52,75,79,80,80,82,82,82,66,66,66,62,62,58,64,64,64,55,75,81,82,77,82,82,82,82,82,82,82,82,82,79,82,82,72,80,82,82,82,82,82,82,74,63,63,63,69,67,81,82,82,35,70,82,82,82,80,57,75,81,75,75,82,82,82,82,82,82,82,82,70,82,76,76,82,82,82,82,82,82,82,82,82,79,82,44,73,79,86,86,86,86,86,86,86,86,86,86,86,86,86,86,86,86,86,86,86,86,86,86,86,86,86,85,86,86,86,86,86,68,82,86,86,86,89,89,89,89,86,86,89,89,89,89,89,89,89,89,89,89,87,89],"gold":252,"neow_bonus":"TEN_PERCENT_HP_BONUS","is_daily":false,"chose_seed":false,"campfire_upgraded":21,"win_rate":0.0,"timestamp":1607794162,"path_taken":["M","M","?","?","$","R","E","M","T","R","M","$","E","?","R","BOSS","M","M","AVR","M","?","R","E","$","T","NM","R","M","E","?","R","BOSS","?","?","?","?","?","E","?","E","T","E","?","T","E","?","T","BOSS","?","?","?","?","?","E","?","E","T","T","?","?","E","?","T","BOSS","?","T","?","?","?","T","?","E","T","?","?","T","E","T","T","BOSS","?","?","?","?","?","E","T","?","T","E","?","E","T","NM","T","BOSS","?","T","?","AVR","?","E","?","E","T","?","NM","?","?","E","T","BOSS","?","?","T","?","T","E","?","E","T","?","?","T","?","E","T","BOSS","?","?","?","?","?","E","T","?","T","T","E","AVR","T","?","T","BOSS","T","T","E","BOSS"],"items_purchased_type":["Card","Relic","Relic","Relic","Relic","Relic","Relic","Card","Relic","Relic","Relic","Card","Relic","Potion","Relic","Relic","Card"],"build_version":"2020-11-30","purchased_purges":4,"victory":true,"max_hp_per_floor":[82,82,82,82,82,82,82,82,82,82,82,82,82,82,82,82,82,82,82,82,82,82,82,82,82,82,82,82,82,82,82,82,82,82,82,82,82,82,82,82,82,82,82,82,82,82,82,82,82,82,82,82,82,82,82,82,82,82,82,82,82,82,82,82,82,82,82,82,82,82,82,82,82,82,82,82,82,82,82,82,82,82,82,82,82,82,82,82,82,82,82,82,82,82,82,82,82,82,82,82,82,82,82,86,86,86,86,86,86,86,86,86,86,86,86,86,86,86,86,86,86,86,86,86,86,86,86,86,86,86,86,86,86,86,86,86,86,86,86,89,89,89,89,89,89,89,89,89,89,89,89,89,89,89,89,89,89],"card_choices":[{"not_picked":["Shade_Step","Blood_Is_Power"],"picked":"Summon_Undead_Army","floor":1},{"not_picked":["Vampiric_Strike","Blood_Curse","Bone_Shift"],"picked":"SKIP","floor":2},{"not_picked":["Summon_Lich+1","Consume_Illness","Blood_Whip"],"picked":"Summon_Death_Knight+1","floor":7},{"not_picked":["Strike_from_Beyond","Finger_Of_Death","Bone_Armor","Bone_Bullets"],"picked":"SKIP","floor":8},{"not_picked":["Death_March_Dance","Necromantic_Selection","Necrotic_Claws"],"picked":"Negative_Energy_Sphere","floor":11},{"not_picked":["Consume_Illness","Blood_Curse","Negative_Energy_Javelin"],"picked":"Summon_Undead_Army+1","floor":12},{"not_picked":["Death_March_Dance","Shackles_Of_Pain","Bone_Armor"],"picked":"Negative_Energy_Javelin","floor":12},{"not_picked":["Blood_Wake","Chill_Blood","Vampiric_Strike"],"picked":"Negative_Energy_Sphere","floor":12},{"not_picked":["Negative_Energy_Sphere","Life_Tap","Negative_Energy_Shield","Negative_Energy_Burst"],"picked":"SKIP","floor":13},{"not_picked":["Hellfire","Requiem","Grasp_Heart"],"picked":"Summon_Death_Knight+1","floor":16},{"not_picked":["Vampiric_Strike","Death_Coil+1","Strike_from_Beyond","Death_March_Dance"],"picked":"SKIP","floor":18},{"not_picked":["Bone_Bullets+1","Vampiric_Strike","Finger_Of_Death","Death_March_Dance"],"picked":"SKIP","floor":19},{"not_picked":["Fiend Fire","Bone_Spikes+1","Twin Strike","Entrench","Warcry"],"picked":"SKIP","floor":21},{"not_picked":["Chill_Blood+1","Bone_Shift","Spot Weakness","Dropkick+1","Massacre"],"picked":"SKIP","floor":24},{"not_picked":["Finger_Of_Death+1","Wild Strike","ReplayTheSpireMod:Strike From Hell","Clash"],"picked":"Barricade+1","floor":27},{"not_picked":["Anger+1","Headbutt","Twin Strike+1","Armaments","Summon_Undead"],"picked":"SKIP","floor":29},{"not_picked":["Fire Breathing+1","Feel No Pain+1","Sword Boomerang+1","Uncharnel","Shrug It Off"],"picked":"SKIP","floor":30},{"not_picked":["Blood_Wake","Negative_Energy_Bomb","Blood_Magic+1","Fiend Fire"],"picked":"Juggernaut+1","floor":33},{"not_picked":["Heavy Blade","Sentinel","Pommel Strike+1","Cleave+1","Flex"],"picked":"SKIP","floor":35},{"not_picked":["Shrug It Off+1","Offering","Havoc","Shackles_Of_Pain+1","Whirlwind+1"],"picked":"SKIP","floor":36},{"not_picked":["Replay:Undeath\u0027s Touch+1","Clash+1","Entrench+1","Heavy Blade+1","Clothesline+1"],"picked":"SKIP","floor":37},{"not_picked":["Grasp_Heart","infinitespire:OneForAll+1","Vampiric_Strike+1","Cleave","Perfected Strike"],"picked":"SKIP","floor":39},{"not_picked":["Vampiric_Strike","Whirlwind_of_Bones+1","Bone_Spikes","Warcry+1"],"picked":"Summon_Lich+1","floor":40},{"not_picked":["ReplayTheSpireMod:Brewmster+1","Forethought","Replay:Sssssssssstrike","hubris:Ssssneak"],"picked":"Sadistic Nature+1","floor":41},{"not_picked":["Wild Strike","Finger_Of_Death","Toxic_Smoke_Screen+1","Acid_Javelin","Corruption+1"],"picked":"SKIP","floor":42},{"not_picked":["Sword Boomerang+1","Feed","Brutality+1","Bones_to_Steel"],"picked":"Disarm+1","floor":44},{"not_picked":["Pommel Strike+1","Seeing Red+1","Headbutt","Toxic_Smoke_Screen+1"],"picked":"Metallicize+1","floor":47},{"not_picked":["Bones_to_Steel","Sever Soul+1","Armaments+1","Bone_Armor","Death_Coil+1"],"picked":"SKIP","floor":48},{"not_picked":["Impervious","Fiend Fire","Barricade+1","Hemogenesis"],"picked":"Summon_Vampire_Lady+1","floor":50},{"not_picked":["Ghostly Armor","Violent_Necrosis","Negative_Energy_Sphere","Warcry","Uppercut"],"picked":"SKIP","floor":52},{"not_picked":["hubris:StunningStrike","Replay:Many Hands","Double Tap","Eclipse"],"picked":"Summon_Death_Knight","floor":53},{"not_picked":["Body Slam","Shade_Step+1","Dropkick","Negative_Energy_Sphere","Sentinel+1"],"picked":"SKIP","floor":55},{"not_picked":["Death_Coil","Chill_Blood+1","Anger","Burning Pact+1","Negative_Energy_Javelin"],"picked":"SKIP","floor":56},{"not_picked":["Thunderclap","Bone_Armory+1","Combust+1","Bone_Prison+1","Cloudkill+1"],"picked":"SKIP","floor":57},{"not_picked":["Armaments+1","Pandemic+1","Dual Wield+1","Replay:Undeath\u0027s Touch","Slay_Living"],"picked":"SKIP","floor":58},{"not_picked":["ReplayTheSpireMod:Strike From Hell","Clash","Power Through+1","Replay:Undeath\u0027s Touch","Flex+1"],"picked":"SKIP","floor":59},{"not_picked":["Dropkick","Negative_Energy_Javelin","Blood_Is_Power+1","Death_Coil","hubris:ReadiedAction+1"],"picked":"SKIP","floor":62},{"not_picked":["Clothesline","Bone_Armory+1","Perfected Strike","Cloudkill+1","Seeing Red+1"],"picked":"SKIP","floor":63},{"not_picked":["Sword Boomerang","Feel No Pain+1","Evolve+1","Burning Pact+1"],"picked":"Disarm+1","floor":64},{"not_picked":["Dual Wield+1","Death_March_Dance","Bones_to_Steel+1","Thousand_Bone_Knives"],"picked":"Summon_Lich+1","floor":65},{"not_picked":["infinitespire:Gouge","hubris:Rewind"],"picked":"infinitespire:Starlight","floor":68},{"not_picked":["Armaments+1","Vampiric_Strike+1","Power Through+1","Havoc+1","Chill_Blood+1"],"picked":"SKIP","floor":69},{"not_picked":["Cleave","Havoc+1","Blood_Whip","Bone_Armor+1","Armaments+1"],"picked":"SKIP","floor":72},{"not_picked":["Abandon+1","Disarm+1","Blood_Curse+1","Armaments+1"],"picked":"Negative_Energy_Mist+1","floor":73},{"not_picked":["Blood_Shield+1","Seeing Red+1","Headbutt","Plague_Bolt","Eclipse+1"],"picked":"SKIP","floor":75},{"not_picked":["Dual Wield+1","Consume_Illness+1","Vampiric_Strike","Heavy Blade+1","Carnage+1"],"picked":"SKIP","floor":76},{"not_picked":["Chill_Blood+1","Flesh_Made_Foul","Havoc+1","Acid_Javelin","Thunderclap"],"picked":"SKIP","floor":78},{"not_picked":["Shrug It Off+1","Negative_Energy_Burst","Sentinel+1","Negative_Energy_Shield+1","Scare+1"],"picked":"SKIP","floor":79},{"not_picked":["Entrench+1","Heavy Blade+1","Second Wind+1","Vampiric_Strike","Replay:Many Hands+1"],"picked":"SKIP","floor":81},{"not_picked":["Anger+1","Dropkick","Flex+1","Uncharnel+1","Shackles_Of_Pain+1"],"picked":"SKIP","floor":86},{"not_picked":["Anger","Abandon+1","Death_Coil","Deaths_Shadow","Shackles_Of_Pain+1"],"picked":"SKIP","floor":87},{"not_picked":["Sword Boomerang","Pummel","Anger","Life Link+1","Death_March_Dance+1"],"picked":"SKIP","floor":88},{"not_picked":["Bone_Armor+1","Bone_Bullets","Iron Wave+1","Flame Barrier+1","Blood_Is_Power+1"],"picked":"SKIP","floor":90},{"not_picked":["ReplayTheSpireMod:LeadingStrike+1","Blood_Is_Power+1","Anger+1","Headbutt+1","Entrench+1"],"picked":"SKIP","floor":91},{"not_picked":["Flame Barrier+1","Replay:Undeath\u0027s Touch+1","Eclipse+1","True Grit+1","hubris:SharpeningStone+1"],"picked":"SKIP","floor":95},{"not_picked":["Twin Strike+1","Combust+1","Entrench+1","Intimidate+1","Dark Embrace+1"],"picked":"SKIP","floor":97},{"not_picked":["Perfected Strike","Spectral_Armor+1","Strike_from_Beyond+1","True Grit+1","hubris:CleavingFinish+1"],"picked":"SKIP","floor":99},{"not_picked":["Juggernaut+1","Requiem","Demon Form+1","Replay:Many Hands+1"],"picked":"Summon_Vampire_Lady+1","floor":101},{"not_picked":["Exploit","Bone_Armory+1","Bone_Shift+1"],"picked":"SKIP","floor":103},{"not_picked":["Clash","Sword Boomerang"],"picked":"Summon_Undead+1","floor":108},{"not_picked":["Thunderclap","Carnage","Intimidate+1"],"picked":"SKIP","floor":109},{"not_picked":["Blood_Wake","Pummel","Consume_Illness+1"],"picked":"SKIP","floor":110},{"not_picked":["Negative_Energy_Shield+1","Negative_Energy_Javelin","Finger_Of_Death"],"picked":"SKIP","floor":113},{"not_picked":["Negative_Energy_Mist+1","Scare+1","Shackles_Of_Pain+1"],"picked":"SKIP","floor":114},{"not_picked":["Blood_Whip","Cleave","ReplayTheSpireMod:Strike From Hell"],"picked":"SKIP","floor":115},{"not_picked":["Negative_Energy_Mist+1","ReplayTheSpireMod:Limb From Limb","Death_Coil"],"picked":"SKIP","floor":116},{"not_picked":["Uncharnel+1","Bone_Bullets","Whirlwind"],"picked":"SKIP","floor":120},{"not_picked":["Bloodletting+1","Finger_Of_Death","Body Slam"],"picked":"SKIP","floor":121},{"not_picked":["Grasp_Heart","Blood_Is_Power+1","Plague_Bolt"],"picked":"SKIP","floor":125},{"not_picked":["Toxic_Smoke_Screen+1","Bone_Bullets","Flame Barrier+1"],"picked":"SKIP","floor":127},{"not_picked":["Armaments+1","Corrupt+1","Negative_Energy_Shield+1"],"picked":"SKIP","floor":129},{"not_picked":["Perfected Strike","Disarm+1","Slay_Living"],"picked":"SKIP","floor":130},{"not_picked":["Wild Strike","Barricade+1","Armaments+1"],"picked":"SKIP","floor":132},{"not_picked":["Hemogenesis","Necromantic_Selection+1","Headbutt+1"],"picked":"SKIP","floor":133},{"not_picked":["Corrupt+1","hubris:ReadiedAction+1","Ghostly Armor+1"],"picked":"SKIP","floor":137},{"not_picked":["Bone_Armor+1","Flex+1","Toxic_Smoke_Screen+1"],"picked":"SKIP","floor":141},{"not_picked":["Violent_Necrosis+1","Whirlwind"],"picked":"Body Slam","floor":142},{"not_picked":["Death_Coil+1","Thunderclap","Iron Wave"],"picked":"SKIP","floor":144},{"not_picked":["Reckless Charge","Scare+1","Rage+1"],"picked":"SKIP","floor":147},{"not_picked":["Requiem","Flex+1","Run Through"],"picked":"SKIP","floor":150},{"not_picked":["ReplayTheSpireMod:Limb From Limb","hubris:CleavingFinish+1","Scare+1"],"picked":"SKIP","floor":156},{"not_picked":["Hellfire","Blood_Wake"],"picked":"Juggernaut+1","floor":157}],"player_experience":371567,"relics_obtained":[{"floor":4,"key":"Question Card"},{"floor":7,"key":"Frozen Egg 2"},{"floor":13,"key":"Calipers"},{"floor":24,"key":"ReplayFunnel"},{"floor":26,"key":"StoneCalendar"},{"floor":27,"key":"Pondfish Scales"},{"floor":30,"key":"MealTicket"},{"floor":38,"key":"Replay:Arrowhead"},{"floor":40,"key":"hubris:SlimyHat"},{"floor":42,"key":"Replay:Bandana"},{"floor":44,"key":"infinitespire:Golems Mask"},{"floor":47,"key":"Regal Pillow"},{"floor":57,"key":"infinitespire:PuzzleCube"},{"floor":59,"key":"hubris:Zylophone"},{"floor":60,"key":"Vajra"},{"floor":64,"key":"Onion Ring"},{"floor":76,"key":"Smiling Mask"},{"floor":77,"key":"Darkstone Periapt"},{"floor":81,"key":"Thread and Needle"},{"floor":94,"key":"Replay:Bottled Eggs"},{"floor":95,"key":"aspiration:AnachronicSnailShell"},{"floor":97,"key":"FossilizedHelix"},{"floor":99,"key":"infinitespire:Eraser"},{"floor":108,"key":"hubris:OldNail"},{"floor":110,"key":"White Beast Statue"},{"floor":111,"key":"Boot"},{"floor":116,"key":"hubris:Potato"},{"floor":125,"key":"Replay:Mystery Machine"},{"floor":127,"key":"Tiny Chest"},{"floor":128,"key":"aspiration:TomeofQuesting"},{"floor":133,"key":"Simple Rune"},{"floor":142,"key":"Replay:Rubber Ducky"},{"floor":145,"key":"MawBank"},{"floor":147,"key":"hubris:DuctTape"},{"floor":151,"key":"Bronze Scales"},{"floor":156,"key":"Blood Vial"}],"event_choices":[{"damage_healed":0,"gold_gain":0,"player_choice":"Ignored","damage_taken":0,"max_hp_gain":0,"max_hp_loss":0,"event_name":"betterNote:BetterNote","floor":22,"gold_loss":0,"cards_obtained":["Strike_S"]},{"damage_healed":0,"gold_gain":0,"player_choice":"Fight","damage_taken":0,"max_hp_gain":0,"max_hp_loss":0,"event_name":"MindBloom","floor":38,"gold_loss":0},{"damage_healed":0,"gold_gain":3,"player_choice":"1","damage_taken":0,"max_hp_gain":0,"max_hp_loss":0,"event_name":"betterStone:BetterStone","floor":41,"gold_loss":0},{"damage_healed":0,"gold_gain":0,"player_choice":"1","damage_taken":0,"max_hp_gain":0,"max_hp_loss":0,"event_name":"betterMatch:BetterMatch","floor":53,"gold_loss":0,"cards_obtained":["betterMatch:RareCard","betterMatch:ColorlessUncommonCard"]},{"damage_healed":0,"gold_gain":0,"player_choice":"Gave Potion","damage_taken":0,"relics_obtained":["aspiration:Lifesprig"],"max_hp_gain":0,"max_hp_loss":0,"event_name":"WeMeetAgain","floor":96,"gold_loss":0},{"damage_healed":5,"gold_gain":0,"player_choice":"LEAVE ","damage_taken":0,"relics_obtained":[],"max_hp_gain":0,"max_hp_loss":0,"event_name":"betterSkull:BetterSkull","floor":105,"gold_loss":0,"cards_upgraded":[]},{"damage_healed":0,"gold_gain":0,"player_choice":"Trade","damage_taken":0,"relics_obtained":["CultistMask"],"max_hp_gain":0,"max_hp_loss":0,"event_name":"FaceTrader","floor":112,"gold_loss":0},{"damage_healed":0,"gold_gain":0,"player_choice":"Inject Mutagens","damage_taken":0,"relics_obtained":["MutagenicStrength"],"max_hp_gain":0,"max_hp_loss":0,"event_name":"Drug Dealer","floor":123,"gold_loss":0},{"cards_removed":["infinitespire:Starlight"],"damage_healed":0,"gold_gain":0,"player_choice":"Removed Skill","damage_taken":0,"max_hp_gain":0,"max_hp_loss":0,"event_name":"Falling","floor":138,"gold_loss":0}],"is_beta":false,"boss_relics":[{"not_picked":["Calling Bell","Sozu","Kintsugi"],"picked":"Replay:Grab Bag"},{"not_picked":["aspiration:FutureDiary","Velvet Choker","Pandora\u0027s Box"],"picked":"infinitespire:Cupcake"},{"not_picked":["Replay:Bronze Core","ChewingGum","hubris:Stopwatch"],"picked":"hubris:TerracottaHorce"},{"not_picked":["aspiration:ServantSkillbook","Runic Pyramid","Ring of Chaos"],"picked":"hubris:ScarierMask"},{"not_picked":["hubris:HollowSoul","aspiration:SilentSkillbook","Philosopher\u0027s Stone"],"picked":"hubris:Backtick"},{"not_picked":["Runic Dome","Replay:Drink Me","hubris:VirtuousBlindfold"],"picked":"Painkiller Herb"},{"not_picked":["Cursed Key","Snecko Eye","hubris:RunicObelisk"],"picked":"Abe\u0027s Treasure"},{"not_picked":["ReplayTheSpireMod:DimensionalGlitch","Honey Jar","ChewingGum"],"picked":"Runic Dome"},{"not_picked":["hubris:RunicObelisk","aspiration:FutureDiary","hubris:CrackedHourglass","Kintsugi"]},{"not_picked":["Astrolabe","Cursed Key","aspiration:SecretTechniqueScroll"],"picked":"Busted Crown"},{"not_picked":["Kintsugi","aspiration:RunicSpoon","Honey Jar","hubris:Stopwatch"]},{"not_picked":["hubris:RunicObelisk","Fusion Hammer","Pandora\u0027s Box","Ring of Chaos"]},{"not_picked":["hubris:HollowSoul","ChewingGum","Velvet Choker"],"picked":"SacredBark"}],"items_purged_floors":[20,45,82,148],"is_endless":true,"potions_floor_spawned":[1,7,11,16,19,24,27,33,37,40,44,52,56,57,64,67,75,78,79,81,84,86,91,95,99,101,109,113,114,115,116,118,120,121,125,127,129,130,132,133,135,137,141,142,144,147,150,152,156,157],"ascension_level":6}}