{"host":"2ttsipbxjlhedj1t","time":1607742894,"event":{"mods":["2.2 Compatiblity","Act Like it!","BaseMod","Better Altar","Better Note","Better Sensory Stone","Better Skull","Better Third Choice","Colored Map","Colored Powertips","Hermit","Highlight Path","Minty Spire (QoL Compilation)","Quick Restart","Shop Mod","StSLib","The Blue Laboratory","The Disciple"],"gold_per_floor":[115,128,140,140,140,140,160,160,183,183,221,252,270,27,27,27,27],"floor_reached":16,"playtime":607,"items_purged":["Injury"],"score":120,"play_id":"d3aae5e8-8d43-4e33-bc7e-3b47b5bcebee","local_time":"20201211221454","is_ascension_mode":true,"campfire_choices":[{"data":"Zap","floor":6,"key":"SMITH"},{"data":"Dualcast","floor":8,"key":"SMITH"},{"data":"Core Surge","floor":10,"key":"SMITH"},{"data":"Thinking Ahead","floor":15,"key":"SMITH"}],"circlet_count":0,"master_deck":["Strike_B","Strike_B","Strike_B","Strike_B","Defend_B","Defend_B","Defend_B","Defend_B","Zap+1","Dualcast+1","Core Surge+1","Loop","Streamline","Genetic Algorithm","Sunder","Thinking Ahead+1"],"relics":["Cracked Core","Golden Idol","Blood Vial","Odd Mushroom","Potion Belt"],"acts_visited":["Exordium"],"potions_floor_usage":[11,16],"damage_taken":[{"damage":0,"enemies":"2 Louse","floor":1,"turns":2},{"damage":7,"enemies":"Jaw Worm","floor":2,"turns":3},{"damage":1,"enemies":"Cultist","floor":3,"turns":3},{"damage":0,"enemies":"2 Fungi Beasts","floor":7,"turns":2},{"damage":20,"enemies":"The Mushroom Lair","floor":11,"turns":5},{"damage":26,"enemies":"Gremlin Nob","floor":12,"turns":4},{"damage":23,"enemies":"Lots of Slimes","floor":13,"turns":3},{"damage":14,"enemies":"Hexaghost","floor":16,"turns":9}],"seed_played":"3328825360975157405","potions_obtained":[{"floor":2,"key":"blueLaboratory:ForbiddenFruitJuice"},{"floor":3,"key":"Block Potion"},{"floor":12,"key":"blueLaboratory:FruitPreserves"},{"floor":13,"key":"blueLaboratory:RememoryPotion"}],"is_trial":false,"path_per_floor":["M","M","M","?","?","R","M","R","T","R","?","E","M","$","R","B"],"character_chosen":"DEFECT","items_purchased":["Thinking Ahead"],"campfire_rested":0,"item_purchase_floors":[14],"current_hp_per_floor":[68,61,60,60,65,65,65,65,65,65,47,23,2,2,2,23,23],"gold":27,"neow_bonus":"THREE_RARE_CARDS","is_daily":false,"chose_seed":false,"campfire_upgraded":4,"win_rate":0.0,"timestamp":1607742894,"path_taken":["M","M","M","?","?","R","M","R","T","R","?","E","M","$","R","BOSS"],"items_purchased_type":["Card"],"build_version":"2020-11-30","purchased_purges":1,"victory":false,"max_hp_per_floor":[68,68,68,68,73,73,73,73,73,73,73,73,73,73,73,73,73],"card_choices":[{"not_picked":["Fission","Creative AI"],"picked":"Core Surge","floor":0},{"not_picked":["Beam Cell","Ball Lightning"],"picked":"Loop","floor":1},{"not_picked":["Rebound","Coolheaded"],"picked":"Streamline","floor":2},{"not_picked":["Rip and Tear","Gash"],"picked":"Genetic Algorithm","floor":3},{"not_picked":["Genetic Algorithm","Go for the Eyes","Double Energy"],"picked":"SKIP","floor":7},{"not_picked":["Compile Driver","Cold Snap","Beam Cell"],"picked":"SKIP","floor":12},{"not_picked":["Reprogram","Compile Driver"],"picked":"Sunder","floor":13}],"player_experience":356586,"relics_obtained":[{"floor":9,"key":"Blood Vial"},{"floor":11,"key":"Odd Mushroom"},{"floor":12,"key":"Potion Belt"}],"event_choices":[{"damage_healed":0,"gold_gain":0,"player_choice":"Take Wound","damage_taken":0,"relics_obtained":["Golden Idol"],"max_hp_gain":0,"max_hp_loss":0,"event_name":"Golden Idol","floor":4,"gold_loss":0,"cards_obtained":["Injury"]},{"damage_healed":0,"gold_gain":0,"player_choice":"Donut","damage_taken":0,"max_hp_gain":5,"max_hp_loss":0,"event_name":"Big Fish","floor":5,"gold_loss":0},{"damage_healed":0,"gold_gain":0,"player_choice":"Fought Mushrooms","damage_taken":0,"max_hp_gain":0,"max_hp_loss":0,"event_name":"Mushrooms","floor":11,"gold_loss":0}],"is_beta":false,"boss_relics":[],"items_purged_floors":[14],"is_endless":false,"potions_floor_spawned":[2,3,12,13],"killed_by":"Hexaghost","ascension_level":4}}