{"host":"6he3f0ic6yesrium","time":1607785496,"event":{"mods":["BaseMod","Better Altar","Better Match","Better Note","Better Sensory Stone","Better Skull","Better Third Choice","Colored Map","Conspire","Hermit","Hubris","Marisa????????","Mimic Mod","Minty Spire (QoL Compilation)","Replay The Spire","Shade Mod","StSLib","The Alterego","The Runesmith"],"gold_per_floor":[120,120,140,255,255,255,255],"floor_reached":6,"playtime":351,"items_purged":[],"score":34,"play_id":"07c7a8a1-15a5-43ff-8bff-6f2b6cdbdc97","local_time":"20201212100456","is_ascension_mode":false,"campfire_choices":[],"circlet_count":0,"master_deck":["alterego_mod:Strike","alterego_mod:Strike","alterego_mod:Strike","alterego_mod:Defend","alterego_mod:Defend","alterego_mod:Defend","alterego_mod:Defend","alterego_mod:Impale","alterego_mod:BigMeatyClaws","alterego_mod:BrynhildrsRune","alterego_mod:Jiggle","alterego_mod:1TonWallop","alterego_mod:GachaTicket","alterego_mod:Clones","alterego_mod:RidiculouslyBig"],"relics":["alterego_mod:MasochisticConstitution","Golden Idol","Ancient Tea Set"],"acts_visited":["Exordium"],"potions_floor_usage":[],"damage_taken":[{"damage":3.0,"enemies":"2 Louse","floor":1.0,"turns":2.0},{"damage":20.0,"enemies":"conspire:RoseBush","floor":3.0,"turns":2.0},{"damage":6,"enemies":"Lagavulin","floor":6,"turns":4}],"seed_played":"4749054888693804656","potions_obtained":[],"is_trial":false,"path_per_floor":["M","?","M","?","?","E"],"character_chosen":"The_Alterego","items_purchased":[],"campfire_rested":0,"item_purchase_floors":[],"current_hp_per_floor":[75,56,37,6,6,0,0],"gold":255,"neow_bonus":"TEN_PERCENT_HP_BONUS","is_daily":false,"chose_seed":false,"campfire_upgraded":0,"win_rate":0.0,"timestamp":1607785496,"path_taken":["M","?","M","?","?","E"],"items_purchased_type":[],"build_version":"2020-11-30","purchased_purges":0,"victory":false,"max_hp_per_floor":[78,78,79,79,79,79,79],"card_choices":[{"not_picked":["alterego_mod:Maid","alterego_mod:Cooking"],"picked":"alterego_mod:Jiggle","floor":1.0},{"not_picked":["alterego_mod:BeGentle","alterego_mod:Bunnysuit"],"picked":"alterego_mod:1TonWallop","floor":3.0},{"not_picked":["alterego_mod:Cycle","alterego_mod:Table"],"picked":"alterego_mod:GachaTicket","floor":4.0},{"not_picked":["alterego_mod:HighServant","alterego_mod:PurpleHair"],"picked":"alterego_mod:Clones","floor":4.0}],"player_experience":290660,"relics_obtained":[{"floor":4.0,"key":"Ancient Tea Set"}],"event_choices":[{"damage_healed":0.0,"max_hp_gain":0.0,"max_hp_loss":0.0,"gold_gain":0.0,"event_name":"Golden Idol","player_choice":"Take Damage","floor":2.0,"gold_loss":0.0,"damage_taken":19.0,"relics_obtained":["Golden Idol"]},{"damage_healed":0.0,"max_hp_gain":0.0,"max_hp_loss":0.0,"gold_gain":0.0,"cards_transformed":["alterego_mod:Strike"],"event_name":"Transmorgrifier","player_choice":"Transformed","floor":5.0,"gold_loss":0.0,"damage_taken":0.0,"cards_obtained":["alterego_mod:RidiculouslyBig"]}],"is_beta":false,"boss_relics":[],"items_purged_floors":[],"is_endless":false,"potions_floor_spawned":[],"killed_by":"Lagavulin","ascension_level":0}}