{"host":"4axoa1rfjgnprp9l","time":1607745971,"event":{"mods":["2.2 Compatiblity","AchievementEnabler","BaseMod","Colored Map","DeckTracker","Highlight Path","Minty Spire (QoL Compilation)","Permanent Neow","StSLib","SuperFastMode"],"gold_per_floor":[115,127,141,141,154,154,154,154,180,180,221,221,244,260,260,356,356,376,2,2,23,23,23],"floor_reached":22,"playtime":4141,"items_purged":["Strike_B"],"score":372,"play_id":"420c42bf-6a3d-41c0-b41e-4a2c79cb0cb5","local_time":"20201212130611","is_ascension_mode":true,"campfire_choices":[{"data":"Rip and Tear","floor":6.0,"key":"SMITH"},{"data":"Zap","floor":8.0,"key":"SMITH"},{"data":"Dualcast","floor":12.0,"key":"SMITH"},{"floor":15.0,"key":"REST"}],"circlet_count":0,"master_deck":["AscendersBane","Strike_B","Strike_B","Defend_B","Defend_B","Defend_B","Defend_B","Zap+1","Dualcast+1","Reboot","Rip and Tear+1","Coolheaded","Ball Lightning","Chill","Echo Form","Skim","Sunder","Undo","Double Energy"],"relics":["Cracked Core","Golden Idol","Lantern","Smiling Mask","Symbiotic Virus","Inserter","Art of War"],"acts_visited":["Exordium","TheCity"],"potions_floor_usage":[22],"damage_taken":[{"damage":4.0,"enemies":"Jaw Worm","floor":1.0,"turns":3.0},{"damage":1.0,"enemies":"2 Louse","floor":2.0,"turns":4.0},{"damage":8.0,"enemies":"Small Slimes","floor":3.0,"turns":3.0},{"damage":20.0,"enemies":"Exordium Thugs","floor":5.0,"turns":6.0},{"damage":14.0,"enemies":"Lagavulin","floor":11.0,"turns":5.0},{"damage":4.0,"enemies":"Red Slaver","floor":13.0,"turns":3.0},{"damage":5.0,"enemies":"Large Slime","floor":14.0,"turns":4.0},{"damage":25.0,"enemies":"Hexaghost","floor":16.0,"turns":9.0},{"damage":19.0,"enemies":"3 Byrds","floor":18.0,"turns":4.0},{"damage":21.0,"enemies":"Shell Parasite","floor":21.0,"turns":3.0},{"damage":9,"enemies":"Snake Plant","floor":22,"turns":2}],"seed_played":"-4575992361201992367","potions_obtained":[{"floor":2.0,"key":"Energy Potion"},{"floor":11.0,"key":"BlessingOfTheForge"}],"is_trial":false,"path_per_floor":["M","M","M","?","M","R","?","R","T","?","E","R","M","M","R","B",null,"M","$","?","M","M"],"character_chosen":"DEFECT","items_purchased":["Sunder","Art of War","LiquidMemories"],"campfire_rested":1,"item_purchase_floors":[19,19,19],"current_hp_per_floor":[60,59,51,51,31,31,31,31,31,31,17,17,13,8,27,2,49,30,30,30,9,0,0],"gold":23,"neow_bonus":"ONE_RANDOM_RARE_CARD","is_daily":false,"chose_seed":false,"campfire_upgraded":3,"win_rate":0.0,"timestamp":1607745971,"path_taken":["M","M","M","?","M","R","?","R","T","?","E","R","M","M","R","BOSS","M","$","?","?","M"],"items_purchased_type":["Card","Relic","Potion"],"build_version":"2020-11-30","purchased_purges":1,"victory":false,"max_hp_per_floor":[71,71,71,64,64,64,64,64,64,64,64,64,64,64,64,64,64,64,64,64,64,64,64],"card_choices":[{"not_picked":["Leap","Streamline"],"picked":"Rip and Tear","floor":1.0},{"not_picked":["Fusion","Rebound","Stack"],"picked":"SKIP","floor":2.0},{"not_picked":["Hologram","White Noise"],"picked":"Coolheaded","floor":3.0},{"not_picked":["Go for the Eyes","Cold Snap","Stack"],"picked":"SKIP","floor":5.0},{"not_picked":["Doom and Gloom","Gash"],"picked":"Ball Lightning","floor":11.0},{"not_picked":["Ball Lightning","Sweeping Beam","Recycle"],"picked":"SKIP","floor":13.0},{"not_picked":["Ball Lightning","Turbo"],"picked":"Chill","floor":14.0},{"not_picked":["All For One","Machine Learning"],"picked":"Echo Form","floor":16.0},{"not_picked":["Leap","Redo+1"],"picked":"Skim","floor":18.0},{"not_picked":["Steam","Gash"],"picked":"Double Energy","floor":21.0}],"player_experience":725082,"relics_obtained":[{"floor":9.0,"key":"Smiling Mask"},{"floor":11.0,"key":"Symbiotic Virus"}],"event_choices":[{"damage_healed":0.0,"max_hp_gain":0.0,"max_hp_loss":7.0,"gold_gain":0.0,"event_name":"Golden Idol","player_choice":"Lose Max HP","floor":4.0,"gold_loss":0.0,"damage_taken":0.0,"relics_obtained":["Golden Idol"]},{"damage_healed":0.0,"max_hp_gain":0.0,"max_hp_loss":0.0,"gold_gain":0.0,"event_name":"Dead Adventurer","player_choice":"Searched \u00272\u0027 times","floor":7.0,"gold_loss":0.0,"damage_taken":0.0,"relics_obtained":["Lantern"]},{"cards_removed":["Strike_B"],"damage_healed":0.0,"max_hp_gain":0.0,"max_hp_loss":0.0,"gold_gain":0.0,"event_name":"Purifier","player_choice":"Purged","floor":10.0,"gold_loss":0.0,"damage_taken":0.0},{"damage_healed":0.0,"max_hp_gain":0.0,"max_hp_loss":0.0,"gold_gain":0.0,"event_name":"Match and Keep!","player_choice":"1 cards matched","floor":20.0,"gold_loss":0.0,"damage_taken":0.0,"cards_obtained":["Undo"]}],"is_beta":false,"boss_relics":[{"not_picked":["Ectoplasm","Fusion Hammer"],"picked":"Inserter"}],"items_purged_floors":[19],"is_endless":false,"potions_floor_spawned":[2,11,13],"killed_by":"Snake Plant","ascension_level":20}}