{"host":"dij4iqdhjit0agg1","time":1607763843,"event":{"mods":["Act Like it!","BaseMod","Better Note","Colored Powertips","Minty Spire (QoL Compilation)","Permanent Neow","Rare Cards Sparkle","StSLib","The Servant 0.9.4"],"gold_per_floor":[17,17,17,29,47,47,62,62,62,80,93,109,109,34,34,139,139,151,79,98,98,98,98,98,98,98,428,428,428],"floor_reached":28,"playtime":1636,"items_purged":["Strike_R"],"score":228,"play_id":"e0cfac03-b041-404f-ac57-0eae708e12d8","local_time":"20201212100403","is_ascension_mode":false,"campfire_choices":[{"data":"Sadistic Nature","floor":6,"key":"SMITH"},{"data":"Bash","floor":8,"key":"SMITH"},{"floor":13,"key":"REST"},{"data":"Body Slam","floor":15,"key":"SMITH"},{"data":"Immolate","floor":23,"key":"SMITH"},{"data":"Thunderclap","floor":25,"key":"SMITH"}],"circlet_count":0,"master_deck":["Strike_R","Strike_R","Strike_R","Strike_R","Defend_R","Defend_R","Defend_R","Defend_R","Bash+1","Sadistic Nature+1","Armaments+1","Thunderclap+1","Body Slam+1","Spot Weakness","Double Tap","Fire Breathing","Impervious+1","Madness","Immolate+1","Limit Break+1"],"relics":["Burning Blood","Prayer Wheel","Philosopher\u0027s Stone","Girya","Old Coin"],"acts_visited":["Exordium","TheCity"],"potions_floor_usage":[7,10,16,27,27],"damage_taken":[{"damage":1,"enemies":"Jaw Worm","floor":1,"turns":3},{"damage":5,"enemies":"Small Slimes","floor":4,"turns":4},{"damage":7,"enemies":"2 Louse","floor":5,"turns":3},{"damage":27,"enemies":"Gremlin Gang","floor":7,"turns":5},{"damage":9,"enemies":"2 Fungi Beasts","floor":10,"turns":2},{"damage":20,"enemies":"Exordium Thugs","floor":11,"turns":5},{"damage":12,"enemies":"3 Louse","floor":12,"turns":3},{"damage":37,"enemies":"Hexaghost","floor":16,"turns":8},{"damage":37,"enemies":"3 Byrds","floor":18,"turns":5},{"damage":6,"enemies":"Spheric Guardian","floor":20,"turns":4},{"damage":55,"enemies":"Book of Stabbing","floor":27,"turns":5},{"damage":20,"enemies":"Shelled Parasite and Fungi","floor":28,"turns":2}],"seed_played":"257017705370943488","potions_obtained":[{"floor":4,"key":"Block Potion"},{"floor":5,"key":"DuplicationPotion"},{"floor":12,"key":"SkillPotion"},{"floor":16,"key":"BloodPotion"},{"floor":20,"key":"ColorlessPotion"},{"floor":27,"key":"Dexterity Potion"}],"is_trial":false,"path_per_floor":["M","?","?","M","M","R","M","R","T","M","M","M","R","$","R","B",null,"M","$","M","?","?","R","?","R","T","E","M"],"character_chosen":"IRONCLAD","items_purchased":["Impervious"],"campfire_rested":1,"item_purchase_floors":[19],"current_hp_per_floor":[80,80,80,80,79,79,58,58,58,55,41,35,59,59,59,28,80,49,49,49,49,49,49,49,49,49,16,0,0],"gold":428,"neow_bonus":"RANDOM_COLORLESS_2","is_daily":false,"chose_seed":false,"campfire_upgraded":5,"win_rate":0.0,"timestamp":1607763843,"path_taken":["M","?","?","M","M","R","M","R","T","M","M","M","R","$","R","BOSS","M","$","M","?","?","R","?","R","T","E","M"],"items_purchased_type":["Card"],"build_version":"2020-11-30","purchased_purges":1,"victory":false,"max_hp_per_floor":[80,80,80,80,80,80,80,80,80,80,80,80,80,80,80,80,80,80,80,80,80,80,80,80,80,80,80,80,80],"card_choices":[{"not_picked":["The Bomb","Panache"],"picked":"Sadistic Nature","floor":0},{"not_picked":["Rupture","Havoc"],"picked":"Armaments","floor":1},{"not_picked":["Anger","Seeing Red"],"picked":"Thunderclap","floor":4},{"not_picked":["Disarm","Sever Soul","Bloodletting"],"picked":"SKIP","floor":5},{"not_picked":["Warcry","Wild Strike","Reckless Charge"],"picked":"SKIP","floor":7},{"not_picked":["Headbutt","Rage","Dual Wield"],"picked":"SKIP","floor":10},{"not_picked":["Cleave","Havoc","Corruption"],"picked":"SKIP","floor":10},{"not_picked":["Thunderclap","Headbutt"],"picked":"Body Slam","floor":11},{"not_picked":["Wild Strike","Power Through","Dual Wield"],"picked":"SKIP","floor":11},{"not_picked":["Havoc","Cleave"],"picked":"Spot Weakness","floor":12},{"not_picked":["Dropkick","Entrench","Havoc"],"picked":"SKIP","floor":12},{"not_picked":["Fiend Fire","Berserk"],"picked":"Double Tap","floor":16},{"not_picked":["Hemokinesis","Sword Boomerang+1"],"picked":"Fire Breathing","floor":18},{"not_picked":["Thunderclap","Reckless Charge","Sever Soul"],"picked":"SKIP","floor":18},{"not_picked":["Cleave","Rupture","Spot Weakness"],"picked":"SKIP","floor":20},{"not_picked":["Cleave","Shockwave","Clash"],"picked":"SKIP","floor":20},{"not_picked":["Burning Pact+1","Rage","Havoc"],"picked":"SKIP","floor":27}],"player_experience":871919,"relics_obtained":[{"floor":9,"key":"Prayer Wheel"},{"floor":26,"key":"Girya"},{"floor":27,"key":"Old Coin"}],"event_choices":[{"damage_healed":0,"gold_gain":0,"player_choice":"Grow","damage_taken":0,"max_hp_gain":0,"max_hp_loss":0,"event_name":"Living Wall","floor":2,"gold_loss":0,"cards_upgraded":["Armaments"]},{"damage_healed":0,"gold_gain":0,"player_choice":"Ignored","damage_taken":0,"max_hp_gain":0,"max_hp_loss":0,"event_name":"Liars Game","floor":3,"gold_loss":0},{"damage_healed":0,"gold_gain":0,"player_choice":"Forge","damage_taken":0,"max_hp_gain":0,"max_hp_loss":0,"event_name":"Accursed Blacksmith","floor":21,"gold_loss":0,"cards_upgraded":["Impervious"]},{"damage_healed":0,"gold_gain":0,"player_choice":"2 cards matched","damage_taken":0,"max_hp_gain":0,"max_hp_loss":0,"event_name":"Match and Keep!","floor":22,"gold_loss":0,"cards_obtained":["Madness","Immolate"]},{"cards_removed":["Immolate"],"damage_healed":0,"gold_gain":0,"player_choice":"Take \u0026 Give","damage_taken":0,"max_hp_gain":0,"max_hp_loss":0,"event_name":"betterNote:BetterNote","floor":24,"gold_loss":0,"cards_obtained":["Limit Break"]}],"is_beta":false,"boss_relics":[{"not_picked":["Mark of Pain","Pandora\u0027s Box"],"picked":"Philosopher\u0027s Stone"}],"items_purged_floors":[14],"is_endless":false,"potions_floor_spawned":[4,5,12,16,20,27],"killed_by":"Shelled Parasite and Fungi","ascension_level":0}}