{"host":"rofpq4i3w7d0zqjh","time":1607787434,"event":{"mods":["BaseMod","Minty Spire (QoL Compilation)"],"gold_per_floor":[112,130,147,74,86,86,103,135,160,160,35,35,55,55,55,55,55],"floor_reached":16,"playtime":1023,"items_purged":["Strike_B"],"score":122,"play_id":"e52ea301-8e40-449a-afa9-ff22b69e3c97","local_time":"20201212083714","is_ascension_mode":true,"campfire_choices":[{"data":"Chill","floor":6,"key":"SMITH"},{"floor":10,"key":"DIG"},{"floor":12,"key":"REST"},{"floor":15,"key":"REST"}],"circlet_count":0,"master_deck":["Strike_B","Strike_B","Strike_B","Defend_B","Defend_B","Defend_B","Defend_B","Zap","Dualcast","Normality","Loop","Skim","Chill+1","BootSequence","Cold Snap","Conserve Battery","Leap","Streamline","Auto Shields"],"relics":["Cracked Core","Dead Branch","Shovel","Tiny Chest","Juzu Bracelet"],"acts_visited":["Exordium"],"potions_floor_usage":[8],"damage_taken":[{"damage":11,"enemies":"Cultist","floor":1,"turns":4},{"damage":2,"enemies":"Small Slimes","floor":2,"turns":4},{"damage":2,"enemies":"Jaw Worm","floor":3,"turns":3},{"damage":12,"enemies":"2 Fungi Beasts","floor":5,"turns":4},{"damage":4,"enemies":"Looter","floor":7,"turns":4},{"damage":39,"enemies":"Lagavulin","floor":8,"turns":9},{"damage":12,"enemies":"Exordium Thugs","floor":13,"turns":8},{"damage":41,"enemies":"Hexaghost","floor":16,"turns":15}],"seed_played":"-5358456237430651412","potions_obtained":[{"floor":1,"key":"EntropicBrew"},{"floor":7,"key":"SneckoOil"},{"floor":8,"key":"SmokeBomb"},{"floor":13,"key":"GamblersBrew"}],"is_trial":false,"path_per_floor":["M","M","M","$","M","R","M","E","T","R","$","R","M","?","R","B"],"character_chosen":"DEFECT","items_purchased":["BootSequence","Streamline"],"campfire_rested":2,"item_purchase_floors":[4,11],"current_hp_per_floor":[64,62,60,60,48,48,44,5,5,5,5,27,15,15,37,0,0],"gold":55,"neow_bonus":"ONE_RARE_RELIC","is_daily":false,"chose_seed":false,"campfire_upgraded":1,"win_rate":0.0,"timestamp":1607787434,"path_taken":["M","M","M","?","M","R","M","E","T","R","$","R","M","?","R","BOSS"],"items_purchased_type":["Card","Card"],"build_version":"2020-11-30","purchased_purges":1,"victory":false,"max_hp_per_floor":[75,75,75,75,75,75,75,75,75,75,75,75,75,75,75,75,75],"card_choices":[{"not_picked":["Turbo","Barrage"],"picked":"Loop","floor":1},{"not_picked":["Gash","Melter"],"picked":"Skim","floor":2},{"not_picked":["Gash","Barrage"],"picked":"Chill","floor":3},{"not_picked":["Beam Cell","Aggregate"],"picked":"Cold Snap","floor":5},{"not_picked":["Cold Snap","Self Repair"],"picked":"Conserve Battery","floor":7},{"not_picked":["Storm","Multi-Cast"],"picked":"Leap","floor":8},{"not_picked":["Turbo","Melter"],"picked":"Auto Shields","floor":13}],"player_experience":210996,"relics_obtained":[{"floor":8,"key":"Shovel"},{"floor":9,"key":"Tiny Chest"},{"floor":10,"key":"Juzu Bracelet"}],"event_choices":[{"damage_healed":0,"gold_gain":0,"player_choice":"Searched \u00271\u0027 times","damage_taken":0,"max_hp_gain":0,"max_hp_loss":0,"event_name":"Dead Adventurer","floor":14,"gold_loss":0}],"is_beta":false,"boss_relics":[],"items_purged_floors":[11],"is_endless":false,"potions_floor_spawned":[1,7,8,13],"killed_by":"Hexaghost","ascension_level":4}}