{"host":"1hv1kueuvc4r3rdp","time":1607816932,"event":{"mods":["AchievementEnabler","BaseMod","DeckTracker","Highlight Path","Minty Spire (QoL Compilation)","Permanent Neow","StSLib"],"gold_per_floor":[12,29,29,41,15,15,45,45,45,57,83,103,135,152,152,152,152],"floor_reached":16,"playtime":1429,"items_purged":[],"score":153,"play_id":"3b3dace1-17ef-4806-b5e8-c7506b8bd43e","local_time":"20201212174852","is_ascension_mode":true,"campfire_choices":[{"data":"Neutralize","floor":6,"key":"SMITH"},{"floor":15,"key":"REST"}],"circlet_count":0,"master_deck":["Strike_G","Strike_G","Strike_G","Strike_G","Defend_G","Defend_G","Defend_G","Defend_G","Defend_G","Survivor","Neutralize+1","Venomology","Footwork","Adrenaline","PiercingWail","Crippling Poison","Dagger Throw","Skewer","Malaise","Dagger Spray"],"relics":["Ring of the Snake","Mummified Hand","Darkstone Periapt","Singing Bowl","Bottled Lightning"],"acts_visited":["Exordium"],"potions_floor_usage":[7,11,13,13,16,16,16,16],"damage_taken":[{"damage":2,"enemies":"Jaw Worm","floor":1,"turns":7},{"damage":0,"enemies":"Cultist","floor":2,"turns":5},{"damage":0,"enemies":"Small Slimes","floor":4,"turns":4},{"damage":16,"enemies":"3 Sentries","floor":7,"turns":15},{"damage":5,"enemies":"Exordium Thugs","floor":10,"turns":9},{"damage":46,"enemies":"Gremlin Nob","floor":11,"turns":6},{"damage":3,"enemies":"3 Louse","floor":12,"turns":4},{"damage":19,"enemies":"3 Sentries","floor":13,"turns":11},{"damage":3,"enemies":"Red Slaver","floor":14,"turns":6},{"damage":31,"enemies":"Hexaghost","floor":16,"turns":17}],"seed_played":"2031665330786132287","potions_obtained":[{"floor":2,"key":"FearPotion"},{"floor":7,"key":"Regen Potion"},{"floor":11,"key":"DuplicationPotion"}],"is_trial":false,"path_per_floor":["M","M","?","M","$","R","E","?","T","M","E","M","E","M","R","B"],"character_chosen":"THE_SILENT","items_purchased":["PiercingWail"],"campfire_rested":1,"item_purchase_floors":[5],"current_hp_per_floor":[68,68,68,68,68,68,52,70,70,65,33,32,13,10,31,0,0],"gold":152,"neow_bonus":"THREE_RARE_CARDS","is_daily":false,"chose_seed":false,"campfire_upgraded":1,"win_rate":0.0,"timestamp":1607816932,"path_taken":["M","M","?","?","?","R","E","?","T","?","E","M","E","M","R","BOSS"],"items_purchased_type":["Card"],"build_version":"2020-11-30","purchased_purges":0,"victory":false,"max_hp_per_floor":[70,70,70,70,70,70,70,70,70,70,70,72,72,72,72,72,72],"card_choices":[{"not_picked":["Grand Finale","Night Terror"],"picked":"Venomology","floor":0},{"not_picked":["Underhanded Strike","Masterful Stab","Cloak And Dagger"],"picked":"SKIP","floor":1},{"not_picked":["Leg Sweep","Accuracy"],"picked":"Footwork","floor":2},{"not_picked":["Underhanded Strike","Poisoned Stab","Venomology"],"picked":"SKIP","floor":4},{"not_picked":["Catalyst","Deadly Poison"],"picked":"Crippling Poison","floor":7},{"not_picked":["Cloak And Dagger","Quick Slash"],"picked":"Dagger Throw","floor":10},{"not_picked":["Acrobatics","Tactician"],"picked":"Skewer","floor":11},{"not_picked":["Tactician","Deflect","Catalyst"],"picked":"Singing Bowl","floor":12},{"not_picked":["Setup","Blur","Malaise"],"picked":"SKIP","floor":13},{"not_picked":["Setup","Blur"],"picked":"Malaise","floor":13},{"not_picked":["Deflect","Cloak And Dagger"],"picked":"Dagger Spray","floor":14}],"player_experience":981797,"relics_obtained":[{"floor":7,"key":"Mummified Hand"},{"floor":9,"key":"Darkstone Periapt"},{"floor":11,"key":"Singing Bowl"},{"floor":13,"key":"Bottled Lightning"}],"event_choices":[{"damage_healed":0,"gold_gain":0,"cards_transformed":["Strike_G"],"player_choice":"Transformed","damage_taken":0,"max_hp_gain":0,"max_hp_loss":0,"event_name":"Transmorgrifier","floor":3,"gold_loss":0,"cards_obtained":["Adrenaline"]},{"damage_healed":18,"gold_gain":0,"player_choice":"Full Heal","damage_taken":0,"max_hp_gain":0,"max_hp_loss":0,"event_name":"Wheel of Change","floor":8,"gold_loss":0}],"is_beta":false,"boss_relics":[],"items_purged_floors":[],"is_endless":false,"potions_floor_spawned":[2,7,11,12,14],"killed_by":"Hexaghost","ascension_level":5}}