{"host":"1c52r9kaxdyo25eq","time":1607747370,"event":{"mods":["AchievementEnabler","BaseMod","Minty Spire (QoL Compilation)","Rare Cards Sparkle","SuperFastMode","everything is the same but u backflip on backflip"],"gold_per_floor":[110,110,127,52,64,64,83,116,116,41,41,41,41,41],"floor_reached":13,"playtime":261,"items_purged":["Strike_P"],"score":162,"play_id":"312dfcb7-b456-4bf1-ac33-a98586150b7a","local_time":"20201212132930","is_ascension_mode":true,"campfire_choices":[{"data":"Eruption","floor":6,"key":"SMITH"},{"data":"Evaluate","floor":11,"key":"SMITH"}],"circlet_count":0,"master_deck":["AscendersBane","Strike_P","Strike_P","Defend_P","Defend_P","Eruption+1","Vigilance","MentalFortress","Evaluate+1","InnerPeace"],"relics":["PureWater","Torii","Thread and Needle","Golden Idol"],"acts_visited":["Exordium"],"potions_floor_usage":[8,8],"damage_taken":[{"damage":0,"enemies":"Cultist","floor":1,"turns":3},{"damage":1,"enemies":"2 Louse","floor":3,"turns":2},{"damage":5,"enemies":"Jaw Worm","floor":5,"turns":3},{"damage":9,"enemies":"Large Slime","floor":7,"turns":7},{"damage":29,"enemies":"Lagavulin","floor":8,"turns":8},{"damage":75,"enemies":"Gremlin Nob","floor":13,"turns":4}],"seed_played":"-2146767778057840975","potions_obtained":[{"floor":1,"key":"Dexterity Potion"},{"floor":3,"key":"EntropicBrew"},{"floor":8,"key":"Block Potion"}],"is_trial":false,"path_per_floor":["M","?","M","?","M","R","M","E","T","$","R","?","E"],"character_chosen":"WATCHER","items_purchased":[],"campfire_rested":0,"item_purchase_floors":[],"current_hp_per_floor":[43,48,47,47,42,42,33,4,4,4,4,4,19,19],"gold":41,"neow_bonus":"REMOVE_TWO","is_daily":false,"chose_seed":false,"campfire_upgraded":2,"win_rate":0.0,"timestamp":1607747370,"path_taken":["M","?","M","?","M","R","M","E","T","?","R","?","E"],"items_purchased_type":[],"build_version":"2020-11-30","purchased_purges":1,"victory":false,"max_hp_per_floor":[68,73,73,73,73,73,73,73,73,73,73,66,66,66],"card_choices":[{"not_picked":["Evaluate","FlurryOfBlows","FlyingSleeves"],"picked":"SKIP","floor":1},{"not_picked":["Perseverance","EmptyBody"],"picked":"MentalFortress","floor":3},{"not_picked":["ClearTheMind","ThirdEye"],"picked":"Evaluate","floor":5},{"not_picked":["Indignation","Nirvana"],"picked":"InnerPeace","floor":7},{"not_picked":["Swivel","Wallop","SashWhip"],"picked":"SKIP","floor":8}],"player_experience":463387,"relics_obtained":[{"floor":8,"key":"Torii"},{"floor":9,"key":"Thread and Needle"}],"event_choices":[{"damage_healed":0,"gold_gain":0,"player_choice":"Donut","damage_taken":0,"max_hp_gain":5,"max_hp_loss":0,"event_name":"Big Fish","floor":2,"gold_loss":0},{"cards_removed":["Defend_P"],"damage_healed":0,"gold_gain":0,"player_choice":"Card Removal","damage_taken":0,"max_hp_gain":0,"max_hp_loss":0,"event_name":"The Cleric","floor":4,"gold_loss":75},{"damage_healed":0,"gold_gain":0,"player_choice":"Lose Max HP","damage_taken":0,"relics_obtained":["Golden Idol"],"max_hp_gain":0,"max_hp_loss":7,"event_name":"Golden Idol","floor":12,"gold_loss":0}],"is_beta":false,"boss_relics":[],"items_purged_floors":[10],"is_endless":false,"potions_floor_spawned":[1,3,8],"killed_by":"Gremlin Nob","ascension_level":19}}