{"host":"f5gffvlv6a66yqkd","time":1607788111,"event":{"mods":["2.2 Compatiblity","BaseMod","Colored Map","DeckTracker","Keyboard Shortcuts","Minty Spire (QoL Compilation)","Permanent Neow","Quick Restart","Relic Stats","StSLib","SuperFastMode"],"gold_per_floor":[12,22,22,36,36,36,77,102,129,129,129,154,175,175,175],"floor_reached":14,"playtime":349,"items_purged":[],"score":184,"play_id":"cb36d832-d520-41cb-9749-9cfc97aa387e","local_time":"20201213004831","is_ascension_mode":true,"campfire_choices":[{"data":"Deadly Poison","floor":6.0,"key":"SMITH"},{"floor":10.0,"key":"REST"}],"circlet_count":0,"master_deck":["AscendersBane","Strike_G","Strike_G","Strike_G","Strike_G","Defend_G","Defend_G","Defend_G","Defend_G","Defend_G","Survivor","Neutralize","Dagger Throw","Deadly Poison+1","Crippling Poison","PiercingWail","Blade Dance","Backflip","Tactician"],"relics":["Ring of the Snake","Incense Burner","Golden Idol","Tiny Chest","Akabeko","Boot"],"acts_visited":["Exordium"],"potions_floor_usage":[14],"damage_taken":[{"damage":1.0,"enemies":"Small Slimes","floor":1.0,"turns":5.0},{"damage":0.0,"enemies":"2 Louse","floor":2.0,"turns":3.0},{"damage":18.0,"enemies":"Jaw Worm","floor":4.0,"turns":4.0},{"damage":27.0,"enemies":"Gremlin Nob","floor":7.0,"turns":4.0},{"damage":0.0,"enemies":"3 Louse","floor":8.0,"turns":3.0},{"damage":3,"enemies":"Lots of Slimes","floor":12,"turns":3},{"damage":2,"enemies":"Gremlin Gang","floor":13,"turns":7},{"damage":11,"enemies":"Lagavulin","floor":14,"turns":5}],"seed_played":"-6520269446744028705","potions_obtained":[{"floor":4.0,"key":"LiquidBronze"},{"floor":7.0,"key":"Weak Potion"}],"is_trial":false,"path_per_floor":["M","M","?","M","?","R","E","M","T","R","?","M","M","E"],"character_chosen":"THE_SILENT","items_purchased":[],"campfire_rested":1,"item_purchase_floors":[],"current_hp_per_floor":[58,58,58,40,29,29,2,2,2,20,13,10,8,0,0],"gold":175,"neow_bonus":"ONE_RARE_RELIC","is_daily":false,"chose_seed":false,"campfire_upgraded":1,"win_rate":0.0,"timestamp":1607788111,"path_taken":["M","M","?","M","?","R","E","M","T","R","?","?","M","E"],"items_purchased_type":[],"build_version":"2020-11-30","purchased_purges":0,"victory":false,"max_hp_per_floor":[66,66,60,60,60,60,60,60,60,60,60,60,60,60,60],"relic_stats":{"counters":[8,34],"Golden Idol":25,"Tiny Chest":0,"Boot":[21],"obtain_stats":[{"Golden Idol":3,"Tiny Chest":5,"Incense Burner":0,"Boot":9,"Akabeko":7,"Ring of the Snake":0},{"Golden Idol":2,"Tiny Chest":3,"Incense Burner":0,"Boot":5,"Akabeko":4,"Ring of the Snake":0},{"Golden Idol":8,"Tiny Chest":12,"Incense Burner":0,"Boot":19,"Akabeko":16,"Ring of the Snake":0}],"Ring of the Snake":[16]},"card_choices":[{"not_picked":["Bane","Heel Hook"],"picked":"Dagger Throw","floor":1.0},{"not_picked":["Cloak And Dagger","Dagger Spray"],"picked":"Deadly Poison","floor":2.0},{"not_picked":["Backflip","Cloak And Dagger"],"picked":"Crippling Poison","floor":4.0},{"not_picked":["Night Terror","Endless Agony"],"picked":"PiercingWail","floor":7.0},{"not_picked":["Predator","Bouncing Flask"],"picked":"Blade Dance","floor":8.0},{"not_picked":["Flechettes","Deflect"],"picked":"Backflip","floor":12},{"not_picked":["Flying Knee","Noxious Fumes"],"picked":"Tactician","floor":13}],"player_experience":1447783,"relics_obtained":[{"floor":7.0,"key":"Akabeko"},{"floor":9.0,"key":"Boot"}],"event_choices":[{"damage_healed":0.0,"max_hp_gain":0.0,"max_hp_loss":6.0,"gold_gain":0.0,"event_name":"Golden Idol","player_choice":"Lose Max HP","floor":3.0,"gold_loss":0.0,"damage_taken":0.0,"relics_obtained":["Golden Idol"]},{"damage_healed":0.0,"max_hp_gain":0.0,"max_hp_loss":0.0,"gold_gain":0.0,"event_name":"Scrap Ooze","player_choice":"Success","floor":5.0,"gold_loss":0.0,"damage_taken":11.0,"relics_obtained":["Tiny Chest"]},{"cards_removed":["Strike_G"],"damage_healed":0.0,"max_hp_gain":0.0,"max_hp_loss":0.0,"gold_gain":0.0,"event_name":"Golden Wing","player_choice":"Card Removal","floor":11.0,"gold_loss":0.0,"damage_taken":7.0}],"is_beta":false,"boss_relics":[],"items_purged_floors":[],"is_endless":false,"potions_floor_spawned":[4,7,8],"killed_by":"Lagavulin","ascension_level":20}}