{"host":"3z9xbwjeimmg738z","time":1607808424,"event":{"mods":["Act Like it!","BaseMod","Colored Powertips","Defuse TimeMaze Blight","Downfall","GifTheSpireLib","Minty Spire (QoL Compilation)","Pale of the Ancients","Rare Cards Sparkle","StSLib"],"gold_per_floor":[99,118,148,73,93,93,93,121,121,153,170,180,198,198,208,307,307,232,244,8,8,28,63,63,63,83,8,18,33,18,31,51,51,51],"floor_reached":33,"playtime":2434,"items_purged":[],"score":306,"play_id":"62fd0d90-3708-4eac-b4a2-2bee268c1418","local_time":"20201212132704","is_ascension_mode":false,"campfire_choices":[{"floor":1,"key":"RECALL"},{"data":"champ:Taunt","floor":4,"key":"SMITH"},{"data":"champ:Backstep","floor":6,"key":"SMITH"},{"floor":9,"key":"DIG"},{"floor":18,"key":"DIG"},{"floor":25,"key":"REST"},{"data":"champ:AdrenalArmor","floor":27,"key":"SMITH"}],"circlet_count":0,"master_deck":["champ:Strike","champ:Strike","champ:Strike","champ:Strike","champ:Defend","champ:Defend","champ:Defend","champ:Defend","champ:Execute","champ:Taunt+1","champ:DefensiveShout","champ:Backstep+1","champ:TornadoPunch","champ:RisingSlash","champ:RapidStrikes","champ:MurderStrike","champ:BladeFlurry","champ:EndlessRage","champ:AdrenalArmor+1","champ:EndlessRage","champ:RisingSlash","champ:AdrenalArmor+1","champ:StanceDance"],"relics":["champ:ChampionCrown","CaptainsWheel","downfall:HeartBlessingRed","Shovel","Bird Faced Urn","Dream Catcher","Happy Flower","SacredBark","downfall:HeartBlessingGreen","Shuriken","PreservedInsect","Akabeko","downfall:HeartBlessingBlue"],"acts_visited":["Exordium","TheCity"],"potions_floor_usage":[20,26,29,29,33,33],"damage_taken":[{"damage":17,"enemies":"2 Louse","floor":2,"turns":3},{"damage":5,"enemies":"Small Slimes","floor":5,"turns":3},{"damage":36,"enemies":"Lagavulin","floor":8,"turns":7},{"damage":24,"enemies":"Gremlin Nob","floor":10,"turns":6},{"damage":0,"enemies":"Jaw Worm","floor":11,"turns":3},{"damage":16,"enemies":"Large Slime","floor":12,"turns":5},{"damage":5,"enemies":"Blue Slaver","floor":13,"turns":2},{"damage":4,"enemies":"Exordium Wildlife","floor":15,"turns":3},{"damage":66,"enemies":"downfall:Defect","floor":16,"turns":8},{"damage":5,"enemies":"Spheric Guardian","floor":19,"turns":5},{"damage":14,"enemies":"downfall:FleeingMerchant","floor":20,"turns":4},{"damage":32,"enemies":"Centurion and Healer","floor":22,"turns":8},{"damage":32,"enemies":"Slavers","floor":23,"turns":5},{"damage":39,"enemies":"Snake Plant","floor":26,"turns":4},{"damage":13,"enemies":"Chosen and Byrds","floor":28,"turns":6},{"damage":18,"enemies":"3 Cultists","floor":29,"turns":5},{"damage":8,"enemies":"downfall:FleeingMerchant","floor":30,"turns":4},{"damage":14,"enemies":"Centurion and Healer","floor":31,"turns":6},{"damage":17,"enemies":"Snake Plant","floor":32,"turns":4},{"damage":95,"enemies":"downfall:Silent","floor":33,"turns":7}],"seed_played":"-670837290010293130","potions_obtained":[{"floor":11,"key":"Ancient Potion"},{"floor":12,"key":"Dexterity Potion"},{"floor":16,"key":"champ:OpenerPotion"},{"floor":23,"key":"DuplicationPotion"},{"floor":26,"key":"BlessingOfTheForge"},{"floor":31,"key":"Strength Potion"},{"floor":32,"key":"Energy Potion"}],"is_trial":false,"path_per_floor":["R","M","?","R","M","R","T","E","R","E","M","M","M","?","M","B",null,"R","M","$","?","M","E","T","R","M","R","M","M","$","M","M","B"],"character_chosen":"THE_CHAMP","items_purchased":["champ:EndlessRage","PreservedInsect"],"campfire_rested":1,"item_purchase_floors":[20,20],"current_hp_per_floor":[99,87,87,87,87,87,87,66,66,52,52,41,41,74,70,9,99,99,99,99,79,65,40,40,71,65,75,75,89,92,98,86,0,0],"gold":51,"neow_bonus":"TEN_PERCENT_HP_BONUS","is_daily":false,"chose_seed":false,"campfire_upgraded":3,"win_rate":0.0,"timestamp":1607808424,"path_taken":["R","M","?","R","M","R","T","E","R","E","M","M","M","?","M","BOSS","R","M","$","?","M","E","T","R","M","R","M","M","$","M","M","BOSS"],"items_purchased_type":["Card","Relic"],"build_version":"2020-11-30","purchased_purges":0,"victory":false,"max_hp_per_floor":[99,99,99,99,99,99,99,99,99,99,99,99,99,99,99,99,99,99,99,99,104,104,104,104,104,104,114,114,114,114,114,114,114,114],"card_choices":[{"not_picked":["champ:Circumvent","champ:TornadoPunch"],"picked":"champ:DefensiveShout","floor":2},{"not_picked":["champ:BerserkersShout","champ:GladiatorsShout"],"picked":"champ:Backstep","floor":5},{"not_picked":["champ:GladiatorStyle","champ:DefensiveShout"],"picked":"champ:TornadoPunch","floor":8},{"not_picked":["champ:Haymaker","champ:GladiatorStyle"],"picked":"champ:RisingSlash","floor":10},{"not_picked":["champ:GladiatorsShout","champ:FanOfKnives","champ:CrookedStrike"],"picked":"SKIP","floor":11},{"not_picked":["champ:FaceSlap","champ:Backstep","champ:DeathBlow"],"picked":"SKIP","floor":12},{"not_picked":["champ:ArenaPreparation","champ:RisingSlash","champ:Encircle"],"picked":"SKIP","floor":13},{"not_picked":["champ:GladiatorsShout","champ:FocusedGladiator"],"picked":"champ:RapidStrikes","floor":15},{"not_picked":["champ:CrownThrow","champ:SteelEdge"],"picked":"champ:MurderStrike","floor":16},{"not_picked":["champ:Circumvent","champ:Backstep"],"picked":"champ:BladeFlurry","floor":19},{"not_picked":["champ:BerserkersShout+1","champ:ViciousMockery","champ:TornadoPunch"],"picked":"SKIP","floor":20},{"not_picked":["champ:SkillfulDodge","champ:GladiatorsShout","champ:ViciousMockery"],"picked":"SKIP","floor":22},{"not_picked":["champ:SkillfulDodge","champ:EnGarde"],"picked":"champ:AdrenalArmor","floor":23},{"not_picked":["champ:DefensiveShout","champ:AdrenalArmor"],"picked":"champ:EndlessRage","floor":25},{"not_picked":["champ:DefensiveShout","champ:FanOfKnives"],"picked":"champ:RisingSlash","floor":26},{"not_picked":["champ:AdrenalArmor","champ:StrikeOfGenius","champ:GladiatorsShout+1"],"picked":"SKIP","floor":28},{"not_picked":["champ:Haymaker","champ:AdrenalArmor","champ:FlashCut+1"],"picked":"SKIP","floor":29},{"not_picked":["champ:Shatter+1","champ:TornadoPunch"],"picked":"champ:AdrenalArmor+1","floor":30},{"not_picked":["champ:Duel","champ:BringItOn"],"picked":"champ:StanceDance","floor":31},{"not_picked":["champ:FanOfKnives","champ:Haymaker","champ:EnragedBash+1"],"picked":"SKIP","floor":32}],"player_experience":121428,"relics_obtained":[{"floor":7,"key":"Shovel"},{"floor":8,"key":"Bird Faced Urn"},{"floor":9,"key":"Dream Catcher"},{"floor":10,"key":"Happy Flower"},{"floor":18,"key":"Shuriken"},{"floor":23,"key":"Akabeko"}],"event_choices":[{"damage_healed":33,"gold_gain":0,"player_choice":"Banana","damage_taken":0,"max_hp_gain":0,"max_hp_loss":0,"event_name":"Big Fish","floor":14,"gold_loss":0}],"is_beta":false,"boss_relics":[{"not_picked":["Velvet Choker","Busted Crown"],"picked":"SacredBark"}],"items_purged_floors":[],"is_endless":false,"potions_floor_spawned":[11,12,16,23,26,28,31,32],"killed_by":"downfall:Silent","ascension_level":0}}