{"host":"foq4mrde4mssg7vt","time":1607799476,"event":{"mods":["AchievementEnabler","BaseMod","Colored Map","Colored Powertips","Highlight Path","Minty Spire (QoL Compilation)","Relic Stats","everything is the same but u backflip on backflip"],"gold_per_floor":[112,112,39,54,70,114,128,166,166,200,200,55,55,99,99,219,219,232,248,59,59,59,90,90,134,134,168,168,186,186,205,205,309,309,328,328,328,355,384,411,411,422,455,514,514,554,554,563,563,563,563,563,133,174,174],"floor_reached":56,"playtime":4198,"items_purged":["Strike_R","Strike_R","Strike_R+1"],"score":1597,"play_id":"7d368c4a-1f42-4703-8a55-ffb2152cb0da","local_time":"20201213025756","is_ascension_mode":true,"campfire_choices":[{"data":"True Grit","floor":11.0,"key":"SMITH"},{"data":"Immolate","floor":13.0,"key":"SMITH"},{"floor":15.0,"key":"REST"},{"floor":28.0,"key":"REST"},{"data":"Metallicize","floor":32.0,"key":"SMITH"},{"data":"Corruption","floor":41.0,"key":"SMITH"},{"data":"Juggernaut","floor":45.0,"key":"SMITH"},{"floor":49.0,"key":"RECALL"},{"data":"Rage","floor":52.0,"key":"SMITH"}],"circlet_count":0,"master_deck":["Strike_R+1","Defend_R+1","Defend_R+1","Defend_R+1","Defend_R+1","Bash","Immolate+1","Thunderclap","Hemokinesis","Metallicize+1","Iron Wave","True Grit+1","Inflame","Corruption+1","Reaper","Shrug It Off","Dropkick","Inflame","Shrug It Off","Dropkick","Juggernaut+1","Power Through","Headbutt","Exhume","CurseOfTheBell","Battle Trance","Shrug It Off+1","Injury","Dark Embrace+1","Rage+1","Offering","Burning Pact","Fiend Fire","Dark Embrace+1","Barricade+1"],"relics":["Burning Blood","Bloody Idol","Juzu Bracelet","Odd Mushroom","Nunchaku","Letter Opener","Mummified Hand","Cursed Key","Pen Nib","Akabeko","Orichalcum","Calling Bell","CeramicFish","Frozen Egg 2","Champion Belt","Oddly Smooth Stone","Ginger","Strawberry","Self Forming Clay"],"acts_visited":["Exordium","TheCity","TheBeyond","TheEnding"],"potions_floor_usage":[54,55,55],"damage_taken":[{"damage":10.0,"enemies":"Jaw Worm","floor":1.0,"turns":5.0},{"damage":2.0,"enemies":"2 Louse","floor":4.0,"turns":2.0},{"damage":5.0,"enemies":"Small Slimes","floor":5.0,"turns":2.0},{"damage":15.0,"enemies":"Gremlin Nob","floor":6.0,"turns":3.0},{"damage":6.0,"enemies":"Exordium Thugs","floor":7.0,"turns":3.0},{"damage":8.0,"enemies":"The Mushroom Lair","floor":8.0,"turns":3.0},{"damage":28.0,"enemies":"Lagavulin","floor":10.0,"turns":7.0},{"damage":33.0,"enemies":"Gremlin Nob","floor":14.0,"turns":5.0},{"damage":4.0,"enemies":"Slime Boss","floor":16.0,"turns":8.0},{"damage":20.0,"enemies":"Shell Parasite","floor":18.0,"turns":5.0},{"damage":15.0,"enemies":"Spheric Guardian","floor":19.0,"turns":4.0},{"damage":29.0,"enemies":"Gremlin Leader","floor":23.0,"turns":5.0},{"damage":30.0,"enemies":"Slavers","floor":25.0,"turns":4.0},{"damage":24.0,"enemies":"Gremlin Leader","floor":27.0,"turns":6.0},{"damage":8.0,"enemies":"Centurion and Healer","floor":29.0,"turns":4.0},{"damage":6.0,"enemies":"Snake Plant","floor":31.0,"turns":3.0},{"damage":39.0,"enemies":"Collector","floor":33.0,"turns":7.0},{"damage":6.0,"enemies":"Orb Walker","floor":35.0,"turns":4.0},{"damage":15.0,"enemies":"3 Darklings","floor":38.0,"turns":5.0},{"damage":29.0,"enemies":"Spire Growth","floor":39.0,"turns":5.0},{"damage":23.0,"enemies":"Reptomancer","floor":40.0,"turns":8.0},{"damage":14.0,"enemies":"Writhing Mass","floor":42.0,"turns":12.0},{"damage":2.0,"enemies":"Mind Bloom Boss Battle","floor":44.0,"turns":6.0},{"damage":50.0,"enemies":"Nemesis","floor":46.0,"turns":11.0},{"damage":87.0,"enemies":"Time Eater","floor":50.0,"turns":12.0},{"damage":49,"enemies":"Shield and Spear","floor":54,"turns":5},{"damage":35,"enemies":"The Heart","floor":55,"turns":7}],"seed_played":"-6726787911100350102","potions_obtained":[{"floor":4.0,"key":"BloodPotion"},{"floor":5.0,"key":"ColorlessPotion"},{"floor":10.0,"key":"AttackPotion"},{"floor":14.0,"key":"GamblersBrew"},{"floor":16.0,"key":"DuplicationPotion"},{"floor":19.0,"key":"BlessingOfTheForge"},{"floor":33.0,"key":"SteroidPotion"},{"floor":39.0,"key":"Dexterity Potion"},{"floor":54,"key":"GamblersBrew"}],"is_trial":false,"path_per_floor":["M","?","$","M","M","E","M","?","T","E","R","$","R","E","R","B",null,"M","M","$","?","$","E","?","E","T","E","R","M","?","M","R","B",null,"M","?","?","M","M","E","R","M","T","?","R","E","T","?","R","B",null,"R","$","E","B",null],"character_chosen":"IRONCLAD","items_purchased":["Hemokinesis","Inflame","Inflame","Shrug It Off","Burning Pact","Fiend Fire","Weak Potion","Dark Embrace+1"],"campfire_rested":2,"item_purchase_floors":[3,12,20,20,53,53,53,53],"current_hp_per_floor":[68,67,67,67,67,58,58,56,56,34,34,34,34,20,40,42,61,47,42,42,42,42,31,31,25,25,7,27,43,43,62,62,34,59,67,67,67,67,67,67,67,67,67,67,67,61,61,66,66,10,58,58,73,50,36],"gold":174,"neow_bonus":"THREE_RARE_CARDS","is_daily":false,"chose_seed":false,"campfire_upgraded":6,"win_rate":0.0,"timestamp":1607799476,"path_taken":["M","?","$","M","M","E","M","?","T","E","R","$","R","E","R","BOSS","M","M","$","?","$","E","?","E","T","E","R","M","?","M","R","BOSS","M","?","?","M","M","E","R","M","T","?","R","E","?","?","R","BOSS","R","$","E","BOSS"],"items_purchased_type":["Card","Card","Card","Card","Card","Card","Potion","Card"],"build_version":"2020-11-30","purchased_purges":3,"victory":true,"max_hp_per_floor":[72,67,67,67,67,67,67,67,67,67,67,67,67,67,67,67,67,67,67,67,67,67,67,67,67,67,67,67,67,67,67,67,67,67,67,67,67,67,67,67,67,67,67,67,67,74,74,74,74,74,74,74,74,74,74],"relic_stats":{"counters":[27,151],"Self Forming Clay":[21],"CeramicFish":90,"Pen Nib":[21],"Juzu Bracelet":2,"Letter Opener":[177],"Ginger":[5],"Orichalcum":[126],"Cursed Key":1,"Burning Blood":137,"Nunchaku":[27],"Mummified Hand":[104],"Bloody Idol":53,"Champion Belt":[37],"obtain_stats":[{"Golden Idol":2,"Self Forming Clay":54,"CeramicFish":34,"Oddly Smooth Stone":40,"Pen Nib":23,"Juzu Bracelet":6,"Letter Opener":10,"Ginger":44,"Odd Mushroom":8,"Orichalcum":27,"Frozen Egg 2":34,"Cursed Key":17,"Burning Blood":0,"Akabeko":25,"Calling Bell":34,"Nunchaku":9,"Mummified Hand":14,"Bloody Idol":30,"Strawberry":46,"Champion Belt":34},{"Golden Idol":1,"Self Forming Clay":26,"CeramicFish":17,"Oddly Smooth Stone":21,"Pen Nib":12,"Juzu Bracelet":4,"Letter Opener":7,"Ginger":23,"Odd Mushroom":6,"Orichalcum":14,"Frozen Egg 2":17,"Cursed Key":9,"Burning Blood":0,"Akabeko":13,"Calling Bell":17,"Nunchaku":6,"Mummified Hand":8,"Bloody Idol":15,"Strawberry":24,"Champion Belt":17},{"Golden Idol":5,"Self Forming Clay":144,"CeramicFish":76,"Oddly Smooth Stone":98,"Pen Nib":52,"Juzu Bracelet":12,"Letter Opener":25,"Ginger":116,"Odd Mushroom":18,"Orichalcum":62,"Frozen Egg 2":76,"Cursed Key":38,"Burning Blood":0,"Akabeko":56,"Calling Bell":76,"Nunchaku":18,"Mummified Hand":30,"Bloody Idol":66,"Strawberry":127,"Champion Belt":76}]},"card_choices":[{"not_picked":["Juggernaut","Offering"],"picked":"Immolate","floor":0.0},{"not_picked":["Wild Strike","Ghostly Armor"],"picked":"Thunderclap","floor":1.0},{"not_picked":["Clash","Second Wind","Entrench"],"picked":"SKIP","floor":4.0},{"not_picked":["Clothesline","Pummel"],"picked":"Metallicize","floor":5.0},{"not_picked":["Flex","Warcry"],"picked":"Dual Wield","floor":6.0},{"not_picked":["Seeing Red","Havoc"],"picked":"Iron Wave","floor":7.0},{"not_picked":["Flex","Dual Wield"],"picked":"True Grit","floor":10.0},{"not_picked":["Entrench","Combust"],"picked":"Corruption","floor":14.0},{"not_picked":["Berserk","Brutality"],"picked":"Reaper","floor":16.0},{"not_picked":["Cleave","Flex+1"],"picked":"Shrug It Off","floor":18.0},{"not_picked":["Anger+1","Clothesline"],"picked":"Dropkick","floor":19.0},{"not_picked":["Clothesline","Anger"],"picked":"Dropkick","floor":23.0},{"not_picked":["Double Tap","Combust+1"],"picked":"Power Through","floor":25.0},{"not_picked":["Clash+1","Headbutt","Infernal Blade+1"],"picked":"SKIP","floor":27.0},{"not_picked":["Clothesline","Iron Wave","Clash"],"picked":"SKIP","floor":29.0},{"not_picked":["Uppercut","Body Slam"],"picked":"Headbutt","floor":31.0},{"not_picked":["Berserk","Juggernaut"],"picked":"Exhume","floor":33.0},{"not_picked":["Dual Wield+1","Clash","True Grit"],"picked":"SKIP","floor":35.0},{"not_picked":["Wild Strike+1","Iron Wave+1"],"picked":"Battle Trance","floor":38.0},{"not_picked":["Anger","Flame Barrier"],"picked":"Shrug It Off+1","floor":39.0},{"not_picked":["Ghostly Armor","Clash+1","Body Slam+1"],"picked":"SKIP","floor":40.0},{"not_picked":["Ghostly Armor","Pommel Strike","Clothesline+1"],"picked":"SKIP","floor":42.0},{"not_picked":["Shrug It Off+1","Reckless Charge+1"],"picked":"Dark Embrace+1","floor":44.0},{"not_picked":["Flex+1","Cleave+1"],"picked":"Rage","floor":46.0},{"not_picked":["Havoc+1","Cleave"],"picked":"Barricade+1","floor":54}],"player_experience":161018,"relics_obtained":[{"floor":6.0,"key":"Juzu Bracelet"},{"floor":8.0,"key":"Odd Mushroom"},{"floor":9.0,"key":"Nunchaku"},{"floor":10.0,"key":"Letter Opener"},{"floor":14.0,"key":"Mummified Hand"},{"floor":23.0,"key":"Pen Nib"},{"floor":25.0,"key":"Akabeko"},{"floor":27.0,"key":"Orichalcum"},{"floor":34.0,"key":"CeramicFish"},{"floor":34.0,"key":"Frozen Egg 2"},{"floor":34.0,"key":"Champion Belt"},{"floor":40.0,"key":"Oddly Smooth Stone"},{"floor":44.0,"key":"Ginger"},{"floor":46.0,"key":"Strawberry"},{"floor":54,"key":"Self Forming Clay"}],"event_choices":[{"damage_healed":0.0,"max_hp_gain":0.0,"max_hp_loss":5.0,"gold_gain":0.0,"event_name":"Golden Idol","player_choice":"Lose Max HP","floor":2.0,"gold_loss":0.0,"damage_taken":0.0,"relics_obtained":["Golden Idol"]},{"damage_healed":0.0,"max_hp_gain":0.0,"max_hp_loss":0.0,"gold_gain":0.0,"event_name":"Mushrooms","player_choice":"Fought Mushrooms","floor":8.0,"gold_loss":0.0,"damage_taken":0.0},{"damage_healed":0.0,"max_hp_gain":0.0,"max_hp_loss":0.0,"gold_gain":0.0,"event_name":"Back to Basics","player_choice":"Simplicity","floor":21.0,"gold_loss":0.0,"damage_taken":0.0,"cards_upgraded":["Strike_R","Strike_R","Strike_R","Defend_R","Defend_R","Defend_R","Defend_R"]},{"damage_healed":0.0,"max_hp_gain":0.0,"max_hp_loss":0.0,"gold_gain":0.0,"cards_transformed":["Strike_R"],"event_name":"Transmorgrifier","player_choice":"Transformed","floor":24.0,"gold_loss":0.0,"damage_taken":0.0,"cards_obtained":["Juggernaut"]},{"damage_healed":0.0,"max_hp_gain":0.0,"max_hp_loss":0.0,"gold_gain":0.0,"event_name":"Forgotten Altar","player_choice":"Gave Idol","floor":30.0,"relics_lost":["Golden Idol"],"gold_loss":0.0,"damage_taken":0.0,"relics_obtained":["Bloody Idol"]},{"damage_healed":0.0,"max_hp_gain":0.0,"max_hp_loss":0.0,"gold_gain":0.0,"event_name":"SecretPortal","player_choice":"Ignored","floor":36.0,"gold_loss":0.0,"damage_taken":0.0},{"cards_removed":["Dual Wield"],"damage_healed":0.0,"max_hp_gain":0.0,"max_hp_loss":0.0,"gold_gain":0.0,"event_name":"Falling","player_choice":"Removed Skill","floor":37.0,"gold_loss":0.0,"damage_taken":0.0},{"damage_healed":0.0,"max_hp_gain":0.0,"max_hp_loss":0.0,"gold_gain":0.0,"event_name":"MindBloom","player_choice":"Fight","floor":44.0,"gold_loss":0.0,"damage_taken":0.0},{"damage_healed":0.0,"max_hp_gain":0.0,"max_hp_loss":0.0,"gold_gain":0.0,"event_name":"Match and Keep!","player_choice":"1 cards matched","floor":48.0,"gold_loss":0.0,"damage_taken":0.0,"cards_obtained":["Offering"]}],"is_beta":false,"boss_relics":[{"not_picked":["Astrolabe","Ectoplasm"],"picked":"Cursed Key"},{"not_picked":["Black Blood","Runic Dome"],"picked":"Calling Bell"}],"items_purged_floors":[12,20,53],"is_endless":false,"potions_floor_spawned":[4,5,10,14,16,19,23,33,39,42,54],"ascension_level":7}}