{"host":"njb27ds59h4j3ikk","time":1607813150,"event":{"mods":["AchievementEnabler","BaseMod","Better Altar","Better Match","Better Note","Better Sensory Stone","Better Skull","Better Third Choice","BetterRewards","Downfall","Hermit","Hubris","Minty Spire (QoL Compilation)","Permanent Neow","Quarter Circle Forward PUNCH!","Quick Restart","Rare Cards Sparkle","Replay The Spire","Shop Mod","StSLib","Trackpad","Transform Curses"],"gold_per_floor":[116,126,138,138,151,151,184,203,284,309,16,42,42,56,56,155,155,169,169,188,206,221,253,154,182,182,202,113,144,144,159,159,263,263,275,275,292,311,311,341,356,356,356,383,383,1,1,29,29,29,29,29,329,354,354],"floor_reached":56,"playtime":1960,"items_purged":[],"score":2638,"play_id":"6f6edb60-a43c-4a5a-84ab-01b6c2654fb0","local_time":"20201212174550","is_ascension_mode":true,"campfire_choices":[{"floor":6.0,"key":"RECALL"},{"data":"ReplayTheSpireMod:Limb From Limb","floor":15.0,"key":"SMITH"},{"data":"Massacre","floor":30.0,"key":"SMITH"},{"data":"hubris:EnhanceAbility","floor":32.0,"key":"SMITH"},{"data":"Dual Wield","floor":45,"key":"SMITH"},{"data":"Heavy Blade","floor":47,"key":"SMITH"},{"data":"Twin Strike","floor":49,"key":"SMITH"},{"data":"Power Through","floor":52,"key":"SMITH"}],"circlet_count":0,"master_deck":["AscendersBane","Strike_R","Strike_R","Strike_R","Defend_R","Defend_R","Bash","Cleave","hubris:EnhanceAbility+1","hubris:Insight","Reckless Charge","Flex","Jack Of All Trades+1","ReplayTheSpireMod:Stacked","ReplayTheSpireMod:Stacked","Heavy Blade+1","ReplayTheSpireMod:Limb From Limb+1","Feed+1","Carnage+1","Sword Boomerang","hubris:EnhanceAbility+1","hubris:StunningStrike+1","Dropkick+1","Massacre+1","Uppercut+1","Heavy Blade+1","Heavy Blade+1","Metallicize+1","Replay:SS_hec_4+1","Power Through+1","Massacre+1","Armaments+1","Pommel Strike+1","Twin Strike+1","Heavy Blade+1","Dual Wield+1","expansioncontent:LastStand","expansioncontent:LastStand","Run Through+1","Sword Boomerang+1","Bludgeon+1","hubris:ReadiedAction+1","Berserk+1","expansioncontent:GuardianWhirl+1","expansioncontent:StudyTheSpire+1","Slimebound:PrepareCrush+1"],"relics":["Burning Blood","Prayer Wheel","Blue Doll","Singing Bowl","BargainBundle","Omamori","ReplayTheSpireMod:CursedCoin","qcfpunch:Necklace_of_Skulls","hubris:BundleOfHerbs","qcfpunch:Handcuffs","trackpad:AdjectivePendant","Brimstone","Centennial Puzzle","Unceasing Top","Pen Nib","Membership Card","qcfpunch:Broken_Tusk","Red Skull","trackpad:DemonHeart","ReplayTheSpireMod:TigerMarble","OrangePellets","HornCleat","Golden Egg","Guardian:PocketSentry","Bottled Tornado","Coffee Dripper","Replay:Wax Seal","qcfpunch:Red_Beret","qcfpunch:Wild_Herbs_Ointment","Lee\u0027s Waffle","Dead Branch","Ice Cream","Replay:PocketPolymizer","hubris:NiceRug","trackpad:ZombieHeart","Bag of Marbles","PrismaticShard","qcfpunch:Black_Training_Shirt"],"acts_visited":["Exordium","TheCity","TheBeyond","TheEnding"],"potions_floor_usage":[37,55,55,55],"damage_taken":[{"damage":3.0,"enemies":"2 Louse","floor":1.0,"turns":2.0},{"damage":0.0,"enemies":"Cultist","floor":2.0,"turns":2.0},{"damage":0.0,"enemies":"Small Slimes","floor":3.0,"turns":2.0},{"damage":0.0,"enemies":"Exordium Thugs","floor":5.0,"turns":2.0},{"damage":1.0,"enemies":"Lagavulin","floor":7.0,"turns":3.0},{"damage":0.0,"enemies":"Lots of Slimes","floor":8.0,"turns":1.0},{"damage":9.0,"enemies":"3 Sentries","floor":10.0,"turns":3.0},{"damage":0.0,"enemies":"Gremlin Nob","floor":12.0,"turns":3.0},{"damage":0.0,"enemies":"Blue Slaver","floor":14.0,"turns":3.0},{"damage":0.0,"enemies":"Slime Boss","floor":16.0,"turns":4.0},{"damage":0.0,"enemies":"Shell Parasite","floor":18.0,"turns":2.0},{"damage":0.0,"enemies":"Chosen","floor":20.0,"turns":2.0},{"damage":4.0,"enemies":"Centurion and Healer","floor":21.0,"turns":2.0},{"damage":33.0,"enemies":"Sentry and Sphere","floor":22.0,"turns":4.0},{"damage":12.0,"enemies":"Slavers","floor":23.0,"turns":3.0},{"damage":0.0,"enemies":"Book of Stabbing","floor":25.0,"turns":2.0},{"damage":0.0,"enemies":"Shelled Parasite and Fungi","floor":27.0,"turns":4.0},{"damage":10.0,"enemies":"Slavers","floor":29.0,"turns":2.0},{"damage":0.0,"enemies":"Centurion and Healer","floor":31.0,"turns":2.0},{"damage":3.0,"enemies":"hubris:MusketHawk","floor":33.0,"turns":4.0},{"damage":0.0,"enemies":"3 Shapes","floor":35.0,"turns":2.0},{"damage":0,"enemies":"3 Darklings","floor":37,"turns":3},{"damage":0,"enemies":"Transient","floor":38,"turns":5},{"damage":12,"enemies":"R_Hoarder","floor":40,"turns":4},{"damage":0,"enemies":"Jaw Worm Horde","floor":41,"turns":3},{"damage":0,"enemies":"Nemesis","floor":44,"turns":4},{"damage":2,"enemies":"R_Hoarder","floor":48,"turns":3},{"damage":52,"enemies":"Time Eater","floor":50,"turns":4},{"damage":0,"enemies":"hubris:Merchant","floor":53,"turns":2},{"damage":14,"enemies":"Shield and Spear","floor":54,"turns":3},{"damage":25,"enemies":"The Heart","floor":55,"turns":7}],"seed_played":"1279927238076889326","potions_obtained":[{"floor":5.0,"key":"SkillPotion"},{"floor":7.0,"key":"champ:CounterPotion"},{"floor":10.0,"key":"SmokeBomb"},{"floor":16.0,"key":"Dexterity Potion"},{"floor":21.0,"key":"champ:CounterPotion"},{"floor":25.0,"key":"Flashbang"},{"floor":31.0,"key":"hexamod:EctoCoolerPotion"},{"floor":37,"key":"Venom Potion"},{"floor":53,"key":"Flashbang"}],"is_trial":false,"path_per_floor":["M","M","M","?","M","R","E","M","T","E","$","E","?","M","R","B",null,"M","?","M","M","M","E","$","E","T","M","$","E","R","M","R","B",null,"M","?","M","M","?","E","M","?","T","E","R","$","R","E","R","B",null,"R","$","E","B",null],"character_chosen":"IRONCLAD","items_purchased":["Fruit Juice","Blue Doll","Singing Bowl","BargainBundle","Cleave","hubris:EnhanceAbility","hubris:Insight","Reckless Charge","Flex","Omamori","ReplayTheSpireMod:CursedCoin","qcfpunch:Necklace_of_Skulls","Jack Of All Trades+1","ReplayTheSpireMod:Stacked","BlessingOfTheForge","qcfpunch:Handcuffs","trackpad:AdjectivePendant","Brimstone","Heavy Blade","Membership Card","qcfpunch:Broken_Tusk","hubris:EnhanceAbility+1","Replay:SS_hec_4+1","OrangePellets","Guardian:PocketSentry","Massacre","Lee\u0027s Waffle","Dead Branch","Ice Cream"],"campfire_rested":0,"item_purchase_floors":[0,0,0,0,0,0,0,0,0,0,0,0,0,0,0,0,0,0,0,11,11,11,24,24,28,28,46,46,46],"current_hp_per_floor":[77,86,86,86,93,93,95,97,97,105,105,110,110,114,114,118,118,118,118,120,126,101,101,101,107,107,117,117,115,115,125,125,130,142,146,146,148,150,150,144,154,146,146,146,146,153,153,153,153,111,146,146,162,156,138],"gold":354,"neow_bonus":"","is_daily":false,"chose_seed":false,"campfire_upgraded":7,"win_rate":0.0,"timestamp":1607813150,"path_taken":["M","M","M","?","M","R","E","?","T","E","$","E","?","M","R","BOSS","M","?","?","M","M","E","$","E","T","M","$","E","R","M","R","BOSS","M","?","?","M","?","E","M","?","T","E","R","$","R","E","R","BOSS","R","$","E","BOSS"],"items_purchased_type":["Potion","Relic","Relic","Relic","Card","Card","Card","Card","Card","Relic","Relic","Relic","Card","Card","Potion","Relic","Relic","Relic","Card","Relic","Relic","Card","Card","Relic","Relic","Card","Relic","Relic","Relic"],"build_version":"2020-11-30","purchased_purges":0,"victory":true,"max_hp_per_floor":[82,86,86,86,93,93,95,97,97,108,108,110,110,114,114,118,118,118,118,120,126,128,134,134,134,134,138,138,140,140,144,144,146,146,146,146,148,150,150,150,154,146,146,146,146,153,153,153,153,157,157,157,167,169,170],"card_choices":[{"not_picked":["Burning Pact","Sword Boomerang"],"picked":"ReplayTheSpireMod:Limb From Limb","floor":1.0},{"not_picked":["Headbutt","Twin Strike","Wild Strike"],"picked":"Singing Bowl","floor":1.0},{"not_picked":["Dual Wield","ReplayTheSpireMod:Strike From Hell","Hemokinesis"],"picked":"Singing Bowl","floor":2.0},{"not_picked":["Flex","Iron Wave","Flame Barrier"],"picked":"Singing Bowl","floor":2.0},{"not_picked":["Body Slam","Burning Pact"],"picked":"Feed","floor":3.0},{"not_picked":["Clothesline","Heavy Blade"],"picked":"Carnage","floor":3.0},{"not_picked":["Sentinel","Carnage","Searing Blow"],"picked":"Singing Bowl","floor":5.0},{"not_picked":["Clash","Feel No Pain","Battle Trance"],"picked":"Singing Bowl","floor":5.0},{"not_picked":["Anger","ReplayTheSpireMod:Strike From Hell","Heavy Blade"],"picked":"Singing Bowl","floor":7.0},{"not_picked":["ReplayTheSpireMod:Corrosion Curse","Defy Death","Life Link"],"picked":"Singing Bowl","floor":8.0},{"not_picked":["Dark Embrace","Demonic Infusion"],"picked":"Sword Boomerang","floor":8.0},{"not_picked":["Armaments","Havoc","Warcry"],"picked":"Singing Bowl","floor":10.0},{"not_picked":["Demon Form","Infernal Blade","ReplayTheSpireMod:Corrosion Curse"],"picked":"Singing Bowl","floor":12.0},{"not_picked":["Entrench","Evolve","Perfected Strike"],"picked":"Singing Bowl","floor":14.0},{"not_picked":["Entrench","Whirlwind","ReplayTheSpireMod:LeadingStrike"],"picked":"Singing Bowl","floor":14.0},{"not_picked":["Exhume","Barricade"],"picked":"hubris:StunningStrike","floor":16.0},{"not_picked":["True Grit","hubris:ReadiedAction+1"],"picked":"Dropkick+1","floor":18.0},{"not_picked":["Armaments","ReplayReversal"],"picked":"Massacre","floor":18.0},{"not_picked":["Bloodletting","Abandon+1"],"picked":"Heavy Blade+1","floor":20.0},{"not_picked":["Anger","Reaper","Flex"],"picked":"Singing Bowl","floor":20.0},{"not_picked":["Flex+1","Headbutt"],"picked":"Heavy Blade+1","floor":21.0},{"not_picked":["Armaments","Clash","Thunderclap"],"picked":"Singing Bowl","floor":21.0},{"not_picked":["Warcry","Shrug It Off","Abandon"],"picked":"Singing Bowl","floor":22.0},{"not_picked":["Evolve+1","Headbutt"],"picked":"Metallicize+1","floor":22.0},{"not_picked":["Dropkick","Clothesline","Thunderclap"],"picked":"Singing Bowl","floor":23.0},{"not_picked":["hubris:ReadiedAction","ReplayTheSpireMod:Strike From Hell"],"picked":"Power Through","floor":25.0},{"not_picked":["Life Link","Warcry+1","Dark Embrace"],"picked":"Singing Bowl","floor":27.0},{"not_picked":["Anger+1","True Grit","Abandon"],"picked":"Singing Bowl","floor":27.0},{"not_picked":["Sever Soul","Thunderclap","Fiend Fire"],"picked":"Singing Bowl","floor":29.0},{"not_picked":["Dark Embrace+1","Warcry","Rupture"],"picked":"Singing Bowl","floor":31.0},{"not_picked":["Rupture","Clothesline","Headbutt"],"picked":"Singing Bowl","floor":31.0},{"not_picked":["Hemogenesis","Brutality","Barricade"],"picked":"Singing Bowl","floor":33.0},{"not_picked":["Heavy Blade","Replay:Undeath\u0027s Touch"],"picked":"Armaments+1","floor":35.0},{"not_picked":["Perfected Strike","True Grit+1"],"picked":"Pommel Strike+1","floor":35.0},{"not_picked":["Havoc+1","Feel No Pain+1"],"picked":"Heavy Blade+1","floor":37},{"not_picked":["Hemokinesis+1","Double Tap","Feel No Pain"],"picked":"Singing Bowl","floor":37},{"not_picked":["Armaments","Run Through","Havoc+1"],"picked":"Singing Bowl","floor":38},{"not_picked":["Thunderclap","Anger+1"],"picked":"Dual Wield","floor":38},{"not_picked":["Replay:SS_fish_3","Panacea"],"picked":"expansioncontent:LastStand","floor":39},{"not_picked":["Swift Strike","Replay:Parry"],"picked":"expansioncontent:LastStand","floor":39},{"not_picked":["ReplayTheSpireMod:Strike From Hell","Perfected Strike"],"picked":"Run Through+1","floor":40},{"not_picked":["hubris:ReadiedAction+1","Reaper","Headbutt+1"],"picked":"Singing Bowl","floor":41},{"not_picked":["Warcry+1","Armaments","Wild Strike+1"],"picked":"Singing Bowl","floor":41},{"not_picked":["Headbutt","Reckless Charge+1"],"picked":"Sword Boomerang+1","floor":44},{"not_picked":["Run Through+1","Armaments"],"picked":"Bludgeon","floor":48},{"not_picked":["Blood for Blood"],"picked":"Singing Bowl","floor":53},{"not_picked":["Cleave"],"picked":"Singing Bowl","floor":53},{"not_picked":["hubris:SharpeningStone"],"picked":"Singing Bowl","floor":53},{"not_picked":["Shrug It Off"],"picked":"Singing Bowl","floor":53},{"not_picked":["Combust"],"picked":"Singing Bowl","floor":53},{"not_picked":[],"picked":"expansioncontent:GuardianWhirl+1","floor":53},{"not_picked":[],"picked":"expansioncontent:StudyTheSpire","floor":53},{"not_picked":["Blizzard+1","ClearTheMind"],"picked":"Slimebound:PrepareCrush","floor":54}],"player_experience":1183175,"relics_obtained":[{"floor":4.0,"key":"Centennial Puzzle"},{"floor":7.0,"key":"Unceasing Top"},{"floor":10.0,"key":"Pen Nib"},{"floor":12.0,"key":"Red Skull"},{"floor":23.0,"key":"ReplayTheSpireMod:TigerMarble"},{"floor":25.0,"key":"HornCleat"},{"floor":26.0,"key":"Golden Egg"},{"floor":29.0,"key":"Bottled Tornado"},{"floor":40,"key":"Replay:Wax Seal"},{"floor":43,"key":"qcfpunch:Red_Beret"},{"floor":44,"key":"qcfpunch:Wild_Herbs_Ointment"},{"floor":48,"key":"Replay:PocketPolymizer"},{"floor":53,"key":"trackpad:ZombieHeart"},{"floor":53,"key":"Bag of Marbles"},{"floor":53,"key":"PrismaticShard"},{"floor":54,"key":"qcfpunch:Black_Training_Shirt"}],"event_choices":[{"damage_healed":0.0,"max_hp_gain":0.0,"max_hp_loss":0.0,"gold_gain":0.0,"event_name":"Wheel of Change","player_choice":"Relic","floor":4.0,"gold_loss":0.0,"damage_taken":0.0},{"cards_removed":["Strike_R"],"damage_healed":0.0,"max_hp_gain":0.0,"max_hp_loss":0.0,"gold_gain":0.0,"event_name":"Purifier","player_choice":"Purged","floor":13.0,"gold_loss":0.0,"damage_taken":0.0},{"cards_removed":["hubris:EnhanceAbility"],"damage_healed":0.0,"max_hp_gain":0.0,"max_hp_loss":0.0,"gold_gain":0.0,"event_name":"betterNote:BetterNote","player_choice":"Take \u0026 Give","floor":19.0,"gold_loss":0.0,"damage_taken":0.0,"cards_obtained":["Uppercut"]},{"damage_healed":0,"gold_gain":0,"cards_transformed":["Defend_R"],"player_choice":"Transformed","damage_taken":0,"max_hp_gain":0,"max_hp_loss":0,"event_name":"Transmorgrifier","floor":36,"gold_loss":0,"cards_obtained":["Twin Strike"]},{"damage_healed":0,"gold_gain":3,"player_choice":"1","damage_taken":0,"max_hp_gain":0,"max_hp_loss":0,"event_name":"betterStone:BetterStone","floor":39,"gold_loss":0},{"damage_healed":0,"gold_gain":0,"player_choice":"Max HP","damage_taken":0,"max_hp_gain":0,"max_hp_loss":8,"event_name":"Winding Halls","floor":42,"gold_loss":0}],"is_beta":false,"boss_relics":[{"not_picked":["Black Blood","SlaversCollar"],"picked":"trackpad:DemonHeart"},{"not_picked":["hubris:GrandSneckoEye","Empty Cage"],"picked":"Coffee Dripper"}],"items_purged_floors":[],"is_endless":false,"potions_floor_spawned":[5,7,10,16,21,22,23,25,31,33,37,38,44],"ascension_level":10}}