{"host":"utqe55yv0jihe4d6","time":1607743382,"event":{"mods":["2.2 Compatiblity","AchievementEnabler","BaseMod","Block Reminder","Colored Map","Colored Powertips","Minty Spire (QoL Compilation)","Quick Restart","Rare Cards Sparkle","Relic Stats","SuperFastMode"],"gold_per_floor":[116,2,19,19,30,30,57,68,95,95,124,140,140,215,215,291,291,311,311,311,23,34,34,66,66,66,96,96,96,96,107,107,186,186,196,209,209,6,6,38,38,38,38,58,71,71,88,88,88],"floor_reached":48,"playtime":1856,"items_purged":["Bite"],"score":1112,"play_id":"e28b125d-c772-4a00-97be-c26f46bcc1f1","local_time":"20201211222302","is_ascension_mode":true,"campfire_choices":[{"data":"Skewer","floor":6,"key":"SMITH"},{"floor":10,"key":"REST"},{"data":"Bouncing Flask","floor":13,"key":"SMITH"},{"data":"Neutralize","floor":15,"key":"SMITH"},{"data":"Apotheosis","floor":23,"key":"SMITH"},{"floor":25,"key":"REST"},{"floor":29,"key":"REST"},{"floor":32,"key":"REST"},{"floor":41,"key":"REST"},{"floor":46,"key":"RECALL"}],"circlet_count":0,"master_deck":["AscendersBane","Defend_G","Defend_G","Defend_G+1","Survivor","Neutralize+1","Masterful Stab","Flechettes","Calculated Gamble","Bouncing Flask+1","Dagger Throw+1","Endless Agony","Skewer+1","Burst+1","Footwork","PiercingWail","Infinite Blades","Adrenaline","PiercingWail","Bite","Bite","Bite+1","Apotheosis+1","Backflip","PiercingWail","Backstab","Apotheosis+1","Catalyst","PiercingWail","Burst","Dash","Caltrops","Accuracy+1","Crippling Poison","Well Laid Plans"],"relics":["Ring of the Snake","Regal Pillow","War Paint","Bronze Scales","Sozu","Whetstone","Centennial Puzzle","Dream Catcher","Fusion Hammer","TwistedFunnel","Anchor"],"acts_visited":["Exordium","TheCity","TheBeyond"],"potions_floor_usage":[7,11,48,48],"damage_taken":[{"damage":0,"enemies":"Small Slimes","floor":1,"turns":4},{"damage":1,"enemies":"Jaw Worm","floor":3,"turns":3},{"damage":1,"enemies":"2 Louse","floor":5,"turns":3},{"damage":11,"enemies":"Gremlin Nob","floor":7,"turns":3},{"damage":9,"enemies":"Blue Slaver","floor":8,"turns":3},{"damage":12,"enemies":"3 Sentries","floor":11,"turns":5},{"damage":1,"enemies":"Exordium Thugs","floor":12,"turns":4},{"damage":20,"enemies":"Hexaghost","floor":16,"turns":9},{"damage":8,"enemies":"2 Thieves","floor":18,"turns":4},{"damage":0,"enemies":"Chosen","floor":22,"turns":4},{"damage":20,"enemies":"Book of Stabbing","floor":24,"turns":6},{"damage":33,"enemies":"Gremlin Leader","floor":27,"turns":7},{"damage":35,"enemies":"Shelled Parasite and Fungi","floor":31,"turns":4},{"damage":24,"enemies":"Automaton","floor":33,"turns":11},{"damage":0,"enemies":"3 Darklings","floor":35,"turns":4},{"damage":0,"enemies":"3 Shapes","floor":36,"turns":4},{"damage":13,"enemies":"Giant Head","floor":40,"turns":6},{"damage":1,"enemies":"Transient","floor":44,"turns":6},{"damage":0,"enemies":"4 Shapes","floor":45,"turns":4},{"damage":26,"enemies":"Maw","floor":47,"turns":6},{"damage":43,"enemies":"Reptomancer","floor":48,"turns":8}],"seed_played":"570797237568528932","potions_obtained":[{"floor":3,"key":"CunningPotion"},{"floor":7,"key":"AttackPotion"},{"floor":8,"key":"Weak Potion"},{"floor":11,"key":"Swift Potion"}],"is_trial":false,"path_per_floor":["M","$","M","?","M","R","E","M","T","R","E","M","R","?","R","B",null,"M","?","?","$","M","R","E","R","T","E","$","R","?","M","R","B",null,"M","M","?","$","$","E","R","?","T","M","M","R","M","E"],"character_chosen":"THE_SILENT","items_purchased":["Bouncing Flask","Dagger Throw","Apotheosis","TwistedFunnel","Dash"],"campfire_rested":5,"item_purchase_floors":[2,2,21,38,38],"current_hp_per_floor":[59,59,58,51,50,50,39,30,30,64,52,51,51,40,40,20,55,47,46,35,35,37,37,26,51,51,36,36,51,51,19,49,46,50,51,51,51,51,51,44,51,48,48,48,48,48,25,0,0],"gold":88,"neow_bonus":"TRANSFORM_TWO_CARDS","is_daily":false,"chose_seed":false,"campfire_upgraded":4,"win_rate":0.0,"timestamp":1607743382,"path_taken":["M","$","M","?","M","R","E","M","T","R","E","M","R","?","R","BOSS","M","?","?","$","M","R","E","R","T","E","$","R","?","M","R","BOSS","M","M","?","?","$","E","R","?","T","M","M","R","M","E"],"items_purchased_type":["Card","Card","Card","Relic","Card"],"build_version":"2020-11-30","purchased_purges":1,"victory":false,"max_hp_per_floor":[66,66,66,66,66,66,66,66,66,66,66,66,66,66,66,66,66,66,46,51,51,51,51,51,51,51,51,51,51,51,51,51,51,51,51,51,51,51,51,51,51,48,48,48,48,48,48,48,48],"relic_stats":{"Sozu":4,"Regal Pillow":40,"Centennial Puzzle":[21],"Dream Catcher":3,"counters":[21,108],"Bronze Scales":[282],"Whetstone":["Bite","Dagger Throw"],"War Paint":["Defend_G","Burst"],"obtain_stats":[{"Sozu":17,"TwistedFunnel":38,"Regal Pillow":7,"Centennial Puzzle":26,"Dream Catcher":27,"Anchor":40,"Bronze Scales":11,"Fusion Hammer":34,"Whetstone":24,"War Paint":9,"Ring of the Snake":0},{"Sozu":8,"TwistedFunnel":16,"Regal Pillow":4,"Centennial Puzzle":11,"Dream Catcher":12,"Anchor":17,"Bronze Scales":6,"Fusion Hammer":14,"Whetstone":11,"War Paint":5,"Ring of the Snake":0},{"Sozu":34,"TwistedFunnel":78,"Regal Pillow":13,"Centennial Puzzle":48,"Dream Catcher":55,"Anchor":84,"Bronze Scales":21,"Fusion Hammer":70,"Whetstone":48,"War Paint":16,"Ring of the Snake":0}],"Ring of the Snake":[44]},"card_choices":[{"not_picked":["Underhanded Strike","Masterful Stab"],"picked":"Calculated Gamble","floor":1},{"not_picked":["Blade Dance","Backflip"],"picked":"Endless Agony","floor":3},{"not_picked":["Dagger Spray","Terror"],"picked":"Skewer","floor":5},{"not_picked":["Endless Agony","Backstab"],"picked":"Burst","floor":7},{"not_picked":["Dagger Throw","Terror"],"picked":"Footwork","floor":8},{"not_picked":["Cloak And Dagger","Flying Knee"],"picked":"PiercingWail","floor":11},{"not_picked":["Blade Dance","Dagger Spray"],"picked":"Infinite Blades","floor":12},{"not_picked":["Die Die Die","Doppelganger"],"picked":"Adrenaline","floor":16},{"not_picked":["Terror","All Out Attack"],"picked":"PiercingWail","floor":18},{"not_picked":["Blade Dance","Concentrate","Skewer"],"picked":"SKIP","floor":22},{"not_picked":["Bane","Calculated Gamble"],"picked":"Backflip","floor":24},{"not_picked":["Infinite Blades","Prepared"],"picked":"PiercingWail","floor":27},{"not_picked":["Backflip","Dash"],"picked":"Backstab","floor":29},{"not_picked":["Underhanded Strike","Finisher"],"picked":"PiercingWail","floor":31},{"not_picked":["Die Die Die","Bullet Time"],"picked":"Burst","floor":33},{"not_picked":["Dagger Throw+1","PiercingWail","Dagger Spray"],"picked":"SKIP","floor":35},{"not_picked":["Riddle With Holes","Dodge and Roll","Deflect"],"picked":"SKIP","floor":36},{"not_picked":["Flechettes","Deflect"],"picked":"Caltrops","floor":40},{"not_picked":["Poisoned Stab","Dagger Throw"],"picked":"Accuracy+1","floor":41},{"not_picked":["PiercingWail","Bouncing Flask"],"picked":"Crippling Poison","floor":44},{"not_picked":["Backflip","Sucker Punch+1"],"picked":"Well Laid Plans","floor":45},{"not_picked":["Slice+1","Riddle With Holes+1","Dagger Throw"],"picked":"SKIP","floor":47}],"player_experience":2738603,"relics_obtained":[{"floor":7,"key":"Regal Pillow"},{"floor":9,"key":"War Paint"},{"floor":11,"key":"Bronze Scales"},{"floor":24,"key":"Whetstone"},{"floor":26,"key":"Centennial Puzzle"},{"floor":27,"key":"Dream Catcher"},{"floor":40,"key":"Anchor"}],"event_choices":[{"cards_removed":["Injury"],"damage_healed":0,"gold_gain":0,"player_choice":"Card Removal","damage_taken":7,"max_hp_gain":0,"max_hp_loss":0,"event_name":"Golden Wing","floor":4,"gold_loss":0},{"damage_healed":0,"gold_gain":75,"player_choice":"Gather Gold","damage_taken":11,"max_hp_gain":0,"max_hp_loss":0,"event_name":"World of Goop","floor":14,"gold_loss":0},{"damage_healed":0,"gold_gain":0,"player_choice":"Became a vampire","damage_taken":0,"max_hp_gain":0,"max_hp_loss":20,"event_name":"Vampires","floor":19,"gold_loss":0,"cards_obtained":["Bite","Bite","Bite","Bite","Bite"]},{"damage_healed":0,"gold_gain":0,"player_choice":"Shed Blood","damage_taken":16,"max_hp_gain":5,"max_hp_loss":0,"event_name":"Forgotten Altar","floor":20,"gold_loss":0},{"damage_healed":0,"gold_gain":0,"cards_transformed":["Bite","Defend_G"],"player_choice":"Became Test Subject","damage_taken":0,"max_hp_gain":0,"max_hp_loss":0,"event_name":"Drug Dealer","floor":30,"gold_loss":0,"cards_obtained":["Apotheosis","Catalyst"]},{"damage_healed":0,"gold_gain":0,"player_choice":"Forge","damage_taken":0,"max_hp_gain":0,"max_hp_loss":0,"event_name":"Accursed Blacksmith","floor":37,"gold_loss":0,"cards_upgraded":["Apotheosis"]},{"damage_healed":0,"gold_gain":0,"player_choice":"Max HP","damage_taken":0,"max_hp_gain":0,"max_hp_loss":3,"event_name":"Winding Halls","floor":42,"gold_loss":0}],"is_beta":false,"boss_relics":[{"not_picked":["Empty Cage","Tiny House"],"picked":"Sozu"},{"not_picked":["Busted Crown","Black Star"],"picked":"Fusion Hammer"}],"items_purged_floors":[21],"is_endless":false,"potions_floor_spawned":[3,7,8,11,18,22,33,44,47],"killed_by":"Reptomancer","ascension_level":20}}