{"host":"kqqjvufdj6ouyvqb","time":1607776992,"event":{"mods":["BaseMod","HololiveMod","LagranYue(拉格朗・月)","Lobotomy","LobotomyExtend","Minty Spire (QoL Compilation)","Prisma Mod","Quick Restart","Replay The Spire","Shop Mod","StSLib","WarShipGirlsR/战舰少女R mod","[IsaacMod]以撒尖塔"],"gold_per_floor":[112,112,127,73,33,33,59,89,89,107,118,118,131,8,8,112,112,112,128,158,168,168,168,168,184,184,184,195,195,95,110,110,205,205,224,68,87,111,127,127,147,147,172,192,292,292,387,412,412,524,524,679,706,429,529,547,547,547,557,609,609,620,101,117,139,139,160,160],"floor_reached":67,"playtime":4843,"items_purged":["PrismaMod:IllyaCommonAttack","PrismaMod:IllyaFeed","PrismaMod:IllyaCommonEvoke"],"score":1108,"play_id":"39159ff0-5f05-4cb0-8bae-6810baa29b7d","local_time":"20201212204312","daily_mods":["Specialized","Vintage","Heirloom","Flight"],"is_ascension_mode":false,"campfire_choices":[{"data":"PrismaMod:IllyaMinorZwei","floor":6,"key":"SMITH"},{"data":"PrismaMod:IllyaBride","floor":12,"key":"SMITH"},{"data":"PrismaMod:IllyaUncommonAttack","floor":23,"key":"SMITH"},{"floor":32,"key":"DIG"},{"data":"EpicFetus","floor":40,"key":"SMITH"},{"data":"PrismaMod:IllyaCarnivalDefend","floor":42,"key":"SMITH"},{"data":"PrismaMod:IllyaReinForce","floor":49,"key":"SMITH"},{"data":"PrismaMod:IllyaGrail","floor":57,"key":"SMITH"},{"data":"PrismaMod:IllyaRussianRoulette","floor":58,"key":"SMITH"},{"data":"PrismaMod:IllyaFeed","floor":61,"key":"SMITH"}],"circlet_count":0,"master_deck":["PrismaMod:IllyaUncommonAttack+1","PrismaMod:IllyaUncommonDefend+1","EpicFetus+1","PrismaMod:IllyaCarnivalAttack","PrismaMod:IllyaCarnivalAttack","PrismaMod:IllyaCarnivalAttack","PrismaMod:IllyaCarnivalAttack","PrismaMod:IllyaCommonEvoke","PrismaMod:IllyaPoisonBlock","PrismaMod:IllyaMinorZwei+1","PrismaMod:IllyaInstallCaster","PrismaMod:IllyaBride+1","PrismaMod:IllyaPoisonTippedWeapons+1","PrismaMod:IllyaPoisonTippedWeapons+1","PrismaMod:IllyaUberDefendChannel+1","PrismaMod:IllyaCarnivalDefend+1","PrismaMod:IllyaRubysPotion","PrismaMod:IllyaAOECommonAttack","PrismaMod:IllyaBlindPoisonToss","PrismaMod:IllyaGrail+1","PrismaMod:IllyaReinForce+1","PrismaMod:IllyaCarnivalPrismaAstolfo+1","PrismaMod:IllyaCommonEvoke","PrismaMod:IllyaCheapDefend","PrismaMod:IllyaStunPoison","PrismaMod:IllyaMinorRapidFire","PrismaMod:IllyaUncommonAOEAttack","PrismaMod:IllyaInstallMoonCancer","PrismaMod:IllyaEvokeAll","PrismaMod:IllyaRussianRoulette+1","PrismaMod:IllyaCarnivalAttack","PrismaMod:IllyaGrail+1","PrismaMod:IllyaBride+1","PrismaMod:IllyaFeed+1","PrismaMod:IllyaAlice","SuicideKing"],"relics":["PrismaMod:PrismaRuby","replay:Trail_Library","HushsDoor","BloodDonationMachine","CaptainsWheel","Frozen Egg 2","LetterFromLob","ReplayTheSpireMod:TigerMarble","Bottled Lightning","PreservedInsect","Onion Ring","Ice Cream","Tiny Chest","Pen Nib","Busted Crown","Moonlight_r","PunchingBag","Question Card","PillsDrop","Garlic","Leech","DeathBook","LagranYue:SoulBurningRelic","SalivaCoin","Chaos","Replay:Mystery Machine","DoctorsRemote","Incense Burner","Replay:Accelerometer","TheAbacus","Turnip","replay:Trail_Library","GnawedLeaf","MerchantsRug","War Paint","Replay:Rubber Ducky","HowToJump","Bag of Marbles","Molten Egg 2","White Beast Statue","Anchor","Damocles"],"acts_visited":["Exordium","TheCity","TheBeyond","Exordium"],"potions_floor_usage":[25,64],"damage_taken":[{"damage":0,"enemies":"Small Slimes","floor":1,"turns":3},{"damage":1,"enemies":"Jaw Worm","floor":3,"turns":2},{"damage":5,"enemies":"Lagavulin","floor":7,"turns":5},{"damage":0,"enemies":"2 Louse","floor":8,"turns":2},{"damage":0,"enemies":"Large Slime","floor":10,"turns":4},{"damage":0,"enemies":"3 Louse","floor":11,"turns":2},{"damage":0,"enemies":"Exordium Thugs","floor":13,"turns":3},{"damage":22,"enemies":"The Guardian","floor":16,"turns":6},{"damage":0,"enemies":"2 Thieves","floor":19,"turns":2},{"damage":0,"enemies":"3 Byrds","floor":20,"turns":4},{"damage":0,"enemies":"Centurion and Healer","floor":21,"turns":3},{"damage":0,"enemies":"3 Cultists","floor":25,"turns":4},{"damage":0,"enemies":"Snecko","floor":28,"turns":4},{"damage":0,"enemies":"Centurion and Healer","floor":31,"turns":4},{"damage":5,"enemies":"Champ","floor":33,"turns":7},{"damage":3,"enemies":"3 Shapes","floor":35,"turns":1},{"damage":0,"enemies":"Orb Walker","floor":37,"turns":2},{"damage":4,"enemies":"Maw","floor":38,"turns":7},{"damage":0,"enemies":"Jaw Worm Horde","floor":39,"turns":3},{"damage":0,"enemies":"Writhing Mass","floor":41,"turns":4},{"damage":0,"enemies":"Transient","floor":44,"turns":5},{"damage":0,"enemies":"R_Hoarder","floor":48,"turns":5},{"damage":9,"enemies":"Awakened One","floor":50,"turns":13},{"damage":0,"enemies":"2 Louse","floor":52,"turns":1},{"damage":0,"enemies":"Lagavulin","floor":53,"turns":2},{"damage":0,"enemies":"Cultist","floor":56,"turns":2},{"damage":0,"enemies":"Jaw Worm","floor":59,"turns":1},{"damage":0,"enemies":"3 Louse","floor":62,"turns":1},{"damage":0,"enemies":"Exordium Thugs","floor":64,"turns":2},{"damage":3,"enemies":"Looter","floor":65,"turns":3},{"damage":111,"enemies":"LittleHush","floor":67,"turns":9}],"seed_played":"5259656045028106713","potions_obtained":[{"floor":3,"key":"LiquidBronze"},{"floor":7,"key":"GamblersBrew"},{"floor":8,"key":"Energy Potion"},{"floor":28,"key":"DuplicationPotion"},{"floor":64,"key":"Fruit Juice"}],"is_trial":true,"path_per_floor":["M","?","M","$","?","R","E","M","T","M","M","R","M","$","R","B",null,"M","M","M","M","?","R","?","M","T","?","M","T","$","M","R","B",null,"M","$","M","M","M","R","M","R","T","M","?","?","?","E","R","B",null,"M","E","$","?","M","R","R","M","T","R","M","$","M","M","R","B"],"character_chosen":"ILLYA","items_purchased":["PrismaMod:IllyaCommonEvoke","PrismaMod:IllyaPoisonTippedWeapons+1","FairyPotion","Chaos","MerchantsRug","Molten Egg 2","PrismaMod:IllyaAlice","White Beast Statue","SuicideKing"],"campfire_rested":0,"item_purchase_floors":[4,14,17,36,54,63,63,63,63],"current_hp_per_floor":[75,60,59,59,59,59,54,54,54,54,54,54,54,54,54,32,71,43,43,43,43,43,43,30,30,30,30,32,32,32,35,35,36,76,75,75,75,71,71,71,71,71,71,71,71,71,53,61,61,59,74,69,69,69,69,69,69,69,69,69,69,69,69,73,70,74,0,0],"gold":160,"neow_bonus":"","is_daily":false,"chose_seed":false,"campfire_upgraded":9,"win_rate":0.0,"timestamp":1607776992,"path_taken":["M","?","M","$","?","R","E","M","T","M","M","R","M","$","R","BOSS","M","M","M","M","?","R","?","M","T","?","M","?","$","M","R","BOSS","M","$","M","M","M","R","M","R","T","M","?","?","?","E","R","BOSS","M","?","$","?","M","R","R","M","T","R","M","$","M","M","R","BOSS"],"items_purchased_type":["Card","Card","Potion","Card","Relic","Relic","Card","Relic","Card"],"build_version":"2020-11-30","purchased_purges":3,"victory":false,"max_hp_per_floor":[75,75,75,75,75,75,75,75,75,75,75,75,75,75,75,75,71,71,71,71,71,71,71,76,76,76,76,76,76,76,76,76,76,76,79,79,79,74,74,74,74,74,74,74,74,74,74,74,74,74,74,69,69,69,69,69,69,69,69,69,69,69,69,74,74,74,77,77],"card_choices":[{"not_picked":[],"picked":"EpicFetus","floor":0},{"not_picked":[],"picked":"PrismaMod:IllyaCommonEvoke","floor":5},{"not_picked":[],"picked":"PrismaMod:IllyaPoisonBlock","floor":5},{"not_picked":[],"picked":"PrismaMod:IllyaMinorZwei","floor":5},{"not_picked":[],"picked":"PrismaMod:IllyaInstallCaster","floor":5},{"not_picked":["PrismaMod:IllyaSaphire","PrismaMod:IllyaBerserCAR"],"picked":"PrismaMod:IllyaBride","floor":7},{"not_picked":["PrismaMod:IllyaInstallAssassin","PrismaMod:IllyaInstallForeigner"],"picked":"PrismaMod:IllyaUberDefendChannel","floor":16},{"not_picked":["PrismaMod:IllyaInstallCaster"],"picked":"PrismaMod:IllyaCarnivalDefend","floor":33},{"not_picked":["PrismaMod:IllyaBerserCAR"],"picked":"PrismaMod:IllyaAOECommonAttack","floor":45},{"not_picked":["PrismaMod:IllyaGun+1"],"picked":"PrismaMod:IllyaBlindPoisonToss","floor":47},{"not_picked":["PrismaMod:IllyaSaphire+1"],"picked":"PrismaMod:IllyaGrail","floor":47},{"not_picked":["PrismaMod:IllyaCarnivalAttack"],"picked":"PrismaMod:IllyaReinForce","floor":48},{"not_picked":["PrismaMod:IllyaInstallCaster"],"picked":"PrismaMod:IllyaCarnivalPrismaAstolfo","floor":50},{"not_picked":["PrismaMod:IllyaCommonEvoke"],"picked":"PrismaMod:IllyaGrail","floor":53},{"not_picked":["PrismaMod:IllyaCheapDefend"],"picked":"PrismaMod:IllyaBride","floor":55}],"player_experience":174874,"relics_obtained":[{"floor":1,"key":"Frozen Egg 2"},{"floor":1,"key":"LetterFromLob"},{"floor":3,"key":"ReplayTheSpireMod:TigerMarble"},{"floor":7,"key":"Bottled Lightning"},{"floor":8,"key":"PreservedInsect"},{"floor":9,"key":"Onion Ring"},{"floor":10,"key":"Ice Cream"},{"floor":11,"key":"Tiny Chest"},{"floor":13,"key":"Pen Nib"},{"floor":19,"key":"PunchingBag"},{"floor":20,"key":"Question Card"},{"floor":21,"key":"Prayer Wheel"},{"floor":25,"key":"PillsDrop"},{"floor":26,"key":"Garlic"},{"floor":28,"key":"Leech"},{"floor":29,"key":"DeathBook"},{"floor":32,"key":"Replay:Baseball"},{"floor":35,"key":"SalivaCoin"},{"floor":38,"key":"Replay:Mystery Machine"},{"floor":41,"key":"DoctorsRemote"},{"floor":43,"key":"Incense Burner"},{"floor":44,"key":"Replay:Accelerometer"},{"floor":47,"key":"TheAbacus"},{"floor":48,"key":"Turnip"},{"floor":52,"key":"GnawedLeaf"},{"floor":56,"key":"War Paint"},{"floor":59,"key":"Replay:Rubber Ducky"},{"floor":60,"key":"HowToJump"},{"floor":62,"key":"Bag of Marbles"},{"floor":64,"key":"Anchor"},{"floor":65,"key":"Damocles"}],"event_choices":[{"damage_healed":0,"gold_gain":0,"player_choice":"Entered Light","damage_taken":15,"max_hp_gain":0,"max_hp_loss":0,"event_name":"Shining Light","floor":2,"gold_loss":0,"cards_upgraded":["PrismaMod:IllyaCommonDefend","PrismaMod:IllyaCommonDefend"]},{"damage_healed":0,"gold_gain":0,"player_choice":"Ignored","damage_taken":0,"max_hp_gain":0,"max_hp_loss":0,"event_name":"Vampires","floor":22,"gold_loss":0},{"damage_healed":0,"gold_gain":0,"player_choice":"Shed Blood","damage_taken":18,"max_hp_gain":5,"max_hp_loss":0,"event_name":"Forgotten Altar","floor":24,"gold_loss":0},{"cards_removed":["PrismaMod:IllyaMaid"],"damage_healed":0,"gold_gain":0,"player_choice":"Elegance","damage_taken":0,"max_hp_gain":0,"max_hp_loss":0,"event_name":"Back to Basics","floor":27,"gold_loss":0},{"cards_removed":["PrismaMod:IllyaCarnivalAttack"],"damage_healed":0,"gold_gain":0,"player_choice":"Removed Attack","damage_taken":0,"max_hp_gain":0,"max_hp_loss":0,"event_name":"Falling","floor":46,"gold_loss":0}],"is_beta":false,"boss_relics":[{"not_picked":["Hololive_TopUpMoneyS","ChewingGum"],"picked":"Busted Crown"},{"not_picked":[]},{"not_picked":["Calling Bell","Painkiller Herb"],"picked":"LagranYue:SoulBurningRelic"},{"not_picked":[]},{"not_picked":["TheBible","Molten Egg 2"],"picked":"Pandora\u0027s Box"},{"not_picked":[]}],"items_purged_floors":[14,30,54],"is_endless":true,"potions_floor_spawned":[3,7,8,10,19,21,28,31,33,35,38,39,44,50,64],"killed_by":"LittleHush","ascension_level":0}}