{"host":"cjhtzh7tp54jdfyv","time":1607760818,"event":{"mods":["BaseMod","Minty Spire (QoL Compilation)"],"gold_per_floor":[114,133,40,57,68,98,98,109,109,55,85,85,104,139,139,212,212,225,242,260,260,260,260],"floor_reached":22,"playtime":1538,"items_purged":[],"score":416,"play_id":"d417f5cd-6f1c-4d31-b5d3-60c50ba3df66","local_time":"20201212031338","is_ascension_mode":true,"campfire_choices":[{"floor":7.0,"key":"REST"},{"data":"Darkness","floor":12.0,"key":"SMITH"},{"floor":15.0,"key":"REST"}],"circlet_count":0,"master_deck":["AscendersBane","Strike_B","Strike_B","Strike_B","Strike_B","Defend_B","Defend_B","Defend_B","Defend_B","Zap","Dualcast","Skim","Cold Snap","Sweeping Beam","Glacier","Darkness+1","Electrodynamics","Capacitor+1","Biased Cognition+1","Ball Lightning","Double Energy+1","Barrage","Ghostly","Ghostly","Ghostly"],"relics":["Philosopher\u0027s Stone","Tiny Chest","Centennial Puzzle","Letter Opener","Ice Cream","Frozen Egg 2","Inserter"],"acts_visited":["Exordium","TheCity"],"potions_floor_usage":[22],"damage_taken":[{"damage":3.0,"enemies":"Jaw Worm","floor":1.0,"turns":3.0},{"damage":2.0,"enemies":"Cultist","floor":2.0,"turns":3.0},{"damage":3.0,"enemies":"Small Slimes","floor":4.0,"turns":3.0},{"damage":8.0,"enemies":"2 Fungi Beasts","floor":5.0,"turns":3.0},{"damage":33.0,"enemies":"Lagavulin","floor":6.0,"turns":7.0},{"damage":2.0,"enemies":"Blue Slaver","floor":8.0,"turns":5.0},{"damage":2.0,"enemies":"3 Sentries","floor":11.0,"turns":5.0},{"damage":4.0,"enemies":"Exordium Thugs","floor":13.0,"turns":3.0},{"damage":10.0,"enemies":"Gremlin Nob","floor":14.0,"turns":3.0},{"damage":14.0,"enemies":"The Guardian","floor":16.0,"turns":11.0},{"damage":29.0,"enemies":"2 Thieves","floor":18.0,"turns":3.0},{"damage":12.0,"enemies":"3 Byrds","floor":19.0,"turns":2.0},{"damage":5,"enemies":"Cultist and Chosen","floor":20,"turns":5},{"damage":22,"enemies":"Snake Plant","floor":22,"turns":3}],"seed_played":"-2536606067647701560","potions_obtained":[{"floor":4.0,"key":"SteroidPotion"},{"floor":6.0,"key":"BlessingOfTheForge"},{"floor":11.0,"key":"Energy Potion"},{"floor":14.0,"key":"SteroidPotion"},{"floor":19.0,"key":"FearPotion"}],"is_trial":false,"path_per_floor":["M","M","?","M","M","E","R","M","T","$","E","R","M","E","R","B",null,"M","M","M","?","M"],"character_chosen":"DEFECT","items_purchased":["Explosive Potion"],"campfire_rested":2,"item_purchase_floors":[10],"current_hp_per_floor":[61,59,59,56,48,15,36,34,34,34,32,32,28,18,39,25,60,31,19,14,14,0,0],"gold":260,"neow_bonus":"BOSS_RELIC","is_daily":false,"chose_seed":false,"campfire_upgraded":1,"win_rate":0.0,"timestamp":1607760818,"path_taken":["M","M","?","M","M","E","R","?","T","$","E","R","M","E","R","BOSS","M","M","M","?","M"],"items_purchased_type":["Potion"],"build_version":"2020-11-30","purchased_purges":0,"victory":false,"max_hp_per_floor":[71,71,71,71,71,71,71,71,71,71,71,71,71,71,71,71,71,71,71,71,35,35,35],"card_choices":[{"not_picked":["Redo","Barrage"],"picked":"Skim","floor":1.0},{"not_picked":["Gash","Recycle"],"picked":"Cold Snap","floor":2.0},{"not_picked":["Coolheaded","Skim"],"picked":"Sweeping Beam","floor":4.0},{"not_picked":["Turbo","Chaos","Force Field"],"picked":"SKIP","floor":5.0},{"not_picked":["Steam","Compile Driver"],"picked":"Glacier","floor":6.0},{"not_picked":["Storm","Sweeping Beam"],"picked":"Darkness","floor":8.0},{"not_picked":["Streamline","Scrape"],"picked":"Electrodynamics","floor":11.0},{"not_picked":["Leap","Auto Shields","Sweeping Beam"],"picked":"SKIP","floor":13.0},{"not_picked":["Scrape","Cold Snap"],"picked":"Capacitor+1","floor":14.0},{"not_picked":["Reboot","Echo Form+1"],"picked":"Biased Cognition+1","floor":16.0},{"not_picked":["Lockon","Hologram"],"picked":"Ball Lightning","floor":18.0},{"not_picked":["Leap","Beam Cell"],"picked":"Double Energy+1","floor":19.0},{"not_picked":["Streamline","Tempest"],"picked":"Barrage","floor":20}],"player_experience":4178401,"relics_obtained":[{"floor":6.0,"key":"Centennial Puzzle"},{"floor":9.0,"key":"Letter Opener"},{"floor":11.0,"key":"Ice Cream"},{"floor":14.0,"key":"Frozen Egg 2"}],"event_choices":[{"damage_healed":0.0,"max_hp_gain":0.0,"max_hp_loss":0.0,"gold_gain":0.0,"event_name":"WeMeetAgain","player_choice":"Paid Gold","floor":3.0,"gold_loss":93.0,"damage_taken":0.0,"relics_obtained":["Tiny Chest"]},{"damage_healed":0,"gold_gain":0,"player_choice":"Became a Ghost","damage_taken":0,"max_hp_gain":0,"max_hp_loss":36,"event_name":"Ghosts","floor":21,"gold_loss":0,"cards_obtained":["Ghostly","Ghostly","Ghostly"]}],"is_beta":false,"boss_relics":[{"not_picked":["Sozu","Empty Cage"],"picked":"Inserter"}],"items_purged_floors":[],"is_endless":false,"potions_floor_spawned":[4,6,11,14,19],"killed_by":"Snake Plant","ascension_level":20}}