{"host":"tknto047uabgu3zm","time":1607737325,"event":{"mods":["AchievementEnabler","BaseMod","Bestiary","Block Reminder","Colored Map","Colored Powertips","Highlight Path","Minty Spire (QoL Compilation)","MonsterHotkey","Permanent Neow","Random Character Button","Rare Cards Sparkle","Relic Sorter","Relic Stats","StSLib"],"gold_per_floor":[110,110,125,125,143,143,184,184,207,231,196,249,269,269,269,358,358,373,389,389,389,389,389,427,442,488,488,512,528,547,547,547,641,641,660,156,170,193,526,560,560,577,631,699,699,699],"floor_reached":45,"playtime":3012,"items_purged":["Calculated Gamble"],"score":1210,"play_id":"ec1da4da-4298-49c7-9b68-31a9f7af6d9f","local_time":"20201211174205","is_ascension_mode":true,"campfire_choices":[{"data":"Bouncing Flask","floor":6.0,"key":"SMITH"},{"data":"Leg Sweep","floor":15.0,"key":"SMITH"},{"data":"Bullet Time","floor":23.0,"key":"SMITH"},{"data":"Bouncing Flask","floor":27.0,"key":"SMITH"},{"data":"Reflex","floor":32.0,"key":"SMITH"},{"data":"1","floor":41.0,"key":"LIFT"}],"circlet_count":0,"master_deck":["AscendersBane","Survivor","Neutralize+1","Bouncing Flask+1","Escape Plan","Deadly Poison","Leg Sweep+1","Bullet Time+1","PiercingWail","Reflex+1","Bane","Concentrate","Sucker Punch","Tools of the Trade","Bouncing Flask+1","Outmaneuver","Acrobatics","Reflex+1","Cloak And Dagger","Cloak And Dagger+1","Bullet Time","Caltrops","Bane+1","Caltrops+1"],"relics":["Coffee Dripper","Oddly Smooth Stone","Tiny Chest","Whetstone","CaptainsWheel","Pandora\u0027s Box","Darkstone Periapt","HornCleat","MealTicket","Happy Flower","Runic Pyramid","Bronze Scales","ClockworkSouvenir","Girya","Nunchaku"],"acts_visited":["Exordium","TheCity","TheBeyond"],"potions_floor_usage":[],"damage_taken":[{"damage":0.0,"enemies":"Jaw Worm","floor":1.0,"turns":5.0},{"damage":1.0,"enemies":"Small Slimes","floor":3.0,"turns":3.0},{"damage":0.0,"enemies":"Cultist","floor":5.0,"turns":3.0},{"damage":22.0,"enemies":"Gremlin Nob","floor":7.0,"turns":4.0},{"damage":0.0,"enemies":"2 Fungi Beasts","floor":10.0,"turns":3.0},{"damage":0.0,"enemies":"Blue Slaver","floor":13.0,"turns":3.0},{"damage":0.0,"enemies":"The Guardian","floor":16.0,"turns":8.0},{"damage":0.0,"enemies":"2 Thieves","floor":18.0,"turns":4.0},{"damage":0.0,"enemies":"Chosen","floor":19.0,"turns":5.0},{"damage":1.0,"enemies":"Book of Stabbing","floor":24.0,"turns":4.0},{"damage":3.0,"enemies":"Shelled Parasite and Fungi","floor":25.0,"turns":5.0},{"damage":4.0,"enemies":"Centurion and Healer","floor":29.0,"turns":5.0},{"damage":14.0,"enemies":"Snake Plant","floor":30.0,"turns":4.0},{"damage":1.0,"enemies":"Colosseum Slavers","floor":31.0,"turns":4.0},{"damage":24.0,"enemies":"Champ","floor":33.0,"turns":8.0},{"damage":6.0,"enemies":"3 Darklings","floor":35.0,"turns":5.0},{"damage":0.0,"enemies":"3 Shapes","floor":37.0,"turns":4.0},{"damage":3.0,"enemies":"Writhing Mass","floor":38.0,"turns":5.0},{"damage":21.0,"enemies":"Giant Head","floor":40.0,"turns":7.0},{"damage":22.0,"enemies":"Sphere and 2 Shapes","floor":42.0,"turns":4.0},{"damage":20,"enemies":"3 Darklings","floor":45,"turns":1}],"seed_played":"-9111132919796309947","potions_obtained":[{"floor":1.0,"key":"Strength Potion"},{"floor":3.0,"key":"Swift Potion"},{"floor":7.0,"key":"Explosive Potion"},{"floor":16.0,"key":"Regen Potion"},{"floor":24.0,"key":"CunningPotion"},{"floor":25.0,"key":"PowerPotion"},{"floor":37.0,"key":"SneckoOil"}],"is_trial":false,"path_per_floor":["M","?","M","?","M","R","E","?","T","M","?","T","M","T","R","B",null,"M","M","?","?","T","R","E","M","T","R","T","M","M","?","R","B",null,"M","$","M","M","?","E","R","M","T","T","M"],"character_chosen":"THE_SILENT","items_purchased":["Bronze Scales","ClockworkSouvenir","Caltrops","Fire Potion"],"campfire_rested":0,"item_purchase_floors":[36,36,36,36],"current_hp_per_floor":[59,59,58,51,51,51,29,29,29,29,44,44,44,44,44,44,56,56,56,56,56,56,56,55,52,52,52,52,48,34,33,33,24,51,45,60,60,57,57,36,36,14,14,14,0,0],"gold":699,"neow_bonus":"BOSS_RELIC","is_daily":false,"chose_seed":false,"campfire_upgraded":5,"win_rate":0.0,"timestamp":1607737325,"path_taken":["M","?","M","?","M","R","E","?","T","?","?","?","M","?","R","BOSS","M","M","?","?","?","R","E","M","T","R","?","M","?","?","R","BOSS","M","$","M","M","?","E","R","M","T","?","?"],"items_purchased_type":["Relic","Relic","Card","Potion"],"build_version":"2020-11-30","purchased_purges":1,"victory":false,"max_hp_per_floor":[66,60,60,60,60,60,60,60,60,60,60,60,60,60,60,60,60,60,60,60,60,60,60,60,60,60,60,60,60,60,60,60,60,60,60,60,60,60,60,60,60,60,60,60,60,60],"relic_stats":{"Darkstone Periapt":0,"Nunchaku":[0],"Happy Flower":[15],"counters":[21,94],"Bronze Scales":[49],"Tiny Chest":3,"Pandora\u0027s Box":["Expertise","PiercingWail","Reflex","Bane","Concentrate","Sucker Punch","Tools of the Trade","Bouncing Flask","Outmaneuver"],"MealTicket":15,"Whetstone":["Strike_G","Strike_G"],"obtain_stats":[{"Darkstone Periapt":22,"Girya":40,"Happy Flower":28,"Golden Idol":2,"Oddly Smooth Stone":7,"Whetstone":12,"ClockworkSouvenir":36,"CaptainsWheel":14,"Nunchaku":43,"HornCleat":24,"Bronze Scales":36,"Tiny Chest":9,"Pandora\u0027s Box":17,"MealTicket":26,"Coffee Dripper":0,"Ring of the Snake":0,"Runic Pyramid":34},{"Darkstone Periapt":9,"Girya":19,"Happy Flower":11,"Golden Idol":1,"Oddly Smooth Stone":4,"Whetstone":5,"ClockworkSouvenir":16,"CaptainsWheel":6,"Nunchaku":20,"HornCleat":10,"Bronze Scales":16,"Tiny Chest":4,"Pandora\u0027s Box":7,"MealTicket":11,"Coffee Dripper":0,"Ring of the Snake":0,"Runic Pyramid":15},{"Darkstone Periapt":38,"Girya":89,"Happy Flower":47,"Golden Idol":5,"Oddly Smooth Stone":15,"Whetstone":18,"ClockworkSouvenir":73,"CaptainsWheel":21,"Nunchaku":93,"HornCleat":42,"Bronze Scales":73,"Tiny Chest":15,"Pandora\u0027s Box":29,"MealTicket":47,"Coffee Dripper":0,"Ring of the Snake":0,"Runic Pyramid":68}]},"card_choices":[{"not_picked":["Dodge and Roll","Catalyst"],"picked":"Bouncing Flask","floor":1.0},{"not_picked":["Expertise","Deflect"],"picked":"Calculated Gamble","floor":3.0},{"not_picked":["Underhanded Strike","Poisoned Stab"],"picked":"Escape Plan","floor":5.0},{"not_picked":["Deflect","Outmaneuver"],"picked":"Deadly Poison","floor":7.0},{"not_picked":["Sucker Punch","Riddle With Holes","Eviscerate"],"picked":"SKIP","floor":10.0},{"not_picked":["Deadly Poison","Acrobatics"],"picked":"Leg Sweep","floor":13.0},{"not_picked":["Unload","Night Terror"],"picked":"Bullet Time","floor":16.0},{"not_picked":["Blade Dance+1","Quick Slash"],"picked":"Acrobatics","floor":18.0},{"not_picked":["Skewer","Underhanded Strike+1"],"picked":"Reflex+1","floor":19.0},{"not_picked":["Calculated Gamble","Prepared"],"picked":"Cloak And Dagger","floor":24.0},{"not_picked":["Outmaneuver","Flying Knee","Deadly Poison"],"picked":"SKIP","floor":25.0},{"not_picked":["Accuracy","Slice"],"picked":"Cloak And Dagger+1","floor":29.0},{"not_picked":["Dagger Spray+1","Blade Dance","Slice"],"picked":"SKIP","floor":30.0},{"not_picked":["Phantasmal Killer","Tools of the Trade"],"picked":"Bullet Time","floor":33.0},{"not_picked":["Blade Dance","Prepared","Dodge and Roll+1"],"picked":"SKIP","floor":35.0},{"not_picked":["Endless Agony+1","Deadly Poison"],"picked":"Bane+1","floor":37.0},{"not_picked":["PiercingWail","Outmaneuver+1"],"picked":"Caltrops+1","floor":38.0},{"not_picked":["Endless Agony+1","Deflect","Well Laid Plans+1"],"picked":"SKIP","floor":40.0},{"not_picked":["Deflect","Poisoned Stab","PiercingWail+1"],"picked":"SKIP","floor":42.0}],"player_experience":427997,"relics_obtained":[{"floor":7.0,"key":"Oddly Smooth Stone"},{"floor":9.0,"key":"Tiny Chest"},{"floor":12.0,"key":"Whetstone"},{"floor":14.0,"key":"CaptainsWheel"},{"floor":22.0,"key":"Darkstone Periapt"},{"floor":24.0,"key":"HornCleat"},{"floor":26.0,"key":"MealTicket"},{"floor":28.0,"key":"Happy Flower"},{"floor":40.0,"key":"Girya"},{"floor":43.0,"key":"Nunchaku"}],"event_choices":[{"damage_healed":0.0,"max_hp_gain":0.0,"max_hp_loss":6.0,"gold_gain":0.0,"event_name":"Golden Idol","player_choice":"Lose Max HP","floor":2.0,"gold_loss":0.0,"damage_taken":0.0,"relics_obtained":["Golden Idol"]},{"cards_removed":["Defend_G"],"damage_healed":0.0,"max_hp_gain":0.0,"max_hp_loss":0.0,"gold_gain":0.0,"event_name":"Golden Wing","player_choice":"Card Removal","floor":4.0,"gold_loss":0.0,"damage_taken":7.0},{"damage_healed":0.0,"max_hp_gain":0.0,"max_hp_loss":0.0,"gold_gain":0.0,"event_name":"Accursed Blacksmith","player_choice":"Forge","floor":8.0,"gold_loss":0.0,"damage_taken":0.0,"cards_upgraded":["Neutralize"]},{"damage_healed":15.0,"max_hp_gain":0.0,"max_hp_loss":0.0,"gold_gain":0.0,"event_name":"The Cleric","player_choice":"Healed","floor":11.0,"gold_loss":35.0,"damage_taken":0.0},{"damage_healed":0.0,"max_hp_gain":0.0,"max_hp_loss":0.0,"gold_gain":0.0,"event_name":"Vampires","player_choice":"Ignored","floor":20.0,"gold_loss":0.0,"damage_taken":0.0},{"cards_removed":["Expertise"],"damage_healed":0.0,"max_hp_gain":0.0,"max_hp_loss":0.0,"gold_gain":0.0,"event_name":"Back to Basics","player_choice":"Elegance","floor":21.0,"gold_loss":0.0,"damage_taken":0.0},{"damage_healed":0.0,"max_hp_gain":0.0,"max_hp_loss":0.0,"gold_gain":0.0,"event_name":"Colosseum","player_choice":"Fight","floor":31.0,"gold_loss":0.0,"damage_taken":0.0},{"damage_healed":0.0,"max_hp_gain":0.0,"max_hp_loss":0.0,"gold_gain":0.0,"event_name":"Colosseum","player_choice":"Fled From Nobs","floor":31.0,"gold_loss":0.0,"damage_taken":0.0},{"damage_healed":0.0,"max_hp_gain":0.0,"max_hp_loss":0.0,"gold_gain":333.0,"event_name":"The Moai Head","player_choice":"Gave Idol","floor":39.0,"relics_lost":["Golden Idol"],"gold_loss":0.0,"damage_taken":0.0}],"is_beta":false,"boss_relics":[{"not_picked":["Black Star","HoveringKite"],"picked":"Pandora\u0027s Box"},{"not_picked":["Calling Bell","Empty Cage"],"picked":"Runic Pyramid"}],"items_purged_floors":[36],"is_endless":false,"potions_floor_spawned":[1,3,7,16,19,24,25,37],"killed_by":"3 Darklings","ascension_level":15}}