{"host":"fbqvzfq8f1yzoo4u","time":1607765957,"event":{"mods":["BaseMod","Minty Spire (QoL Compilation)","Replay The Spire","StSLib"],"gold_per_floor":[119,269,269,279,295,295,329,329,353,405,422,443,466,492,492,575,575,606,606,624,624,644,644,248,248,302,302,322,247,247,278,278,358,358,392,392,33,61,89,89,89,30,55,16,16,54,54,54,66,66],"floor_reached":49,"playtime":2075,"items_purged":["Doubt","Decay"],"score":924,"play_id":"18962e05-47ee-4289-9d31-0e6d6ad5ce40","local_time":"20201212173917","is_ascension_mode":true,"campfire_choices":[{"floor":6.0,"key":"DIG"},{"floor":8.0,"key":"REST"},{"floor":15.0,"key":"REST"},{"floor":23.0,"key":"DIG"},{"floor":25.0,"key":"REST"},{"floor":30.0,"key":"REST"},{"data":"FIFO Queue","floor":32.0,"key":"SMITH"},{"floor":40,"key":"REST"}],"circlet_count":0,"master_deck":["AscendersBane","Strike_B+1","Strike_B+1","Strike_B+1","Strike_B+1","Defend_B+1","Defend_B+1","Defend_B+1","Defend_B+1","Zap+1","Conserve Battery+1","Coolheaded","Undo","FIFO Queue+1","Scrape","Gash","Beam Cell","Coolheaded+1","Tempest","Go for the Eyes","Echo Form+1","Cold Snap+1","Panic Button+1","Sweeping Beam+1","Storm+1","All For One+1","Turbo","Blizzard+1","Gash","Steam","Cold Snap+1","Blizzard+1","Decay","Steam+1","Parasite"],"relics":["Cracked Core","Replay:Multitool","Vajra","Pondfish Scales","Replay:Bandana","Busted Crown","Bag of Marbles","Golden Egg","Dream Catcher","ReplayTheSpireMod:CursedCoin","Astrolabe","Bronze Scales","Ring of Misfortune","War Paint"],"acts_visited":["Exordium","TheCity","TheBeyond"],"potions_floor_usage":[39,46],"damage_taken":[{"damage":4.0,"enemies":"Small Slimes","floor":1.0,"turns":3.0},{"damage":2.0,"enemies":"2 Louse","floor":4.0,"turns":3.0},{"damage":4.0,"enemies":"Cultist","floor":5.0,"turns":5.0},{"damage":21.0,"enemies":"3 Sentries","floor":7.0,"turns":12.0},{"damage":4.0,"enemies":"Exordium Wildlife","floor":11.0,"turns":6.0},{"damage":2.0,"enemies":"Looter","floor":12.0,"turns":3.0},{"damage":2.0,"enemies":"Blue Slaver","floor":13.0,"turns":3.0},{"damage":9.0,"enemies":"Exordium Wildlife","floor":14.0,"turns":4.0},{"damage":35.0,"enemies":"Fading Forest","floor":16.0,"turns":13.0},{"damage":12.0,"enemies":"2 Thieves","floor":18.0,"turns":3.0},{"damage":0.0,"enemies":"Shell Parasite","floor":20.0,"turns":6.0},{"damage":6.0,"enemies":"Shelled Parasite and Fungi","floor":22.0,"turns":5.0},{"damage":7.0,"enemies":"Snake Plant","floor":28.0,"turns":5.0},{"damage":10.0,"enemies":"Cultist and Chosen","floor":31.0,"turns":6.0},{"damage":47.0,"enemies":"Champ","floor":33.0,"turns":20.0},{"damage":25.0,"enemies":"3 Darklings","floor":35.0,"turns":6.0},{"damage":4.0,"enemies":"3 Shapes","floor":38.0,"turns":4.0},{"damage":22,"enemies":"Spire Growth","floor":39,"turns":5},{"damage":30,"enemies":"3 Darklings","floor":46,"turns":5},{"damage":0,"enemies":"Writhing Mass","floor":49,"turns":4}],"seed_played":"-3150232141440061359","potions_obtained":[{"floor":4.0,"key":"Dexterity Potion"},{"floor":5.0,"key":"DuplicationPotion"},{"floor":7.0,"key":"Strength Potion"},{"floor":13.0,"key":"Elixir"},{"floor":16.0,"key":"Ancient Potion"},{"floor":22.0,"key":"Swift Potion"},{"floor":33.0,"key":"Regen Potion"},{"floor":35.0,"key":"Fire Potion"},{"floor":39,"key":"AttackPotion"},{"floor":46,"key":"SpeedPotion"}],"is_trial":false,"path_per_floor":["M","?","?","M","M","R","E","R","T","R","M","M","M","M","R","B",null,"M","?","M","?","M","R","$","R","T","R","M","$","R","M","R","B",null,"M","?","$","M","M","R","?","$","T","$","?","M","PTL","PTL","M"],"character_chosen":"DEFECT","items_purchased":["Golden Egg","Adrenaline Potion","ReplayTheSpireMod:CursedCoin","Echo Form+1","Cold Snap","SpeedPotion","Blizzard","FocusPotion","Bronze Scales","Cold Snap","Blizzard"],"campfire_rested":5,"item_purchase_floors":[24,24,29,29,29,29,37,37,37,42,44],"current_hp_per_floor":[60,60,60,58,54,54,33,52,52,52,48,46,44,35,54,19,53,41,41,41,41,35,35,35,54,54,54,47,47,64,54,54,7,50,40,40,40,36,14,33,33,33,33,33,33,3,3,3,3,3],"gold":66,"neow_bonus":"ONE_RARE_RELIC","is_daily":false,"chose_seed":false,"campfire_upgraded":1,"win_rate":0.0,"timestamp":1607765957,"path_taken":["M","?","?","M","M","R","E","R","T","R","M","M","?","M","R","BOSS","M","?","M","?","M","R","?","R","T","R","?","$","R","M","R","BOSS","M","?","$","M","M","R","?","$","T","$","?","M","PTL","PTL","M"],"items_purchased_type":["Relic","Potion","Relic","Card","Card","Potion","Card","Potion","Relic","Card","Card"],"build_version":"2020-11-30","purchased_purges":2,"victory":false,"max_hp_per_floor":[64,64,64,64,64,64,64,64,64,64,64,64,64,64,64,64,64,64,64,64,64,64,64,64,64,64,64,64,64,64,64,64,64,64,64,64,64,64,64,64,64,64,64,64,64,64,64,64,64,64],"card_choices":[{"not_picked":["Steam","BasicCrystalCard"],"picked":"Conserve Battery","floor":1.0},{"not_picked":["Cold Snap","Reprogram"],"picked":"Conserve Battery","floor":4.0},{"not_picked":["Leap","ReplayTheSpireMod:Reroute Power"],"picked":"Coolheaded","floor":5.0},{"not_picked":["Redo","Stack"],"picked":"Undo","floor":7.0},{"not_picked":["Streamline","Sweeping Beam"],"picked":"FIFO Queue","floor":11.0},{"not_picked":["Doom and Gloom","Stack"],"picked":"Scrape","floor":12.0},{"not_picked":["Seek","FIFO Queue"],"picked":"Gash","floor":13.0},{"not_picked":["Hologram","Cold Snap"],"picked":"Beam Cell","floor":14.0},{"not_picked":["Rainbow","Thunder Strike"],"picked":"ReplayTheSpireMod:Omega Cannon","floor":16.0},{"not_picked":[],"picked":"Coolheaded","floor":18.0},{"not_picked":["Panic Button"],"picked":"SKIP","floor":20.0},{"not_picked":[],"picked":"Tempest","floor":22.0},{"not_picked":["Go for the Eyes"],"picked":"SKIP","floor":28.0},{"not_picked":[],"picked":"FIFO Queue","floor":30.0},{"not_picked":[],"picked":"Panic Button+1","floor":31.0},{"not_picked":[],"picked":"Turbo","floor":35.0},{"not_picked":[],"picked":"Gash","floor":38.0},{"not_picked":[],"picked":"Steam","floor":39},{"not_picked":[],"picked":"Steam+1","floor":46}],"player_experience":567290,"relics_obtained":[{"floor":6.0,"key":"Vajra"},{"floor":7.0,"key":"Pondfish Scales"},{"floor":9.0,"key":"Replay:Bandana"},{"floor":23.0,"key":"Bag of Marbles"},{"floor":26.0,"key":"Dream Catcher"},{"floor":41,"key":"Ring of Misfortune"},{"floor":43,"key":"War Paint"}],"event_choices":[{"damage_healed":0.0,"max_hp_gain":0.0,"max_hp_loss":0.0,"gold_gain":150.0,"event_name":"Liars Game","player_choice":"AGREE","floor":2.0,"gold_loss":0.0,"damage_taken":0.0,"cards_obtained":["Doubt"]},{"damage_healed":0.0,"max_hp_gain":0.0,"max_hp_loss":0.0,"gold_gain":0.0,"event_name":"Upgrade Shrine","player_choice":"Upgraded","floor":3.0,"gold_loss":0.0,"damage_taken":0.0,"cards_upgraded":["Zap"]},{"damage_healed":0.0,"max_hp_gain":0.0,"max_hp_loss":0.0,"gold_gain":0.0,"event_name":"Back to Basics","player_choice":"Simplicity","floor":19.0,"gold_loss":0.0,"damage_taken":0.0,"cards_upgraded":["Strike_B","Strike_B","Strike_B","Strike_B","Defend_B","Defend_B","Defend_B","Defend_B"]},{"damage_healed":0.0,"max_hp_gain":0.0,"max_hp_loss":0.0,"gold_gain":0.0,"event_name":"Ghosts","player_choice":"Ignored","floor":21.0,"gold_loss":0.0,"damage_taken":0.0},{"damage_healed":0.0,"max_hp_gain":0.0,"max_hp_loss":0.0,"gold_gain":0.0,"event_name":"Tomb of Lord Red Mask","player_choice":"Ignored","floor":36.0,"gold_loss":0.0,"damage_taken":0.0},{"damage_healed":0,"gold_gain":0,"player_choice":"Cursed","damage_taken":0,"max_hp_gain":0,"max_hp_loss":0,"event_name":"Wheel of Change","floor":45,"gold_loss":0,"cards_obtained":["Decay"]}],"is_beta":false,"boss_relics":[{"not_picked":["Replay:Wanted Poster","Snecko Eye"],"picked":"Busted Crown"},{"not_picked":["Empty Cage","Sozu"],"picked":"Astrolabe"}],"items_purged_floors":[24,37],"is_endless":false,"potions_floor_spawned":[4,5,7,13,16,22,33,35,39,46],"killed_by":"Writhing Mass","ascension_level":20}}