{"host":"wrp3mzqnpgxvyzn2","time":1607759989,"event":{"mods":["BaseMod","Minty Spire (QoL Compilation)"],"gold_per_floor":[109,61,71,89,89,89,114,140,167,267,282,160,178,191,191,287,287,304,219,219,219,253,253,284,296,321,321,321,341,83,93,93,190,190,200,200,200,422,115,115,115,115,138,138,138],"floor_reached":44,"playtime":4048,"items_purged":["Defend_P","Crescendo+1"],"score":447,"play_id":"18401ad0-0b31-4242-870e-99b8a099cd4e","local_time":"20201212025949","is_ascension_mode":false,"campfire_choices":[{"data":"TalkToTheHand","floor":6,"key":"SMITH"},{"floor":15,"key":"REST"},{"data":"Vault","floor":23,"key":"SMITH"},{"data":"Prostrate","floor":27,"key":"SMITH"},{"floor":32,"key":"REST"},{"data":"Devotion","floor":40,"key":"SMITH"},{"floor":42,"key":"RECALL"}],"circlet_count":0,"master_deck":["Strike_P+1","Strike_P","Strike_P","Strike_P+1","Defend_P","Defend_P","Defend_P","Eruption+1","Deep Breath","TalkToTheHand+1","Prostrate","Pray","Prostrate+1","EmptyFist","Vault+1","ThirdEye+1","WaveOfTheHand","RitualDagger","Prostrate+1","Devotion+1","Perseverance","Devotion+1","FlyingSleeves","Deep Breath"],"relics":["HolyWater","Pen Nib","Juzu Bracelet","Whetstone","Lantern","MutagenicStrength","Red Mask","Nunchaku","Potion Belt","Empty Cage","TheAbacus","Oddly Smooth Stone"],"acts_visited":["Exordium","TheCity","TheBeyond"],"potions_floor_usage":[16,16,18,24,24,24,29,33,44],"damage_taken":[{"damage":0,"enemies":"Cultist","floor":1,"turns":3},{"damage":3,"enemies":"Jaw Worm","floor":3,"turns":2},{"damage":3,"enemies":"2 Louse","floor":4,"turns":3},{"damage":15,"enemies":"Lagavulin","floor":7,"turns":9},{"damage":0,"enemies":"2 Fungi Beasts","floor":11,"turns":4},{"damage":7,"enemies":"3 Louse","floor":13,"turns":3},{"damage":3,"enemies":"Large Slime","floor":14,"turns":4},{"damage":13,"enemies":"Slime Boss","floor":16,"turns":7},{"damage":13,"enemies":"3 Byrds","floor":18,"turns":4},{"damage":32,"enemies":"Masked Bandits","floor":22,"turns":6},{"damage":8,"enemies":"Slavers","floor":24,"turns":7},{"damage":0,"enemies":"Spheric Guardian","floor":25,"turns":2},{"damage":14,"enemies":"Snecko","floor":29,"turns":7},{"damage":0,"enemies":"Shelled Parasite and Fungi","floor":31,"turns":5},{"damage":51,"enemies":"Automaton","floor":33,"turns":9},{"damage":12,"enemies":"3 Shapes","floor":35,"turns":5},{"damage":85,"enemies":"Reptomancer","floor":44,"turns":7}],"seed_played":"8974481134949904125","potions_obtained":[{"floor":3,"key":"Ancient Potion"},{"floor":13,"key":"SteroidPotion"},{"floor":14,"key":"ColorlessPotion"},{"floor":16,"key":"Explosive Potion"},{"floor":18,"key":"Explosive Potion"},{"floor":24,"key":"EntropicBrew"},{"floor":31,"key":"PowerPotion"}],"is_trial":false,"path_per_floor":["M","$","M","M","?","R","E","T","T","?","M","$","M","M","R","B",null,"M","?","?","?","?","R","E","M","T","R","?","M","$","M","R","B",null,"M","$","?","?","$","R","?","R","T","E"],"character_chosen":"WATCHER","items_purchased":["Crescendo","Prostrate","Devotion","TheAbacus","Oddly Smooth Stone"],"campfire_rested":2,"item_purchase_floors":[2,12,30,39,39],"current_hp_per_floor":[72,72,69,66,52,52,37,37,37,37,37,37,30,27,48,35,72,59,59,72,72,40,40,32,32,32,32,26,12,12,12,33,21,72,60,60,60,60,60,60,60,60,60,0,0],"gold":138,"neow_bonus":"RANDOM_COLORLESS","is_daily":false,"chose_seed":false,"campfire_upgraded":4,"win_rate":0.0,"timestamp":1607759989,"path_taken":["M","$","?","M","?","R","E","?","T","?","M","?","M","M","R","BOSS","M","?","?","?","?","R","E","M","T","R","?","M","$","M","R","BOSS","M","$","?","?","$","R","?","R","T","E"],"items_purchased_type":["Card","Card","Card","Relic","Relic"],"build_version":"2020-11-30","purchased_purges":2,"victory":false,"max_hp_per_floor":[72,72,72,72,72,72,72,72,72,72,72,72,72,72,72,72,72,72,72,72,72,72,72,72,72,72,72,72,72,72,72,72,72,72,72,72,72,72,72,72,72,72,72,72,72],"card_choices":[{"not_picked":["Jack Of All Trades","Swift Strike"],"picked":"Deep Breath","floor":0},{"not_picked":["FollowUp","ReachHeaven"],"picked":"TalkToTheHand","floor":1},{"not_picked":["FlyingSleeves","CarveReality","SandsOfTime"],"picked":"SKIP","floor":3},{"not_picked":["BowlingBash","PathToVictory"],"picked":"Prostrate","floor":4},{"not_picked":["WaveOfTheHand","Protect"],"picked":"Pray","floor":7},{"not_picked":["Crescendo","SignatureMove"],"picked":"Pray","floor":11},{"not_picked":["WaveOfTheHand","WreathOfFlame"],"picked":"EmptyFist","floor":13},{"not_picked":["PathToVictory","FollowUp","Vengeance"],"picked":"SKIP","floor":14},{"not_picked":["Establishment","DeusExMachina"],"picked":"Vault","floor":16},{"not_picked":["Worship","Crescendo"],"picked":"ThirdEye+1","floor":18},{"not_picked":["InnerPeace","ThirdEye"],"picked":"WaveOfTheHand","floor":22},{"not_picked":["Vengeance","FollowUp","Evaluate"],"picked":"SKIP","floor":24},{"not_picked":["EmptyBody","Evaluate","WaveOfTheHand"],"picked":"SKIP","floor":25},{"not_picked":["WindmillStrike","ForeignInfluence"],"picked":"Prostrate+1","floor":29},{"not_picked":["Meditate","EmptyBody"],"picked":"Perseverance","floor":31},{"not_picked":["Alpha","Blasphemy"],"picked":"Devotion","floor":33},{"not_picked":["LikeWater+1","Meditate"],"picked":"FlyingSleeves","floor":35},{"not_picked":["Magnetism","Forethought"],"picked":"Deep Breath","floor":37}],"player_experience":128579,"relics_obtained":[{"floor":7,"key":"Pen Nib"},{"floor":8,"key":"Juzu Bracelet"},{"floor":9,"key":"Whetstone"},{"floor":22,"key":"Red Mask"},{"floor":24,"key":"Nunchaku"},{"floor":26,"key":"Potion Belt"}],"event_choices":[{"damage_healed":0,"gold_gain":0,"player_choice":"Entered Light","damage_taken":14,"max_hp_gain":0,"max_hp_loss":0,"event_name":"Shining Light","floor":5,"gold_loss":0,"cards_upgraded":["Crescendo","Eruption"]},{"damage_healed":0,"gold_gain":100,"player_choice":"Pray","damage_taken":0,"max_hp_gain":0,"max_hp_loss":0,"event_name":"Golden Shrine","floor":10,"gold_loss":0},{"damage_healed":0,"gold_gain":0,"player_choice":"Obtained Relic","damage_taken":0,"relics_obtained":["Lantern"],"max_hp_gain":0,"max_hp_loss":0,"event_name":"Addict","floor":19,"gold_loss":85},{"damage_healed":24,"gold_gain":0,"player_choice":"Heal","damage_taken":0,"max_hp_gain":0,"max_hp_loss":0,"event_name":"The Library","floor":20,"gold_loss":0},{"damage_healed":0,"gold_gain":0,"player_choice":"Inject Mutagens","damage_taken":0,"relics_obtained":["MutagenicStrength"],"max_hp_gain":0,"max_hp_loss":0,"event_name":"Drug Dealer","floor":21,"gold_loss":0},{"damage_healed":0,"gold_gain":0,"player_choice":"Fought Bandits","damage_taken":0,"max_hp_gain":0,"max_hp_loss":0,"event_name":"Masked Bandits","floor":22,"gold_loss":0},{"damage_healed":0,"gold_gain":0,"player_choice":"Joined the Cult","damage_taken":6,"max_hp_gain":0,"max_hp_loss":0,"event_name":"Nest","floor":28,"gold_loss":0,"cards_obtained":["RitualDagger"]},{"damage_healed":0,"gold_gain":0,"player_choice":"Memory 1","damage_taken":0,"max_hp_gain":0,"max_hp_loss":0,"event_name":"SensoryStone","floor":37,"gold_loss":0},{"damage_healed":0,"gold_gain":222,"player_choice":"Wore Mask","damage_taken":0,"max_hp_gain":0,"max_hp_loss":0,"event_name":"Tomb of Lord Red Mask","floor":38,"gold_loss":0},{"damage_healed":0,"gold_gain":0,"player_choice":"Forge","damage_taken":0,"max_hp_gain":0,"max_hp_loss":0,"event_name":"Accursed Blacksmith","floor":41,"gold_loss":0,"cards_upgraded":["Devotion"]}],"is_beta":false,"boss_relics":[{"not_picked":["Calling Bell","Astrolabe"],"picked":"HolyWater"},{"not_picked":["Pandora\u0027s Box","Cursed Key"],"picked":"Empty Cage"}],"items_purged_floors":[12,30],"is_endless":false,"potions_floor_spawned":[3,13,14,16,18,24,25,31],"killed_by":"Reptomancer","ascension_level":0}}