{"host":"90jl2h70xtuoeg0i","time":1607749745,"event":{"mods":["AchievementEnabler","BaseMod","Colored Map","Colored Powertips","Minty Spire (QoL Compilation)","Relic Stats","ojb\u0027s Better Paths Mod","ojb\u0027s Info Mod"],"gold_per_floor":[109,109,126,146,159,192,192,218,218,218,234,250,175,201,201,272,272,291,216,216,226,241,275,275,301,301,50,62,62,77,93,93,170,170,180,180,0,0,18,44,44,70,70,70,87,114,127,143,143,143],"floor_reached":51,"playtime":7066,"items_purged":["Strike_G","Parasite"],"score":1530,"play_id":"7907f3ad-8ca0-4d3f-93b8-57f00bebb3ab","local_time":"20201212000905","is_ascension_mode":true,"campfire_choices":[{"data":"Blade Dance","floor":7.0,"key":"SMITH"},{"data":"Bouncing Flask","floor":10.0,"key":"SMITH"},{"data":"Glass Knife","floor":15.0,"key":"SMITH"},{"floor":24.0,"key":"REST"},{"data":"Catalyst","floor":29.0,"key":"SMITH"},{"data":"Catalyst","floor":32.0,"key":"SMITH"},{"data":"Burst","floor":41.0,"key":"SMITH"},{"data":"Leg Sweep","floor":44,"key":"SMITH"},{"data":"PiercingWail","floor":49,"key":"SMITH"}],"circlet_count":0,"master_deck":["AscendersBane","Defend_G","Defend_G","Defend_G","Defend_G","Survivor","Neutralize","Bullet Time+1","Masterful Stab+1","Flying Knee+1","Poisoned Stab+1","Riddle With Holes+1","Quick Slash","Blade Dance+1","Choke","Bouncing Flask+1","Deflect","Glass Knife+1","Corpse Explosion","PiercingWail+1","Acrobatics","Backflip+1","Catalyst+1","Backflip","Catalyst+1","Acrobatics+1","Escape Plan+1","Burst+1","Reflex+1","Bandage Up","Acrobatics+1","Leg Sweep+1","Tactician"],"relics":["Astrolabe","Mango","Ninja Scroll","Question Card","Cursed Key","Gremlin Horn","FossilizedHelix","Whetstone","DollysMirror","Coffee Dripper","Red Mask","Bottled Lightning","Ancient Tea Set","Darkstone Periapt"],"acts_visited":["Exordium","TheCity","TheBeyond"],"potions_floor_usage":[48,50],"damage_taken":[{"damage":0.0,"enemies":"Jaw Worm","floor":1.0,"turns":3.0},{"damage":0.0,"enemies":"2 Louse","floor":3.0,"turns":2.0},{"damage":0.0,"enemies":"Small Slimes","floor":4.0,"turns":3.0},{"damage":1.0,"enemies":"Exordium Wildlife","floor":5.0,"turns":2.0},{"damage":7.0,"enemies":"Gremlin Nob","floor":6.0,"turns":3.0},{"damage":10.0,"enemies":"3 Sentries","floor":8.0,"turns":5.0},{"damage":0.0,"enemies":"2 Fungi Beasts","floor":11.0,"turns":2.0},{"damage":5.0,"enemies":"Lots of Slimes","floor":12.0,"turns":3.0},{"damage":0.0,"enemies":"Gremlin Nob","floor":14.0,"turns":3.0},{"damage":46.0,"enemies":"Slime Boss","floor":16.0,"turns":10.0},{"damage":0.0,"enemies":"2 Thieves","floor":18.0,"turns":2.0},{"damage":3.0,"enemies":"Shell Parasite","floor":21.0,"turns":3.0},{"damage":10.0,"enemies":"Centurion and Healer","floor":22.0,"turns":5.0},{"damage":26.0,"enemies":"Slavers","floor":23.0,"turns":4.0},{"damage":0.0,"enemies":"Gremlin Leader","floor":25.0,"turns":3.0},{"damage":6.0,"enemies":"3 Cultists","floor":28.0,"turns":3.0},{"damage":0.0,"enemies":"Cultist and Chosen","floor":30.0,"turns":3.0},{"damage":0.0,"enemies":"Centurion and Healer","floor":31.0,"turns":2.0},{"damage":25.0,"enemies":"Collector","floor":33.0,"turns":4.0},{"damage":0.0,"enemies":"Orb Walker","floor":35.0,"turns":3.0},{"damage":0.0,"enemies":"3 Darklings","floor":39.0,"turns":2.0},{"damage":0.0,"enemies":"Reptomancer","floor":40.0,"turns":6.0},{"damage":5,"enemies":"Nemesis","floor":42,"turns":3},{"damage":0,"enemies":"Jaw Worm Horde","floor":45,"turns":2},{"damage":0,"enemies":"Giant Head","floor":46,"turns":4},{"damage":9,"enemies":"4 Shapes","floor":47,"turns":9},{"damage":0,"enemies":"Spire Growth","floor":48,"turns":2},{"damage":97,"enemies":"Awakened One","floor":50,"turns":14}],"seed_played":"5040825931683257372","potions_obtained":[{"floor":1.0,"key":"FairyPotion"},{"floor":5.0,"key":"AttackPotion"},{"floor":11.0,"key":"CunningPotion"},{"floor":18.0,"key":"GhostInAJar"},{"floor":46,"key":"Fruit Juice"},{"floor":48,"key":"PowerPotion"}],"is_trial":false,"path_per_floor":["M","?","M","M","M","E","R","E","T","R","M","M","?","E","R","B",null,"M","$","?","M","M","E","R","E","T","$","M","R","M","M","R","B",null,"M","?","?","?","M","E","R","E","T","R","M","E","M","M","R","B",null],"character_chosen":"THE_SILENT","items_purchased":["DollysMirror"],"campfire_rested":1,"item_purchase_floors":[27],"current_hp_per_floor":[59,59,59,59,58,65,65,55,55,55,55,50,50,50,50,4,61,61,61,61,58,48,22,46,46,46,46,40,40,40,40,40,15,62,62,62,62,62,62,66,66,65,65,65,65,69,64,69,69,4],"gold":143,"neow_bonus":"BOSS_RELIC","is_daily":false,"chose_seed":false,"campfire_upgraded":8,"win_rate":0.0,"timestamp":1607749745,"path_taken":["M","?","M","M","M","E","R","E","T","R","M","M","?","E","R","BOSS","M","$","?","M","M","E","R","E","T","$","M","R","M","M","R","BOSS","M","?","?","?","M","E","R","E","T","R","M","E","?","M","R","BOSS"],"items_purchased_type":["Relic"],"build_version":"2020-11-30","purchased_purges":2,"victory":true,"max_hp_per_floor":[66,66,66,66,66,80,80,80,80,80,80,80,80,80,80,80,80,80,80,80,80,80,80,80,80,80,77,77,77,77,77,77,77,77,77,77,77,77,77,77,77,77,77,77,77,77,77,82,82,82],"relic_stats":{"Darkstone Periapt":0,"Gremlin Horn":[16,20],"counters":[28,110],"Astrolabe":["Bullet Time","Masterful Stab","Flying Knee"],"Whetstone":["Poisoned Stab","Riddle With Holes"],"Question Card":22,"Cursed Key":1,"obtain_stats":[{"Darkstone Periapt":46,"Gremlin Horn":23,"Astrolabe":0,"Mango":6,"Whetstone":26,"Question Card":9,"Cursed Key":17,"Ancient Tea Set":42,"Ninja Scroll":8,"DollysMirror":27,"Coffee Dripper":34,"Red Mask":37,"Bottled Lightning":40,"FossilizedHelix":25,"Ring of the Snake":0},{"Darkstone Periapt":25,"Gremlin Horn":14,"Astrolabe":0,"Mango":5,"Whetstone":15,"Question Card":6,"Cursed Key":10,"Ancient Tea Set":23,"Ninja Scroll":6,"DollysMirror":15,"Coffee Dripper":19,"Red Mask":20,"Bottled Lightning":22,"FossilizedHelix":15,"Ring of the Snake":0},{"Darkstone Periapt":85,"Gremlin Horn":50,"Astrolabe":0,"Mango":13,"Whetstone":53,"Question Card":18,"Cursed Key":36,"Ancient Tea Set":79,"Ninja Scroll":18,"DollysMirror":53,"Coffee Dripper":65,"Red Mask":68,"Bottled Lightning":76,"FossilizedHelix":53,"Ring of the Snake":0}]},"card_choices":[{"not_picked":["Blur","Tactician"],"picked":"Poisoned Stab","floor":1.0},{"not_picked":["Underhanded Strike","Dagger Throw"],"picked":"Quick Slash","floor":3.0},{"not_picked":["Dodge and Roll","Prepared","Deflect"],"picked":"SKIP","floor":4.0},{"not_picked":["Sucker Punch","Slice"],"picked":"Blade Dance","floor":5.0},{"not_picked":["PiercingWail","Dodge and Roll"],"picked":"Choke","floor":6.0},{"not_picked":["Bane","Dagger Throw"],"picked":"Bouncing Flask","floor":8.0},{"not_picked":["Sucker Punch","Calculated Gamble","Prepared"],"picked":"Deflect","floor":11.0},{"not_picked":["Underhanded Strike","Outmaneuver","Setup","Tactician"],"picked":"SKIP","floor":12.0},{"not_picked":["Acrobatics","Sucker Punch","Deflect"],"picked":"Glass Knife","floor":14.0},{"not_picked":["A Thousand Cuts","Storm of Steel","Tools of the Trade"],"picked":"Corpse Explosion","floor":16.0},{"not_picked":["Dodge and Roll","Backstab","Dagger Spray"],"picked":"PiercingWail","floor":18.0},{"not_picked":["Poisoned Stab","Tactician","Quick Slash","Blade Dance"],"picked":"SKIP","floor":21.0},{"not_picked":["Skewer","Flying Knee","Quick Slash"],"picked":"Backflip+1","floor":22.0},{"not_picked":["A Thousand Cuts","Deadly Poison","Cloak And Dagger"],"picked":"Catalyst","floor":23.0},{"not_picked":["Accuracy","Calculated Gamble","Bane+1"],"picked":"Backflip","floor":25.0},{"not_picked":["Choke","Dodge and Roll","Poisoned Stab"],"picked":"Acrobatics+1","floor":28.0},{"not_picked":["Poisoned Stab","Deflect","Setup"],"picked":"Escape Plan+1","floor":30.0},{"not_picked":["Acrobatics","Flying Knee","Calculated Gamble","Deflect"],"picked":"SKIP","floor":31.0},{"not_picked":["Adrenaline","Malaise","Glass Knife"],"picked":"Burst","floor":33.0},{"not_picked":["Endless Agony","Blade Dance","Flying Knee"],"picked":"Reflex+1","floor":35.0},{"not_picked":["Jack Of All Trades","PanicButton","Discovery"],"picked":"Bandage Up","floor":36.0},{"not_picked":["Outmaneuver","Underhanded Strike","Sucker Punch","Dagger Throw"],"picked":"SKIP","floor":39.0},{"not_picked":["Crippling Poison","Eviscerate","Finisher"],"picked":"Acrobatics+1","floor":40.0},{"not_picked":["Infinite Blades+1","Doppelganger","Blur"],"picked":"Leg Sweep","floor":42},{"not_picked":["Dagger Throw","Blade Dance","Underhanded Strike"],"picked":"Tactician","floor":45},{"not_picked":["Dash","Acrobatics+1","Sucker Punch","Deadly Poison"],"picked":"SKIP","floor":46},{"not_picked":["Grand Finale","Sucker Punch","Bane","Masterful Stab+1"],"picked":"SKIP","floor":47},{"not_picked":["Outmaneuver","Blade Dance","Prepared","Slice"],"picked":"SKIP","floor":48}],"player_experience":1238309,"relics_obtained":[{"floor":6.0,"key":"Mango"},{"floor":8.0,"key":"Ninja Scroll"},{"floor":9.0,"key":"Question Card"},{"floor":23.0,"key":"Gremlin Horn"},{"floor":25.0,"key":"FossilizedHelix"},{"floor":26.0,"key":"Whetstone"},{"floor":40.0,"key":"Bottled Lightning"},{"floor":42,"key":"Ancient Tea Set"},{"floor":46,"key":"Darkstone Periapt"}],"event_choices":[{"damage_healed":0.0,"max_hp_gain":0.0,"max_hp_loss":0.0,"gold_gain":0.0,"cards_transformed":["Strike_G"],"event_name":"Living Wall","player_choice":"Change","floor":2.0,"gold_loss":0.0,"damage_taken":0.0,"cards_obtained":["Riddle With Holes"]},{"cards_removed":["Strike_G"],"damage_healed":0.0,"max_hp_gain":0.0,"max_hp_loss":0.0,"gold_gain":0.0,"event_name":"The Cleric","player_choice":"Card Removal","floor":13.0,"gold_loss":75.0,"damage_taken":0.0},{"damage_healed":0.0,"max_hp_gain":0.0,"max_hp_loss":0.0,"gold_gain":0.0,"event_name":"The Library","player_choice":"Read","floor":20.0,"gold_loss":0.0,"damage_taken":0.0,"cards_obtained":["Acrobatics"]},{"damage_healed":0.0,"max_hp_gain":0.0,"max_hp_loss":0.0,"gold_gain":0.0,"event_name":"SensoryStone","player_choice":"Memory 1","floor":36.0,"gold_loss":0.0,"damage_taken":0.0},{"damage_healed":0.0,"max_hp_gain":0.0,"max_hp_loss":0.0,"gold_gain":0.0,"event_name":"Tomb of Lord Red Mask","player_choice":"Paid","floor":37.0,"gold_loss":180.0,"damage_taken":0.0,"relics_obtained":["Red Mask"]},{"damage_healed":0.0,"max_hp_gain":0.0,"max_hp_loss":0.0,"gold_gain":0.0,"event_name":"Purifier","player_choice":"Ignored","floor":38.0,"gold_loss":0.0,"damage_taken":0.0}],"is_beta":false,"boss_relics":[{"not_picked":["Tiny House","Velvet Choker"],"picked":"Cursed Key"},{"not_picked":["Snecko Eye","HoveringKite"],"picked":"Coffee Dripper"}],"items_purged_floors":[19,27],"is_endless":false,"potions_floor_spawned":[1,5,11,12,18,22,30,35,46,48],"ascension_level":15}}