{"host":"wshh0nphwn6jv7vj","time":1607766070,"event":{"mods":["BaseMod","Bestiary","Minty Spire (QoL Compilation)"],"gold_per_floor":[214,17,34,54,54,54,80,80,135,166,166,179,179,198,198,277,277,293,293,312,312,312],"floor_reached":21,"playtime":887,"items_purged":[],"score":331,"play_id":"61ed9100-0317-4318-ae9c-076d52ccfefb","local_time":"20201212044110","is_ascension_mode":true,"campfire_choices":[{"floor":6,"key":"REST"},{"data":"Noxious Fumes","floor":11,"key":"SMITH"},{"data":"Caltrops","floor":13,"key":"SMITH"},{"floor":15,"key":"REST"}],"circlet_count":0,"master_deck":["AscendersBane","Strike_G+1","Strike_G+1","Strike_G+1","Strike_G+1","Defend_G+1","Defend_G+1","Defend_G+1","Defend_G+1","Defend_G+1","Survivor","Neutralize+1","Quick Slash","Noxious Fumes+1","Backstab","Dramatic Entrance","Slice","Dagger Throw","PiercingWail","Deflect","Caltrops+1","Catalyst","Night Terror","Dagger Throw","Backflip"],"relics":["Ring of the Snake","Pen Nib","Oddly Smooth Stone","HoveringKite"],"acts_visited":["Exordium","TheCity"],"potions_floor_usage":[10,16,16],"damage_taken":[{"damage":0,"enemies":"Cultist","floor":1,"turns":4},{"damage":0,"enemies":"2 Louse","floor":3,"turns":2},{"damage":0,"enemies":"Jaw Worm","floor":4,"turns":2},{"damage":35,"enemies":"3 Sentries","floor":7,"turns":9},{"damage":13,"enemies":"Gremlin Nob","floor":10,"turns":4},{"damage":6,"enemies":"Exordium Wildlife","floor":12,"turns":3},{"damage":0,"enemies":"Looter","floor":14,"turns":1},{"damage":6,"enemies":"Hexaghost","floor":16,"turns":7},{"damage":13,"enemies":"Spheric Guardian","floor":18,"turns":4},{"damage":17,"enemies":"2 Thieves","floor":20,"turns":4},{"damage":37,"enemies":"3 Cultists","floor":21,"turns":5}],"seed_played":"-7668947998563541982","potions_obtained":[{"floor":3,"key":"FearPotion"},{"floor":7,"key":"Regen Potion"},{"floor":14,"key":"Strength Potion"}],"is_trial":false,"path_per_floor":["M","$","M","M","?","R","E","?","T","E","R","M","R","M","R","B",null,"M","?","M","M"],"character_chosen":"THE_SILENT","items_purchased":["Noxious Fumes","Backstab","Dramatic Entrance"],"campfire_rested":2,"item_purchase_floors":[2,2,2],"current_hp_per_floor":[59,59,59,59,39,58,23,23,23,24,24,18,18,18,37,31,57,44,44,27,0,0],"gold":312,"neow_bonus":"HUNDRED_GOLD","is_daily":false,"chose_seed":false,"campfire_upgraded":2,"win_rate":0.0,"timestamp":1607766070,"path_taken":["M","$","M","M","?","R","E","?","T","E","R","?","R","M","R","BOSS","M","?","M","M"],"items_purchased_type":["Card","Card","Card"],"build_version":"2020-11-30","purchased_purges":0,"victory":false,"max_hp_per_floor":[66,66,66,66,66,66,66,66,66,66,66,66,66,66,66,66,66,66,66,66,66,66],"card_choices":[{"not_picked":["Acrobatics","Deflect"],"picked":"Quick Slash","floor":1},{"not_picked":["Outmaneuver","Acrobatics"],"picked":"Slice","floor":3},{"not_picked":["Acrobatics","PiercingWail"],"picked":"Dagger Throw","floor":4},{"not_picked":["Escape Plan","Heel Hook"],"picked":"PiercingWail","floor":7},{"not_picked":["Tactician","Quick Slash"],"picked":"Deflect","floor":10},{"not_picked":["Crippling Poison","Setup"],"picked":"Caltrops","floor":12},{"not_picked":["A Thousand Cuts","PiercingWail"],"picked":"Catalyst","floor":14},{"not_picked":["Bullet Time","Storm of Steel"],"picked":"Night Terror","floor":16},{"not_picked":["Blade Dance","Underhanded Strike"],"picked":"Dagger Throw","floor":18},{"not_picked":["Deadly Poison","Sucker Punch"],"picked":"Backflip","floor":20}],"player_experience":1388149,"relics_obtained":[{"floor":7,"key":"Pen Nib"},{"floor":10,"key":"Oddly Smooth Stone"}],"event_choices":[{"damage_healed":0,"gold_gain":0,"player_choice":"Entered Light","damage_taken":20,"max_hp_gain":0,"max_hp_loss":0,"event_name":"Shining Light","floor":5,"gold_loss":0,"cards_upgraded":["Defend_G","Neutralize"]},{"cards_removed":["Strike_G"],"damage_healed":0,"gold_gain":0,"player_choice":"Offered Basic","damage_taken":0,"max_hp_gain":0,"max_hp_loss":0,"event_name":"Bonfire Elementals","floor":8,"gold_loss":0},{"damage_healed":0,"gold_gain":0,"player_choice":"Simplicity","damage_taken":0,"max_hp_gain":0,"max_hp_loss":0,"event_name":"Back to Basics","floor":19,"gold_loss":0,"cards_upgraded":["Strike_G","Strike_G","Strike_G","Strike_G","Defend_G","Defend_G","Defend_G","Defend_G"]}],"is_beta":false,"boss_relics":[{"not_picked":["Pandora\u0027s Box","Tiny House"],"picked":"HoveringKite"}],"items_purged_floors":[],"is_endless":false,"potions_floor_spawned":[3,7,14],"killed_by":"3 Cultists","ascension_level":15}}