{"host":"f0gpob8hq9vgebej","time":1607746988,"event":{"mods":["AchievementEnabler","BaseMod","Googly Eyes","Minty Spire (QoL Compilation)","Quick Restart","SuperFastMode"],"gold_per_floor":[132,117,135,145,220,220,220,220,67,67,67,78,78,94,124,124,124,124],"floor_reached":16,"playtime":277,"items_purged":["Defend_G"],"score":110,"play_id":"8d37e910-a047-4d51-90c2-b96dc4c61e16","local_time":"20201212132308","is_ascension_mode":true,"campfire_choices":[{"data":"Prepared","floor":6.0,"key":"SMITH"},{"data":"Tactician","floor":12.0,"key":"SMITH"},{"floor":15.0,"key":"REST"}],"circlet_count":0,"master_deck":["Strike_G","Strike_G","Strike_G","Defend_G","Defend_G","Defend_G","Defend_G","Survivor","Neutralize","Poisoned Stab","Footwork","Prepared+1","Tactician+1","Wraith Form v2+1","Accuracy+1","Dagger Throw"],"relics":["Ring of the Snake","NeowsBlessing","Frozen Egg 2","Meat on the Bone"],"acts_visited":["Exordium"],"potions_floor_usage":[],"damage_taken":[{"damage":0.0,"enemies":"Small Slimes","floor":1.0,"turns":1.0},{"damage":0.0,"enemies":"2 Louse","floor":2.0,"turns":1.0},{"damage":0.0,"enemies":"Jaw Worm","floor":3.0,"turns":1.0},{"damage":5.0,"enemies":"Large Slime","floor":11.0,"turns":8.0},{"damage":7.0,"enemies":"Gremlin Gang","floor":13.0,"turns":3.0},{"damage":30.0,"enemies":"Lagavulin","floor":14.0,"turns":13.0},{"damage":17,"enemies":"Hexaghost","floor":16,"turns":10}],"seed_played":"8109046531967295233","potions_obtained":[{"floor":3.0,"key":"AttackPotion"}],"is_trial":false,"path_per_floor":["M","M","M","?","?","R","?","$","T","?","M","R","M","E","R","B"],"character_chosen":"THE_SILENT","items_purchased":["Tactician"],"campfire_rested":1,"item_purchase_floors":[8],"current_hp_per_floor":[6,70,70,70,59,64,64,57,57,57,57,52,52,45,15,37,20,20],"gold":124,"neow_bonus":"THREE_ENEMY_KILL","is_daily":false,"chose_seed":false,"campfire_upgraded":2,"win_rate":0.0,"timestamp":1607746988,"path_taken":["M","M","M","?","?","R","?","$","T","?","M","R","M","E","R","BOSS"],"items_purchased_type":["Card"],"build_version":"2020-11-30","purchased_purges":1,"victory":false,"max_hp_per_floor":[80,70,70,70,70,75,75,75,75,75,75,75,75,75,75,75,75,75],"card_choices":[{"not_picked":["Backflip","Deadly Poison"],"picked":"Poisoned Stab","floor":1.0},{"not_picked":["Sucker Punch","Slice"],"picked":"Footwork","floor":2.0},{"not_picked":["Deflect","PiercingWail"],"picked":"Prepared","floor":3.0},{"not_picked":["Outmaneuver","Slice","Bane"],"picked":"SKIP","floor":11.0},{"not_picked":["Sucker Punch","Acrobatics"],"picked":"Accuracy+1","floor":13.0},{"not_picked":["Skewer","Bane"],"picked":"Dagger Throw","floor":14.0}],"player_experience":124819,"relics_obtained":[{"floor":9.0,"key":"Frozen Egg 2"},{"floor":14.0,"key":"Meat on the Bone"}],"event_choices":[{"damage_healed":0.0,"max_hp_gain":0.0,"max_hp_loss":0.0,"gold_gain":75.0,"event_name":"World of Goop","player_choice":"Gather Gold","floor":4.0,"gold_loss":0.0,"damage_taken":11.0},{"damage_healed":0.0,"max_hp_gain":5.0,"max_hp_loss":0.0,"gold_gain":0.0,"event_name":"Big Fish","player_choice":"Donut","floor":5.0,"gold_loss":0.0,"damage_taken":0.0},{"cards_removed":["Strike_G"],"damage_healed":0.0,"max_hp_gain":0.0,"max_hp_loss":0.0,"gold_gain":0.0,"event_name":"Golden Wing","player_choice":"Card Removal","floor":7.0,"gold_loss":0.0,"damage_taken":7.0},{"damage_healed":0.0,"max_hp_gain":0.0,"max_hp_loss":0.0,"gold_gain":0.0,"cards_transformed":["Strike_G"],"event_name":"Transmorgrifier","player_choice":"Transformed","floor":10.0,"gold_loss":0.0,"damage_taken":0.0,"cards_obtained":["Wraith Form v2"]}],"is_beta":false,"boss_relics":[],"items_purged_floors":[8],"is_endless":false,"potions_floor_spawned":[3],"killed_by":"Hexaghost","ascension_level":2}}