{"host":"x0ovlu53kkkog8rv","time":1607769908,"event":{"mods":["BaseMod","Colored Map","Minty Spire (QoL Compilation)","Quick Restart","SuperFastMode"],"gold_per_floor":[119,119,130,130,305,305,322,322,322,322,341,358,372,388,388,388,388],"floor_reached":16,"playtime":521,"items_purged":[],"score":113,"play_id":"a4b98cd3-aae0-44de-9750-992a2be5992e","local_time":"20201212194508","is_ascension_mode":true,"campfire_choices":[{"data":"Calculated Gamble","floor":6,"key":"SMITH"},{"floor":8,"key":"REST"},{"data":"Eviscerate","floor":15,"key":"SMITH"}],"circlet_count":0,"master_deck":["Strike_G","Strike_G","Strike_G","Strike_G","Strike_G","Defend_G","Defend_G","Defend_G","Defend_G","Defend_G","Survivor","Neutralize","Blur","Calculated Gamble+1","Eviscerate+1","Doubt","Slice","Slice","Backstab"],"relics":["Ring of the Snake","Oddly Smooth Stone","Strawberry","FaceOfCleric"],"acts_visited":["Exordium"],"potions_floor_usage":[14,16],"damage_taken":[{"damage":9,"enemies":"Jaw Worm","floor":1,"turns":4},{"damage":1,"enemies":"Cultist","floor":3,"turns":3},{"damage":20,"enemies":"Small Slimes","floor":7,"turns":4},{"damage":0,"enemies":"3 Louse","floor":11,"turns":3},{"damage":7,"enemies":"Red Slaver","floor":12,"turns":4},{"damage":0,"enemies":"2 Fungi Beasts","floor":13,"turns":4},{"damage":0,"enemies":"Exordium Thugs","floor":14,"turns":3},{"damage":59,"enemies":"Hexaghost","floor":16,"turns":11}],"seed_played":"-4721347539560060765","potions_obtained":[{"floor":3,"key":"AttackPotion"},{"floor":11,"key":"LiquidMemories"}],"is_trial":false,"path_per_floor":["M","?","M","?","?","R","M","R","T","?","M","M","M","M","R","B"],"character_chosen":"THE_SILENT","items_purchased":[],"campfire_rested":1,"item_purchase_floors":[],"current_hp_per_floor":[61,70,69,51,51,51,31,52,59,59,60,54,55,56,56,0,0],"gold":388,"neow_bonus":"THREE_CARDS","is_daily":false,"chose_seed":false,"campfire_upgraded":2,"win_rate":0.0,"timestamp":1607769908,"path_taken":["M","?","?","?","?","R","M","R","T","?","M","M","M","M","R","BOSS"],"items_purchased_type":[],"build_version":"2020-11-30","purchased_purges":0,"victory":false,"max_hp_per_floor":[70,70,70,70,70,70,70,70,77,77,78,79,80,81,81,81,81],"card_choices":[{"not_picked":["Bane","Backflip"],"picked":"Blur","floor":0},{"not_picked":["Flying Knee","Dagger Throw"],"picked":"Calculated Gamble","floor":1},{"not_picked":["Backflip","PiercingWail"],"picked":"Eviscerate","floor":3},{"not_picked":["Leg Sweep","Riddle With Holes","Underhanded Strike"],"picked":"SKIP","floor":7},{"not_picked":["All Out Attack","Choke"],"picked":"Slice","floor":11},{"not_picked":["Cloak And Dagger","Flying Knee"],"picked":"Slice","floor":12},{"not_picked":["Slice","Poisoned Stab"],"picked":"Backstab","floor":13},{"not_picked":["Flying Knee","All Out Attack","Concentrate"],"picked":"SKIP","floor":14}],"player_experience":168825,"relics_obtained":[{"floor":9,"key":"Strawberry"}],"event_choices":[{"damage_healed":9,"gold_gain":0,"player_choice":"Full Heal","damage_taken":0,"max_hp_gain":0,"max_hp_loss":0,"event_name":"Wheel of Change","floor":2,"gold_loss":0},{"damage_healed":0,"gold_gain":0,"player_choice":"Success","damage_taken":18,"relics_obtained":["Oddly Smooth Stone"],"max_hp_gain":0,"max_hp_loss":0,"event_name":"Scrap Ooze","floor":4,"gold_loss":0},{"damage_healed":0,"gold_gain":175,"player_choice":"AGREE","damage_taken":0,"max_hp_gain":0,"max_hp_loss":0,"event_name":"Liars Game","floor":5,"gold_loss":0,"cards_obtained":["Doubt"]},{"damage_healed":0,"gold_gain":0,"player_choice":"Trade","damage_taken":0,"relics_obtained":["FaceOfCleric"],"max_hp_gain":0,"max_hp_loss":0,"event_name":"FaceTrader","floor":10,"gold_loss":0}],"is_beta":false,"boss_relics":[],"items_purged_floors":[],"is_endless":false,"potions_floor_spawned":[3,11],"killed_by":"Hexaghost","ascension_level":4}}