{"host":"2pgz2fctomabfk86","time":1607788214,"event":{"mods":["AchievementEnabler","BaseMod","Colored Map","DeckTracker","Minty Spire (QoL Compilation)","StSLib","SuperFastMode"],"gold_per_floor":[119,134,151,111,111,146,159,169,169,94,94,94,109,122,122,201,201,212,212,227,244,255,286,302,302,355,212,230,258,41,61,61,138,138,138,138],"floor_reached":35,"playtime":4785,"items_purged":["Strike_P","Strike_P","Strike_P"],"score":813,"play_id":"45e9aa27-3f15-41dc-98fc-19bf0f9cb471","local_time":"20201213005014","is_ascension_mode":true,"campfire_choices":[{"data":"EmptyBody","floor":11.0,"key":"SMITH"},{"data":"Prostrate","floor":15.0,"key":"SMITH"},{"floor":25,"key":"REST"},{"data":"Pray","floor":32,"key":"SMITH"}],"circlet_count":0,"master_deck":["AscendersBane","Strike_P","Defend_P","Defend_P","Defend_P","Defend_P","Eruption","Vigilance","ConjureBlade","Prostrate+1","Pray+1","Evaluate","EmptyBody+1","Protect","Devotion","Study","Purity","Pray+1"],"relics":["HolyWater","Ice Cream","Art of War","Akabeko","Busted Crown","Singing Bowl","Dream Catcher","Damaru"],"acts_visited":["Exordium","TheCity","TheBeyond"],"potions_floor_usage":[20,23],"damage_taken":[{"damage":1.0,"enemies":"Cultist","floor":1.0,"turns":3.0},{"damage":5.0,"enemies":"Jaw Worm","floor":2.0,"turns":5.0},{"damage":11.0,"enemies":"Small Slimes","floor":3.0,"turns":5.0},{"damage":125.0,"enemies":"3 Sentries","floor":6.0,"turns":17.0},{"damage":12.0,"enemies":"2 Fungi Beasts","floor":7.0,"turns":4.0},{"damage":6.0,"enemies":"Red Slaver","floor":8.0,"turns":5.0},{"damage":6.0,"enemies":"Gremlin Gang","floor":13.0,"turns":8.0},{"damage":9.0,"enemies":"Lots of Slimes","floor":14.0,"turns":6.0},{"damage":3.0,"enemies":"Slime Boss","floor":16.0,"turns":5.0},{"damage":0,"enemies":"Spheric Guardian","floor":18,"turns":3},{"damage":12,"enemies":"Shell Parasite","floor":20,"turns":3},{"damage":8,"enemies":"3 Cultists","floor":21,"turns":7},{"damage":5,"enemies":"Centurion and Healer","floor":22,"turns":6},{"damage":108,"enemies":"Slavers","floor":23,"turns":6},{"damage":43,"enemies":"Snake Plant","floor":24,"turns":6},{"damage":70,"enemies":"3 Cultists","floor":28,"turns":8},{"damage":14,"enemies":"Book of Stabbing","floor":29,"turns":4},{"damage":30,"enemies":"Chosen and Byrds","floor":31,"turns":8},{"damage":67,"enemies":"Automaton","floor":33,"turns":7},{"damage":65,"enemies":"3 Shapes","floor":35,"turns":5}],"seed_played":"1625082483774754449","potions_obtained":[{"floor":1.0,"key":"Weak Potion"},{"floor":6.0,"key":"EssenceOfSteel"},{"floor":16.0,"key":"DistilledChaos"},{"floor":18,"key":"Dexterity Potion"},{"floor":22,"key":"Explosive Potion"},{"floor":28,"key":"EssenceOfSteel"},{"floor":33,"key":"EntropicBrew"}],"is_trial":false,"path_per_floor":["M","M","M","?","?","E","M","M","T","$","R","?","M","M","R","B",null,"M","?","M","M","M","E","M","R","T","$","M","E","$","M","R","B",null,"M"],"character_chosen":"WATCHER","items_purchased":["Study","Purity"],"campfire_rested":1,"item_purchase_floors":[27,30],"current_hp_per_floor":[60,55,44,44,33,62,50,44,44,44,44,44,38,29,29,26,58,58,58,46,38,33,26,35,56,56,56,35,23,23,54,54,14,64,0,0],"gold":138,"neow_bonus":"ONE_RANDOM_RARE_CARD","is_daily":false,"chose_seed":false,"campfire_upgraded":3,"win_rate":0.0,"timestamp":1607788214,"path_taken":["M","?","M","?","?","E","M","M","T","$","R","?","M","M","R","BOSS","M","?","M","M","M","E","M","R","T","$","M","E","$","?","R","BOSS","M"],"items_purchased_type":["Card","Card"],"build_version":"2020-11-30","purchased_purges":3,"victory":false,"max_hp_per_floor":[68,68,68,68,68,68,68,68,68,68,68,68,68,68,68,68,68,68,68,68,68,68,70,72,72,72,72,74,76,76,78,78,80,80,80,80],"card_choices":[{"not_picked":["Swivel","Protect"],"picked":"Prostrate","floor":1.0},{"not_picked":["Vengeance","ThirdEye"],"picked":"Pray","floor":2.0},{"not_picked":["Nirvana","Halt","ThirdEye"],"picked":"SKIP","floor":3.0},{"not_picked":["Study","FlurryOfBlows","SashWhip"],"picked":"SKIP","floor":6.0},{"not_picked":["Prostrate","Wallop"],"picked":"Evaluate","floor":7.0},{"not_picked":["Indignation","FlurryOfBlows"],"picked":"EmptyBody","floor":8.0},{"not_picked":["Swivel","CrushJoints"],"picked":"Protect","floor":13.0},{"not_picked":["FlurryOfBlows","SignatureMove","WheelKick"],"picked":"SKIP","floor":14.0},{"not_picked":["ConjureBlade","Establishment"],"picked":"Devotion","floor":16.0},{"not_picked":["FollowUp"],"picked":"SKIP","floor":18},{"not_picked":["CutThroughFate"],"picked":"SKIP","floor":20},{"not_picked":["SandsOfTime"],"picked":"SKIP","floor":21},{"not_picked":["WreathOfFlame"],"picked":"SKIP","floor":22},{"not_picked":["EmptyBody"],"picked":"Singing Bowl","floor":23},{"not_picked":["Tantrum"],"picked":"Singing Bowl","floor":24},{"not_picked":["Halt"],"picked":"Singing Bowl","floor":28},{"not_picked":["Adaptation"],"picked":"Singing Bowl","floor":29},{"not_picked":["Meditate+1"],"picked":"Singing Bowl","floor":31},{"not_picked":["Blasphemy"],"picked":"Singing Bowl","floor":33}],"player_experience":929941,"relics_obtained":[{"floor":6.0,"key":"Art of War"},{"floor":9.0,"key":"Akabeko"},{"floor":23,"key":"Singing Bowl"},{"floor":26,"key":"Dream Catcher"},{"floor":29,"key":"Damaru"}],"event_choices":[{"damage_healed":0.0,"max_hp_gain":0.0,"max_hp_loss":0.0,"gold_gain":0.0,"event_name":"World of Goop","player_choice":"Left Gold","floor":4.0,"gold_loss":40.0,"damage_taken":0.0},{"damage_healed":0.0,"max_hp_gain":0.0,"max_hp_loss":0.0,"gold_gain":0.0,"event_name":"Scrap Ooze","player_choice":"Success","floor":5.0,"gold_loss":0.0,"damage_taken":11.0,"relics_obtained":["Ice Cream"]},{"damage_healed":0.0,"max_hp_gain":0.0,"max_hp_loss":0.0,"gold_gain":0.0,"event_name":"Accursed Blacksmith","player_choice":"Forge","floor":12.0,"gold_loss":0.0,"damage_taken":0.0,"cards_upgraded":["Pray"]},{"damage_healed":0,"gold_gain":0,"player_choice":"Ignored","damage_taken":0,"max_hp_gain":0,"max_hp_loss":0,"event_name":"N\u0027loth","floor":19,"gold_loss":0}],"is_beta":false,"boss_relics":[{"not_picked":["Velvet Choker","Pandora\u0027s Box"],"picked":"Busted Crown"},{"not_picked":["Astrolabe","Philosopher\u0027s Stone"],"picked":"HolyWater"}],"items_purged_floors":[10,27,30],"is_endless":false,"potions_floor_spawned":[1,6,7,16,18,22,28,33],"killed_by":"3 Shapes","ascension_level":18}}