{"host":"7gewg82ormp6yt4e","time":1607765998,"event":{"mods":["BaseMod","Block Reminder","Colored Map","Colored Powertips","DeckTracker","Highlight Path","Minty Spire (QoL Compilation)","Relic Stats","StSLib"],"gold_per_floor":[13,13,26,45,62,62,94,94,140,140,167,167,183,183,183,183,183],"floor_reached":16,"playtime":637,"items_purged":[],"score":220,"play_id":"f25641ec-be4d-4090-914a-dd23940f0b0a","local_time":"20201212183958","is_ascension_mode":true,"campfire_choices":[{"data":"Poisoned Stab","floor":6,"key":"SMITH"},{"data":"Die Die Die","floor":8,"key":"SMITH"},{"data":"Calculated Gamble","floor":12,"key":"SMITH"},{"data":"Dash","floor":15,"key":"SMITH"}],"circlet_count":0,"master_deck":["AscendersBane","Strike_G","Strike_G","Strike_G","Defend_G","Defend_G","Defend_G","Defend_G","Survivor","Neutralize","Blade Dance","Dagger Spray","Poisoned Stab+1","Calculated Gamble+1","Die Die Die+1","Crippling Poison","Tactician","Dash+1"],"relics":["Ring of the Snake","Eternal Feather","Lantern","Dream Catcher"],"acts_visited":["Exordium"],"potions_floor_usage":[7,7,16],"damage_taken":[{"damage":3,"enemies":"Cultist","floor":1,"turns":5},{"damage":0,"enemies":"Jaw Worm","floor":3,"turns":4},{"damage":4,"enemies":"Small Slimes","floor":4,"turns":3},{"damage":1,"enemies":"3 Louse","floor":5,"turns":3},{"damage":17,"enemies":"3 Sentries","floor":7,"turns":9},{"damage":24,"enemies":"Gremlin Nob","floor":11,"turns":4},{"damage":0,"enemies":"Red Slaver","floor":13,"turns":3},{"damage":51,"enemies":"Slime Boss","floor":16,"turns":6}],"seed_played":"1637246093504339063","potions_obtained":[{"floor":2,"key":"Block Potion"},{"floor":2,"key":"Swift Potion"},{"floor":5,"key":"Explosive Potion"},{"floor":11,"key":"SteroidPotion"}],"is_trial":false,"path_per_floor":["M","?","M","M","M","R","E","R","T","?","E","R","M","?","R","B"],"character_chosen":"THE_SILENT","items_purchased":[],"campfire_rested":0,"item_purchase_floors":[],"current_hp_per_floor":[56,56,56,52,51,51,34,43,43,43,19,28,28,28,37,0,0],"gold":183,"neow_bonus":"REMOVE_TWO","is_daily":false,"chose_seed":false,"campfire_upgraded":4,"win_rate":0.0,"timestamp":1607765998,"path_taken":["M","?","M","M","?","R","E","R","T","?","E","R","M","?","R","BOSS"],"items_purchased_type":[],"build_version":"2020-11-30","purchased_purges":0,"victory":false,"max_hp_per_floor":[66,66,66,66,66,66,66,66,66,66,66,66,66,66,66,66,66],"relic_stats":{"Dream Catcher":0,"counters":[8,37],"Eternal Feather":27,"obtain_stats":[{"Lantern":9,"Dream Catcher":11,"Eternal Feather":7,"Ring of the Snake":0},{"Lantern":5,"Dream Catcher":6,"Eternal Feather":5,"Ring of the Snake":0},{"Lantern":24,"Dream Catcher":28,"Eternal Feather":24,"Ring of the Snake":0}],"Ring of the Snake":[16]},"card_choices":[{"not_picked":["Dodge and Roll","Slice"],"picked":"Blade Dance","floor":1},{"not_picked":["Underhanded Strike","Backflip"],"picked":"Dagger Spray","floor":3},{"not_picked":["Setup","Expertise"],"picked":"Poisoned Stab","floor":4},{"not_picked":["Outmaneuver","PiercingWail"],"picked":"Calculated Gamble","floor":5},{"not_picked":["Malaise","Backstab"],"picked":"Die Die Die","floor":7},{"not_picked":["Poisoned Stab","Sucker Punch"],"picked":"Tactician","floor":11},{"not_picked":["Underhanded Strike","Escape Plan"],"picked":"Dash","floor":13}],"player_experience":2318298,"relics_obtained":[{"floor":7,"key":"Eternal Feather"},{"floor":9,"key":"Lantern"},{"floor":11,"key":"Dream Catcher"}],"event_choices":[{"damage_healed":0,"gold_gain":0,"player_choice":"Got Potions","damage_taken":0,"max_hp_gain":0,"max_hp_loss":0,"event_name":"Lab","floor":2,"gold_loss":0},{"damage_healed":0,"gold_gain":0,"cards_transformed":["Strike_G"],"player_choice":"Change","damage_taken":0,"max_hp_gain":0,"max_hp_loss":0,"event_name":"Living Wall","floor":10,"gold_loss":0,"cards_obtained":["Crippling Poison"]},{"damage_healed":0,"gold_gain":0,"player_choice":"Ignored","damage_taken":0,"max_hp_gain":0,"max_hp_loss":0,"event_name":"Liars Game","floor":14,"gold_loss":0}],"is_beta":false,"boss_relics":[],"items_purged_floors":[],"is_endless":false,"potions_floor_spawned":[5,11],"killed_by":"Slime Boss","ascension_level":20}}