{"host":"8pl220r0zqtv6uof","time":1607772961,"event":{"mods":["BaseMod","Colored Map","DeckTracker","Highlight Path","Keyboard Shortcuts","Minty Spire (QoL Compilation)","Quick Restart","SuperFastMode"],"gold_per_floor":[115,131,5089,5099,4879,4879,4906,4919,4919,4919,4947,4965,4965,4993,4993,5089,5089,5089,5029,5029,4060,2893,2893,2893,2893,2893,2893,1967,1967,1967,1967,1967,1967,1967,1967,1967,1967,1967,1967,1967,1967,1,1,1,1,1,1,1,1,1],"floor_reached":51,"playtime":2415,"items_purged":["Strike_G","Strike_G","Strike_G","Writhe"],"score":1264,"play_id":"7b625660-a84a-4f64-9e6d-8b50c0b6b077","local_time":"20201212203601","is_ascension_mode":true,"campfire_choices":[{"data":"Die Die Die","floor":6,"key":"SMITH"},{"data":"Footwork","floor":10,"key":"SMITH"},{"data":"Night Terror","floor":15,"key":"SMITH"},{"data":"Strike_G","floor":23,"key":"PURGE"},{"data":"Strike_G","floor":25,"key":"PURGE"},{"data":"Apotheosis","floor":32,"key":"SMITH"},{"data":"Tactician","floor":44,"key":"SMITH"},{"data":"Envenom","floor":49,"key":"SMITH"}],"circlet_count":0,"master_deck":["Defend_G+1","Defend_G","Defend_G","Defend_G","Defend_G","Survivor+1","Neutralize+1","Backstab+1","Poisoned Stab","Riddle With Holes+1","Footwork+1","Poisoned Stab","Bane","Die Die Die+1","Tactician+1","Catalyst","Acrobatics","Caltrops","Night Terror+1","Dagger Throw","Calculated Gamble","Bouncing Flask","PiercingWail","Apotheosis+1","Backflip+1","Noxious Fumes","Master of Strategy+1","Madness+1","Dodge and Roll+1","Master of Strategy+1","Deep Breath+1","Blur+1","Burst+1","CurseOfTheBell","Concentrate+1","Escape Plan+1","Jack Of All Trades+1","Deflect+1","Envenom+1","Reflex+1","Backflip+1"],"relics":["Ring of the Snake","Shuriken","Toy Ornithopter","Orrery","Tiny Chest","War Paint","Kunai","Tough Bandages","Ectoplasm","Toxic Egg 2","Eternal Feather","Strange Spoon","Meat on the Bone","Lee\u0027s Waffle","Peace Pipe","Pear","Regal Pillow","Bird Faced Urn","Paper Crane","InkBottle","Ancient Tea Set","Snake Skull","Calling Bell","Blood Vial","The Courier","FossilizedHelix","Unceasing Top","Bronze Scales","CaptainsWheel","Omamori","Bag of Marbles","Vajra","Mummified Hand","Prayer Wheel","Anchor","Potion Belt","Dream Catcher","Oddly Smooth Stone","Nunchaku","Strawberry","Whetstone","PreservedInsect","MealTicket","Happy Flower","Pen Nib"],"acts_visited":["Exordium","TheCity","TheBeyond"],"potions_floor_usage":[11,11,14,16,20,24,24,31,33,33,36,37,40,48],"damage_taken":[{"damage":0,"enemies":"Cultist","floor":1,"turns":4},{"damage":2,"enemies":"Jaw Worm","floor":2,"turns":4},{"damage":0,"enemies":"2 Louse","floor":4,"turns":2},{"damage":13,"enemies":"Lagavulin","floor":7,"turns":5},{"damage":6,"enemies":"Lots of Slimes","floor":8,"turns":2},{"damage":20,"enemies":"3 Sentries","floor":11,"turns":5},{"damage":12,"enemies":"Large Slime","floor":12,"turns":4},{"damage":4,"enemies":"Gremlin Nob","floor":14,"turns":3},{"damage":30,"enemies":"Hexaghost","floor":16,"turns":9},{"damage":9,"enemies":"Shell Parasite","floor":18,"turns":5},{"damage":1,"enemies":"2 Thieves","floor":19,"turns":5},{"damage":22,"enemies":"Centurion and Healer","floor":20,"turns":8},{"damage":16,"enemies":"Slavers","floor":24,"turns":4},{"damage":0,"enemies":"Snecko","floor":30,"turns":4},{"damage":0,"enemies":"Book of Stabbing","floor":31,"turns":4},{"damage":1,"enemies":"Automaton","floor":33,"turns":6},{"damage":0,"enemies":"Orb Walker","floor":35,"turns":3},{"damage":0,"enemies":"Mind Bloom Boss Battle","floor":36,"turns":6},{"damage":0,"enemies":"3 Darklings","floor":37,"turns":5},{"damage":9,"enemies":"4 Shapes","floor":39,"turns":5},{"damage":7,"enemies":"Giant Head","floor":40,"turns":6},{"damage":0,"enemies":"Reptomancer","floor":45,"turns":2},{"damage":0,"enemies":"Jaw Worm Horde","floor":47,"turns":3},{"damage":0,"enemies":"Giant Head","floor":48,"turns":6},{"damage":0,"enemies":"Awakened One","floor":50,"turns":7}],"seed_played":"8330150755407763142","potions_obtained":[{"floor":4,"key":"CunningPotion"},{"floor":8,"key":"ColorlessPotion"},{"floor":14,"key":"ColorlessPotion"},{"floor":16,"key":"GamblersBrew"},{"floor":20,"key":"EntropicBrew"},{"floor":24,"key":"EssenceOfSteel"},{"floor":30,"key":"GamblersBrew"},{"floor":31,"key":"Strength Potion"},{"floor":35,"key":"Dexterity Potion"},{"floor":37,"key":"SkillPotion"},{"floor":40,"key":"Poison Potion"}],"is_trial":false,"path_per_floor":["M","M","$","M","$","R","E","M","T","R","E","M","?","E","R","B",null,"M","M","M","$","$","R","E","R","T","?","$","T","M","E","R","B",null,"M","?","M","?","M","E","T","$","T","R","E","$","M","E","R","B",null],"character_chosen":"THE_SILENT","items_purchased":["Shuriken","Toy Ornithopter","SkillPotion","Block Potion","Footwork","Orrery","Apotheosis","Toxic Egg 2","Eternal Feather","Strange Spoon","Backflip+1","Noxious Fumes","Meat on the Bone","Lee\u0027s Waffle","Peace Pipe","Master of Strategy+1","Madness+1","Paper Crane","InkBottle","Master of Strategy+1","Deep Breath+1","Jack Of All Trades+1","Omamori","Bag of Marbles","Vajra","Mummified Hand","Prayer Wheel","Anchor","Potion Belt","Dream Catcher","Oddly Smooth Stone","Nunchaku","Strawberry","Whetstone","PreservedInsect","MealTicket","Deflect+1"],"campfire_rested":0,"item_purchase_floors":[3,3,3,3,5,5,21,21,21,21,21,22,22,22,22,22,22,28,28,28,28,42,42,42,42,42,42,42,42,42,42,42,42,42,42,42,42],"current_hp_per_floor":[70,68,68,68,68,68,55,49,49,49,39,27,70,66,66,40,63,54,53,36,36,77,77,76,87,87,87,87,87,87,87,87,86,87,87,87,87,87,78,82,82,89,89,94,94,94,94,94,94,94],"gold":1,"neow_bonus":"UPGRADE_CARD","is_daily":false,"chose_seed":false,"campfire_upgraded":6,"win_rate":0.0,"timestamp":1607772961,"path_taken":["M","M","$","M","$","R","E","M","T","R","E","M","?","E","R","BOSS","M","M","M","?","$","R","E","R","T","?","$","?","?","E","R","BOSS","M","?","M","?","M","E","?","$","T","R","E","?","M","E","R","BOSS"],"items_purchased_type":["Relic","Relic","Potion","Potion","Card","Relic","Card","Relic","Relic","Relic","Card","Card","Relic","Relic","Relic","Card","Card","Relic","Relic","Card","Card","Card","Relic","Relic","Relic","Relic","Relic","Relic","Relic","Relic","Relic","Relic","Relic","Relic","Relic","Relic","Card"],"build_version":"2020-11-30","purchased_purges":4,"victory":true,"max_hp_per_floor":[70,70,70,70,70,70,70,70,70,70,70,70,70,70,70,70,70,70,70,70,70,77,77,87,87,87,87,87,87,87,87,87,87,87,87,87,87,87,87,87,87,94,94,94,94,94,94,94,94,94],"card_choices":[{"not_picked":["Backflip","Quick Slash"],"picked":"Backstab","floor":1},{"not_picked":["Prepared","Masterful Stab"],"picked":"Poisoned Stab","floor":2},{"not_picked":["Slice","Catalyst"],"picked":"Riddle With Holes","floor":4},{"not_picked":["Deadly Poison","Sucker Punch"],"picked":"Poisoned Stab","floor":5},{"not_picked":["Blur","Riddle With Holes"],"picked":"Bane","floor":5},{"not_picked":["Dagger Throw","Acrobatics"],"picked":"Die Die Die","floor":5},{"not_picked":["Dash","Endless Agony"],"picked":"Tactician","floor":5},{"not_picked":["Outmaneuver","Blade Dance"],"picked":"Catalyst","floor":5},{"not_picked":["Cloak And Dagger","Heel Hook"],"picked":"Acrobatics","floor":7},{"not_picked":["Acrobatics","Dash"],"picked":"Caltrops","floor":8},{"not_picked":["Quick Slash","Flying Knee"],"picked":"Night Terror","floor":11},{"not_picked":["Acrobatics","Quick Slash"],"picked":"Dagger Throw","floor":12},{"not_picked":["All Out Attack","Poisoned Stab"],"picked":"Calculated Gamble","floor":14},{"not_picked":["Acrobatics","Quick Slash+1"],"picked":"Bouncing Flask","floor":18},{"not_picked":["Poisoned Stab+1","Slice","All Out Attack"],"picked":"SKIP","floor":19},{"not_picked":["Dagger Throw","Quick Slash"],"picked":"PiercingWail","floor":20},{"not_picked":["Bane","Flying Knee"],"picked":"Dodge and Roll+1","floor":24},{"not_picked":["Well Laid Plans","Dagger Throw"],"picked":"Blur+1","floor":30},{"not_picked":["Bullet Time+1","Dodge and Roll+1","Bouncing Flask+1"],"picked":"SKIP","floor":31},{"not_picked":["Grand Finale","After Image"],"picked":"Burst+1","floor":33},{"not_picked":["Slice+1","Heel Hook","Acrobatics+1"],"picked":"SKIP","floor":35},{"not_picked":["Dodge and Roll+1","Dagger Throw"],"picked":"Concentrate+1","floor":36},{"not_picked":["Bane","Dodge and Roll+1"],"picked":"Escape Plan+1","floor":37},{"not_picked":["Eviscerate","Predator+1","Blade Dance+1"],"picked":"SKIP","floor":39},{"not_picked":["Dagger Throw+1","Blade Dance+1","Riddle With Holes+1"],"picked":"SKIP","floor":40},{"not_picked":["Sucker Punch","Predator+1","Eviscerate+1"],"picked":"SKIP","floor":45},{"not_picked":["Caltrops+1","Leg Sweep+1"],"picked":"Envenom","floor":47},{"not_picked":["Blade Dance+1","Bouncing Flask+1"],"picked":"Reflex+1","floor":47},{"not_picked":["Expertise+1","Riddle With Holes"],"picked":"Backflip+1","floor":48}],"player_experience":110102,"relics_obtained":[{"floor":7,"key":"Tiny Chest"},{"floor":9,"key":"War Paint"},{"floor":11,"key":"Kunai"},{"floor":14,"key":"Tough Bandages"},{"floor":24,"key":"Pear"},{"floor":26,"key":"Regal Pillow"},{"floor":29,"key":"Ancient Tea Set"},{"floor":31,"key":"Snake Skull"},{"floor":34,"key":"Blood Vial"},{"floor":34,"key":"The Courier"},{"floor":34,"key":"FossilizedHelix"},{"floor":36,"key":"Unceasing Top"},{"floor":40,"key":"Bronze Scales"},{"floor":41,"key":"CaptainsWheel"},{"floor":43,"key":"Happy Flower"},{"floor":48,"key":"Pen Nib"}],"event_choices":[{"damage_healed":43,"gold_gain":0,"player_choice":"Full Heal","damage_taken":0,"max_hp_gain":0,"max_hp_loss":0,"event_name":"Wheel of Change","floor":13,"gold_loss":0},{"damage_healed":0,"gold_gain":0,"player_choice":"Opened","damage_taken":0,"relics_obtained":["Bird Faced Urn"],"max_hp_gain":0,"max_hp_loss":0,"event_name":"The Mausoleum","floor":27,"gold_loss":0,"cards_obtained":["Writhe"]},{"damage_healed":0,"gold_gain":0,"player_choice":"Fight","damage_taken":0,"max_hp_gain":0,"max_hp_loss":0,"event_name":"MindBloom","floor":36,"gold_loss":0},{"damage_healed":0,"gold_gain":0,"player_choice":"Ignored","damage_taken":0,"max_hp_gain":0,"max_hp_loss":0,"event_name":"Tomb of Lord Red Mask","floor":38,"gold_loss":0}],"is_beta":false,"boss_relics":[{"not_picked":["Empty Cage","WristBlade"],"picked":"Ectoplasm"},{"not_picked":["Pandora\u0027s Box","Sozu"],"picked":"Calling Bell"}],"items_purged_floors":[3,21,22,28],"is_endless":false,"potions_floor_spawned":[4,8,14,16,20,24,30,31,35,37,40],"ascension_level":5}}