{"host":"y89x8uui45kcjy42","time":1607735441,"event":{"mods":["2.2 Compatiblity","BaseMod","Colored Map","Colored Powertips","Friendly Minions","Highlight Path","Keyboard Shortcuts","Minty Spire (QoL Compilation)","StSLib","SuperFastMode","The Bug Knight","Waifu the Spire"],"gold_per_floor":[119,133,143,143,93,122,122,150,150,150,164,41,56,82,82,186,186,196,196,221,233,246,246,272,272,272,0,0,35,35,85,85,182,182,200,253,267,267,267,300,316,316,368,368,391,94,127,159,159,159,159,159,1,26,26],"floor_reached":56,"playtime":1657,"items_purged":["HollowMod:NailStrikeStart","HollowMod:QuickDashStart","HollowMod:QuickDashStart"],"score":1609,"play_id":"87607364-1272-4c83-9ea9-4626cfe0a133","local_time":"20201212101041","is_ascension_mode":true,"campfire_choices":[{"data":"HollowMod:VengefulSpirit","floor":7,"key":"SMITH"},{"data":"HollowMod:HowlingWraiths","floor":10,"key":"SMITH"},{"data":"HollowMod:SoulStrike","floor":15,"key":"SMITH"},{"data":"HollowMod:SoulSplash","floor":23,"key":"SMITH"},{"data":"HollowMod:Weaversong","floor":25,"key":"SMITH"},{"data":"HollowMod:PogoStrike","floor":28,"key":"SMITH"},{"data":"HollowMod:FocusHealStart","floor":30,"key":"SMITH"},{"floor":32,"key":"RECALL"},{"data":"HollowMod:SoulVessel","floor":42,"key":"SMITH"},{"data":"HollowMod:NailStrikeStart","floor":44,"key":"SMITH"},{"data":"HollowMod:Weaversong","floor":49,"key":"SMITH"},{"data":"HollowMod:NailStrikeStart","floor":52,"key":"SMITH"}],"circlet_count":0,"master_deck":["HollowMod:NailStrikeStart+1","HollowMod:NailStrikeStart+1","HollowMod:QuickDashStart","HollowMod:QuickDashStart","HollowMod:FocusHealStart+1","HollowMod:PogoStrike+1","HollowMod:SoulStrike+1","HollowMod:VengefulSpirit+1","HollowMod:HowlingWraiths+1","HollowMod:SoulSplash+1","HollowMod:Weaversong+1","HollowMod:HeavyBlow+1","HollowMod:SoulVessel+1","HollowMod:MantisMark+1","HollowMod:GoodIntentions+1","HollowMod:Weaversong+1","HollowMod:Grubsong","HollowMod:GoodIntentions+1"],"relics":["HollowMod:VesselMask","Vajra","Oddly Smooth Stone","StrikeDummy","Tiny Chest","WingedGreaves","HollowMod:MillibellesNoteRelic","Coffee Dripper","Red Mask","StoneCalendar","Potion Belt","HollowMod:LifeEnderRelic","Smiling Mask","MealTicket","Black Star","Regal Pillow","Bag of Preparation","Toxic Egg 2","Lantern","Art of War","TheAbacus","Sundial","HollowMod:PaleOreRelic","Blood Vial","HollowMod:MantisClawRelic","Membership Card","Anchor","HollowMod:KingsBrand","Sozu","Mummified Hand","Centennial Puzzle","Gremlin Horn","Sozu","ClockworkSouvenir","ClockworkSouvenir","ClockworkSouvenir"],"acts_visited":["Exordium","TheCity","TheBeyond","TheEnding"],"potions_floor_usage":[14,14,16,16,33,33,41,48,50,55,55,55,55],"damage_taken":[{"damage":0,"enemies":"Small Slimes","floor":1,"turns":2},{"damage":0,"enemies":"Jaw Worm","floor":2,"turns":2},{"damage":2,"enemies":"2 Louse","floor":3,"turns":2},{"damage":16,"enemies":"Gremlin Nob","floor":6,"turns":3},{"damage":21,"enemies":"HollowMod:MossKnight","floor":8,"turns":5},{"damage":0,"enemies":"Large Slime","floor":11,"turns":5},{"damage":0,"enemies":"Lots of Slimes","floor":13,"turns":1},{"damage":9,"enemies":"Lagavulin","floor":14,"turns":5},{"damage":38,"enemies":"Slime Boss","floor":16,"turns":5},{"damage":12,"enemies":"3 Byrds","floor":18,"turns":2},{"damage":12,"enemies":"Masked Bandits","floor":20,"turns":2},{"damage":19,"enemies":"2 Thieves","floor":21,"turns":3},{"damage":21,"enemies":"Centurion and Healer","floor":22,"turns":3},{"damage":22,"enemies":"HollowMod:Nosk","floor":24,"turns":3},{"damage":0,"enemies":"Gremlin Leader","floor":29,"turns":3},{"damage":85,"enemies":"HollowMod:NKGrimm","floor":33,"turns":6},{"damage":16,"enemies":"3 Shapes","floor":35,"turns":2},{"damage":42,"enemies":"3 Darklings","floor":37,"turns":4},{"damage":63,"enemies":"Reptomancer","floor":40,"turns":4},{"damage":8,"enemies":"Sphere and 2 Shapes","floor":41,"turns":3},{"damage":37,"enemies":"Giant Head","floor":47,"turns":6},{"damage":35,"enemies":"Nemesis","floor":48,"turns":5},{"damage":55,"enemies":"HollowMod:Radiance","floor":50,"turns":7},{"damage":26,"enemies":"Shield and Spear","floor":54,"turns":4},{"damage":79,"enemies":"The Heart","floor":55,"turns":8}],"seed_played":"2083737612578400883","potions_obtained":[{"floor":3,"key":"Regen Potion"},{"floor":8,"key":"Weak Potion"},{"floor":14,"key":"Strength Potion"},{"floor":21,"key":"ColorlessPotion"},{"floor":22,"key":"PowerPotion"},{"floor":33,"key":"Block Potion"},{"floor":37,"key":"SneckoOil"},{"floor":47,"key":"ColorlessPotion"}],"is_trial":false,"path_per_floor":["M","M","M","?","?","E","R","E","T","R","M","$","M","E","R","B",null,"M","?","?","M","M","R","E","R","T","?","R","E","R","T","R","B",null,"M","T","M","?","?","E","M","R","T","R","T","$","E","E","R","B",null,"R","$","E","B",null],"character_chosen":"THE_BUGKNIGHT","items_purchased":["PowerPotion","TheAbacus","Weak Potion","FearPotion","Membership Card","Anchor","HollowMod:KingsBrand","HollowMod:Grubsong","SpeedPotion","SpeedPotion","SkillPotion","HollowMod:GoodIntentions+1"],"campfire_rested":0,"item_purchase_floors":[12,46,46,46,53,53,53,53,53,53,53,53],"current_hp_per_floor":[75,75,73,78,78,62,62,51,51,51,57,57,57,48,48,24,66,54,74,62,43,22,22,70,70,70,70,70,70,70,70,70,58,75,59,59,17,17,17,29,27,27,27,27,27,42,11,45,45,78,80,80,80,60,8],"gold":26,"neow_bonus":"THREE_CARDS","is_daily":false,"chose_seed":false,"campfire_upgraded":11,"win_rate":0.0,"timestamp":1607735441,"path_taken":["M","M","M","?","?","E","R","E","T","R","M","$","M","E","R","BOSS","M","?","?","M","M","R","E","R","T","?","R","E","R","?","R","BOSS","M","?","M","?","?","E","M","R","T","R","?","$","E","E","R","BOSS","R","$","E","BOSS"],"items_purchased_type":["Potion","Relic","Potion","Potion","Relic","Relic","Relic","Card","Potion","Potion","Potion","Card"],"build_version":"2020-11-30","purchased_purges":3,"victory":true,"max_hp_per_floor":[75,75,75,80,80,80,80,80,80,80,80,80,80,80,80,80,80,80,80,80,80,80,80,80,80,80,80,80,80,80,80,80,80,80,80,80,80,80,80,80,80,80,80,80,80,80,80,80,80,80,80,80,80,80,80],"card_choices":[{"not_picked":["HollowMod:SiblingsSouls","HollowMod:ChannelNail"],"picked":"HollowMod:SoulStrike","floor":0},{"not_picked":["HollowMod:DashSlash","HollowMod:CrystalDash","HollowMod:ChannelNail"],"picked":"SKIP","floor":1},{"not_picked":["HollowMod:MonarchWings","HollowMod:NewLittleFool","HollowMod:SiblingsShadow"],"picked":"SKIP","floor":2},{"not_picked":["HollowMod:MonarchWings","HollowMod:NewJinnsSoul"],"picked":"HollowMod:VengefulSpirit","floor":3},{"not_picked":["HollowMod:WraithStrike","HollowMod:VengefulVoid","HollowMod:GreatSlash"],"picked":"SKIP","floor":6},{"not_picked":["HollowMod:CloakDash","HollowMod:InfectedAttack"],"picked":"HollowMod:HowlingWraiths","floor":8},{"not_picked":["HollowMod:DoubleDash","HollowMod:SharpenedNail"],"picked":"HollowMod:SoulSplash","floor":11},{"not_picked":["HollowMod:ElderbugsWisdom","HollowMod:LuriensSpire","HollowMod:InfectedAttack"],"picked":"SKIP","floor":13},{"not_picked":["HollowMod:InfectedCysts","HollowMod:DescendingDark"],"picked":"HollowMod:Weaversong","floor":14},{"not_picked":["HollowMod:ShadowDash","HollowMod:SoulShaman","HollowMod:PerfectDash"],"picked":"SKIP","floor":18},{"not_picked":["HollowMod:SharpenedShadows","HollowMod:SoulShaman"],"picked":"HollowMod:HeavyBlow+1","floor":20},{"not_picked":["HollowMod:QuirrelsAssistance","HollowMod:PerfectDash","HollowMod:SoulSplash"],"picked":"SKIP","floor":21},{"not_picked":["HollowMod:HowlingWraiths","HollowMod:SharpenedNail","HollowMod:SiblingsSouls"],"picked":"SKIP","floor":22},{"not_picked":["HollowMod:ChannelNail","HollowMod:SiblingsSouls","HollowMod:InfectedCysts"],"picked":"SKIP","floor":24},{"not_picked":["HollowMod:DoubleDash","HollowMod:LifebloodCocoon","HollowMod:ShapeofUnn"],"picked":"SKIP","floor":29},{"not_picked":["HollowMod:NewJinnsSoul+1","HollowMod:DesolateDive"],"picked":"HollowMod:SoulVessel","floor":35},{"not_picked":["HollowMod:CornifersMapStart","HollowMod:FallenFury","HollowMod:HowlingWraiths+1"],"picked":"SKIP","floor":37},{"not_picked":["HollowMod:ShapeofUnn+1","HollowMod:VengefulSpirit+1","HollowMod:BlackTendrils+1"],"picked":"SKIP","floor":40},{"not_picked":["HollowMod:GrimmsGift+1","HollowMod:SoulShaman+1"],"picked":"HollowMod:MantisMark+1","floor":41},{"not_picked":["HollowMod:VengefulVoid","HollowMod:SharpenedShadows+1"],"picked":"HollowMod:GoodIntentions+1","floor":47},{"not_picked":["HollowMod:ChannelNail+1","HollowMod:SharpenedNail"],"picked":"HollowMod:Weaversong","floor":48},{"not_picked":["HollowMod:ShadowDash+1","HollowMod:ShapeofUnn","HollowMod:NewLittleFool"],"picked":"SKIP","floor":54}],"player_experience":500203,"relics_obtained":[{"floor":6,"key":"Tiny Chest"},{"floor":8,"key":"WingedGreaves"},{"floor":14,"key":"HollowMod:MillibellesNoteRelic"},{"floor":20,"key":"Red Mask"},{"floor":24,"key":"StoneCalendar"},{"floor":26,"key":"Potion Belt"},{"floor":29,"key":"Smiling Mask"},{"floor":31,"key":"MealTicket"},{"floor":36,"key":"Regal Pillow"},{"floor":40,"key":"Bag of Preparation"},{"floor":40,"key":"Toxic Egg 2"},{"floor":43,"key":"Lantern"},{"floor":45,"key":"Art of War"},{"floor":47,"key":"Sundial"},{"floor":47,"key":"HollowMod:PaleOreRelic"},{"floor":48,"key":"Blood Vial"},{"floor":48,"key":"HollowMod:MantisClawRelic"},{"floor":54,"key":"Centennial Puzzle"},{"floor":54,"key":"Gremlin Horn"}],"event_choices":[{"damage_healed":0,"gold_gain":0,"player_choice":"Donut","damage_taken":0,"max_hp_gain":5,"max_hp_loss":0,"event_name":"Big Fish","floor":4,"gold_loss":0},{"cards_removed":["HollowMod:NailStrikeStart"],"damage_healed":0,"gold_gain":0,"player_choice":"Card Removal","damage_taken":0,"max_hp_gain":0,"max_hp_loss":0,"event_name":"The Cleric","floor":5,"gold_loss":50},{"damage_healed":0,"gold_gain":0,"player_choice":"Fought Bandits","damage_taken":0,"max_hp_gain":0,"max_hp_loss":0,"event_name":"Masked Bandits","floor":20,"gold_loss":0},{"damage_healed":0,"gold_gain":0,"player_choice":"Memory 1","damage_taken":0,"max_hp_gain":0,"max_hp_loss":0,"event_name":"SensoryStone","floor":38,"gold_loss":0}],"is_beta":false,"boss_relics":[{"not_picked":["HollowMod:VoidIdolRelic","Philosopher\u0027s Stone","Pandora\u0027s Box"]},{"not_picked":["Snecko Eye","Busted Crown"],"picked":"Black Star"}],"items_purged_floors":[12,46,53],"is_endless":false,"potions_floor_spawned":[3,8,14,21,22,33,37,47],"ascension_level":5}}