{"host":"bq442wlpwbozasgc","time":1607752135,"event":{"mods":["Aspiration","Bard","BaseMod","Conspire","Energized Spire","Halation","Hubris","Infinite Spire","Minty Spire (QoL Compilation)","MostiFishMod","Quick Restart","Replay The Spire","StSLib","SuperFastMode"],"gold_per_floor":[414,431,431,431,451,481,481,492,492,25,37,37,47,47,47,147,147,164,263,263,280,297,297,297,297,316,351,423,440,440,466,477,493,493,588,588,606,624,624,161,172,172,205,205,205,205,205,2,21,53,53,53],"floor_reached":53,"playtime":3665,"items_purged":["Injury","Strike_B","bard:OffKey"],"score":1159,"play_id":"c594de5d-3a55-485a-8d37-7958ccd120a1","local_time":"20201212144855","is_ascension_mode":true,"campfire_choices":[{"floor":7.0,"key":"REST"},{"data":"Regret","floor":15.0,"key":"PURGE"},{"data":"Hologram","floor":23.0,"key":"SMITH"},{"data":"bard:HideousLaughter","floor":34.0,"key":"SMITH"},{"floor":42.0,"key":"RECALL"},{"data":"JustLucky","floor":44.0,"key":"SMITH"},{"data":"Coolheaded","floor":46.0,"key":"SMITH"},{"data":"Pommel Strike","floor":51,"key":"SMITH"}],"circlet_count":0,"master_deck":["Strike_B","Strike_B","Strike_B","Defend_B","Defend_B","Defend_B","Defend_B+1","Zap","Dualcast","Coolheaded+1","Sweeping Beam","bard:EchoEcho","bard:FalseLife+1","ReplayTheSpireMod:Omega Cannon+1","bard:Rest+1","JustLucky+1","MostiFishMod:Disappear+1","Crescendo","Hologram+1","Warcry","Conserve Battery","hubris:ReadiedAction+1","bard:HideousLaughter+1","Cold Snap+1","SandsOfTime","Sanctity","bard:Solo","hubris:EnhanceAbility+1","MostiFishMod:FrostNova","MostiFishMod:WinterMarkForm+1","Thunderclap","ReplayTheSpireMod:Limb From Limb+1","Skim","Pommel Strike+1","bard:Blink+1"],"relics":["Cracked Core","DaveBox","Old Coin","Question Card","PrismaticShard","Gremlin Food","Replay:WaspNest","halation:PrussianBluePaint","BrkXgEgg","Pet Ghost","Frozen Egg 2","MealTicket","ImportantClient","halation:SmartPhone","Shuriken","Eternal Feather","Iron Hammer","FrostBlade","Bag of Preparation","Blue Doll","aspiration:FrozenJewel","Pondfish Scales","hubris:64BitClover","halation:PinkSoulGem","Guide Book","Replay:Antivirus Software"],"acts_visited":["Exordium","TheCity","TheBeyond"],"potions_floor_usage":[52],"damage_taken":[{"damage":7.0,"enemies":"Small Slimes","floor":1.0,"turns":3.0},{"damage":1.0,"enemies":"Cultist","floor":2.0,"turns":3.0},{"damage":5.0,"enemies":"Jaw Worm","floor":5.0,"turns":3.0},{"damage":23.0,"enemies":"Replay:BlueRogue","floor":6.0,"turns":7.0},{"damage":11.0,"enemies":"Large Slime","floor":8.0,"turns":4.0},{"damage":5.0,"enemies":"Blue Slaver","floor":11.0,"turns":4.0},{"damage":4.0,"enemies":"2 Fungi Beasts","floor":13.0,"turns":2.0},{"damage":9.0,"enemies":"Slime Boss","floor":16.0,"turns":7.0},{"damage":1.0,"enemies":"2 Thieves","floor":18.0,"turns":4.0},{"damage":4.0,"enemies":"Spheric Guardian","floor":21.0,"turns":4.0},{"damage":0.0,"enemies":"Cultist and Chosen","floor":22.0,"turns":4.0},{"damage":6.0,"enemies":"Centurion and Healer","floor":26.0,"turns":5.0},{"damage":0.0,"enemies":"Slavers","floor":27.0,"turns":1.0},{"damage":0.0,"enemies":"conspire:HollyBat","floor":29.0,"turns":7.0},{"damage":5.0,"enemies":"Replay:Snechameleon","floor":31.0,"turns":5.0},{"damage":6.0,"enemies":"Snake Plant","floor":32.0,"turns":3.0},{"damage":8.0,"enemies":"Centurion and Healer","floor":33.0,"turns":3.0},{"damage":6.0,"enemies":"conspire:MysteriousRune","floor":35.0,"turns":5.0},{"damage":0.0,"enemies":"3 Darklings","floor":37.0,"turns":3.0},{"damage":0.0,"enemies":"Orb Walker","floor":38.0,"turns":2.0},{"damage":0.0,"enemies":"3 Darklings","floor":41.0,"turns":1.0},{"damage":0.0,"enemies":"Giant Head","floor":43.0,"turns":4.0},{"damage":0.0,"enemies":"Jaw Worm Horde","floor":49.0,"turns":1.0},{"damage":5,"enemies":"Nemesis","floor":50,"turns":5},{"damage":0,"enemies":"Time Eater","floor":52,"turns":7}],"seed_played":"-615478884695922606","potions_obtained":[{"floor":1.0,"key":"GamblersBrew"},{"floor":2.0,"key":"DuplicationPotion"},{"floor":4.0,"key":"Reflective Coating"},{"floor":16.0,"key":"SmokeBomb"},{"floor":18.0,"key":"SteroidPotion"},{"floor":22.0,"key":"Elixir"},{"floor":27.0,"key":"LifebloodPotion"},{"floor":43.0,"key":"Ancient Potion"}],"is_trial":false,"path_per_floor":["M","M","?","?","M","E","R","M","T","$","M","?","M","?","R","B",null,"M","?","?","M","M","R","PTL","PTL","M","E","T","M","AVR","E","M","M","R","B",null,"M","M","T","$","M","R","E","R","T","R","?","$","M","E","R","B",null],"character_chosen":"DEFECT","items_purchased":["BrkXgEgg","ReplayTheSpireMod:Omega Cannon+1","Pet Ghost","Blue Doll","Fruit Juice","aspiration:FrozenJewel","Guide Book"],"campfire_rested":1,"item_purchase_floors":[10,10,10,40,40,40,48],"current_hp_per_floor":[68,67,67,67,62,39,61,50,50,50,45,45,41,41,41,40,75,73,73,66,66,70,70,70,70,61,56,56,60,60,63,50,42,57,46,75,73,66,66,80,75,80,72,80,80,80,80,80,80,67,80,80],"gold":53,"neow_bonus":"RANDOM_EVENT","is_daily":false,"chose_seed":false,"campfire_upgraded":5,"win_rate":0.0,"timestamp":1607752135,"path_taken":["M","M","?","?","?","E","R","M","T","$","M","?","M","?","R","BOSS","M","?","?","?","M","R","PTL","PTL","M","E","T","M","AVR","E","M","M","R","BOSS","M","M","?","$","M","R","E","R","T","R","?","$","M","E","R","BOSS"],"items_purchased_type":["Relic","Card","Relic","Relic","Potion","Relic","Relic"],"build_version":"2020-11-30","purchased_purges":3,"victory":true,"max_hp_per_floor":[75,75,75,75,75,75,75,75,75,75,75,75,75,75,75,75,75,75,75,75,75,75,75,75,75,75,75,75,75,75,75,75,75,75,75,75,75,75,75,80,80,80,80,80,80,80,80,80,80,80,80,80],"card_choices":[{"not_picked":["Streamline","Go for the Eyes"],"picked":"Sweeping Beam","floor":1.0},{"not_picked":["Replay:Undeath\u0027s Touch","Run Through","MostiFishMod:Speedup","SashWhip"],"picked":"SKIP","floor":2.0},{"not_picked":["Quick Slash","Warcry","Redo"],"picked":"bard:EchoEcho","floor":5.0},{"not_picked":["Well Laid Plans","Dagger Spray","Blind"],"picked":"bard:OffKey","floor":6.0},{"not_picked":["Forethought","ReplayTheSpireMod:Repulse","Rupture"],"picked":"bard:FalseLife","floor":8.0},{"not_picked":["Reinforced Body","Conserve Battery","Bane"],"picked":"bard:Rest","floor":11.0},{"not_picked":["Beam Cell","Cleave","Perfected Strike"],"picked":"JustLucky","floor":13.0},{"not_picked":["MostiFishMod:IceShield+1","Glass Knife+1","MostiFishMod:Awakening+1"],"picked":"MostiFishMod:Disappear+1","floor":16.0},{"not_picked":["Perfected Strike","Heavy Blade","Quick Slash"],"picked":"Crescendo","floor":18.0},{"not_picked":["ReplayTheSpireMod:Uncanny Aura+1","bard:TinyHut","Sucker Punch"],"picked":"Warcry","floor":21.0},{"not_picked":["BasicCrystalCard","WaveOfTheHand+1","Doom and Gloom+1"],"picked":"Conserve Battery","floor":22.0},{"not_picked":["Clothesline","Hologram","Flash of Steel+1"],"picked":"hubris:ReadiedAction+1","floor":26.0},{"not_picked":["bard:CuttingWords+1","Noxious Fumes+1","MostiFishMod:JungleRules+1"],"picked":"bard:HideousLaughter","floor":27.0},{"not_picked":["Caltrops+1","Choke","BasicCrystalCard"],"picked":"Cold Snap+1","floor":29.0},{"not_picked":["Compile Driver+1","Replay:BluntJabs","Juggernaut+1"],"picked":"SandsOfTime","floor":31.0},{"not_picked":["Dropkick+1","bard:StudiedStrike","Consecrate"],"picked":"Sanctity","floor":32.0},{"not_picked":["Thunderclap","White Noise","Terror"],"picked":"bard:Solo","floor":33.0},{"not_picked":["MostiFishMod:LethalBlade+1","MostiFishMod:FluxCapactior+1","MostiFishMod:Kaleido+1"],"picked":"hubris:EnhanceAbility+1","floor":35.0},{"not_picked":["Defragment+1","bard:ViciousMockery+1","ReplaySort+1"],"picked":"Thunderclap","floor":37.0},{"not_picked":["bard:EchoEcho","Caltrops+1","MostiFishMod:PerfectParry+1"],"picked":"ReplayTheSpireMod:Limb From Limb+1","floor":38.0},{"not_picked":["Deep Breath+1","Blade Dance+1","Infernal Blade+1"],"picked":"Skim","floor":41.0},{"not_picked":["bard:BucklerBash","Blade Dance+1","Study+1"],"picked":"Pommel Strike","floor":43.0},{"not_picked":["MostiFishMod:FrostNova","Rage+1","bard:PhantasmalForce+1","bard:FeastOnFear+1"],"picked":"SKIP","floor":49.0},{"not_picked":["Enlightenment+1","Consecrate","BootSequence"],"picked":"bard:Blink+1","floor":50}],"player_experience":24284,"relics_obtained":[{"floor":1.0,"key":"Question Card"},{"floor":1.0,"key":"PrismaticShard"},{"floor":6.0,"key":"Replay:WaspNest"},{"floor":9.0,"key":"halation:PrussianBluePaint"},{"floor":16.0,"key":"ImportantClient"},{"floor":27.0,"key":"Shuriken"},{"floor":28.0,"key":"Eternal Feather"},{"floor":31.0,"key":"Iron Hammer"},{"floor":39.0,"key":"Bag of Preparation"},{"floor":43.0,"key":"Pondfish Scales"},{"floor":45.0,"key":"hubris:64BitClover"},{"floor":50,"key":"Replay:Antivirus Software"}],"event_choices":[{"damage_healed":0.0,"max_hp_gain":0.0,"max_hp_loss":0.0,"gold_gain":0.0,"event_name":"Big Fish","player_choice":"Box","floor":3.0,"gold_loss":0.0,"damage_taken":0.0,"relics_obtained":["Gremlin Food"],"cards_obtained":["Regret"]},{"damage_healed":0.0,"max_hp_gain":0.0,"max_hp_loss":0.0,"gold_gain":0.0,"event_name":"Lab","player_choice":"Got Potions","floor":4.0,"gold_loss":0.0,"damage_taken":0.0},{"damage_healed":0.0,"max_hp_gain":0.0,"max_hp_loss":0.0,"gold_gain":0.0,"event_name":"Dead Adventurer","player_choice":"Searched \u00271\u0027 times","floor":14.0,"gold_loss":0.0,"damage_taken":0.0,"relics_obtained":["MealTicket"]},{"damage_healed":0.0,"max_hp_gain":0.0,"max_hp_loss":0.0,"gold_gain":99.0,"event_name":"Nest","player_choice":"Stole From Cult","floor":19.0,"gold_loss":0.0,"damage_taken":0.0},{"damage_healed":0.0,"max_hp_gain":0.0,"max_hp_loss":0.0,"gold_gain":0.0,"event_name":"Match and Keep!","player_choice":"1 cards matched","floor":20.0,"gold_loss":0.0,"damage_taken":0.0,"cards_obtained":["Hologram"]}],"is_beta":false,"boss_relics":[{"not_picked":["SlaversCollar","Tiny House"],"picked":"halation:SmartPhone"},{"not_picked":["MoonlightInvasionPlan","NightmareShop"],"picked":"FrostBlade"}],"items_purged_floors":[30,40,48],"is_endless":false,"potions_floor_spawned":[1,2,16,18,22,27,31,43,49],"ascension_level":3}}