{"host":"sabve5zmqufxyc5o","time":1607781889,"event":{"mods":["2.2 Compatiblity","AchievementEnabler","Act Like it!","BaseMod","Block Reminder","Colored Map","Colored Powertips","DeckTracker","KOR Keyword Fix","Keyboard Shortcuts","Minty Spire (QoL Compilation)","Quick Restart","Rare Cards Sparkle","Relic Stats","StSLib","SuperFastMode"],"gold_per_floor":[112,37,37,53,66,66,95,95,119,119,131,131,131,156,156,252,252,266,287,287,212,6,6,6,6,31,52,73,91,110,110,110,208,208,232,107,120,138,159,159,159,159],"floor_reached":41,"playtime":1330,"items_purged":["Static Discharge","Zap","Cold Snap"],"score":751,"play_id":"4549ea9d-d9a5-4b9c-816a-41871f1204ed","local_time":"20201212230449","is_ascension_mode":true,"campfire_choices":[{"floor":6.0,"key":"REST"},{"data":"Dualcast","floor":8.0,"key":"SMITH"},{"data":"Darkness","floor":10.0,"key":"SMITH"},{"data":"Loop","floor":13.0,"key":"SMITH"},{"floor":15.0,"key":"REST"},{"floor":23.0,"key":"REST"},{"data":"Hologram","floor":25.0,"key":"SMITH"},{"data":"Redo","floor":32,"key":"SMITH"},{"data":"Coolheaded","floor":40,"key":"SMITH"}],"circlet_count":0,"master_deck":["AscendersBane","Dualcast+1","Undo","Loop+1","Hologram+1","Compile Driver","Darkness+1","Glacier","Seek+1","FTL","Buffer","Reboot","Blizzard","Redo+1","Turbo","BootSequence+1","Coolheaded+1","Self Repair","Leap","Redo+1","Rebound","Coolheaded+1","Seek","Coolheaded+1"],"relics":["Cracked Core","Dream Catcher","Odd Mushroom","Nunchaku","Golden Idol","Pandora\u0027s Box","War Paint","Runic Pyramid"],"acts_visited":["Exordium","TheCity","TheBeyond"],"potions_floor_usage":[30,30],"damage_taken":[{"damage":0.0,"enemies":"Jaw Worm","floor":1.0,"turns":4.0},{"damage":3.0,"enemies":"Small Slimes","floor":4.0,"turns":5.0},{"damage":0.0,"enemies":"2 Louse","floor":5.0,"turns":4.0},{"damage":11.0,"enemies":"The Mushroom Lair","floor":7.0,"turns":4.0},{"damage":13.0,"enemies":"Large Slime","floor":11.0,"turns":3.0},{"damage":8.0,"enemies":"2 Fungi Beasts","floor":14.0,"turns":5.0},{"damage":15.0,"enemies":"Slime Boss","floor":16.0,"turns":5.0},{"damage":7.0,"enemies":"3 Byrds","floor":18.0,"turns":4.0},{"damage":13.0,"enemies":"Chosen","floor":19.0,"turns":5.0},{"damage":11.0,"enemies":"3 Cultists","floor":27.0,"turns":7.0},{"damage":12.0,"enemies":"Shelled Parasite and Fungi","floor":28.0,"turns":5.0},{"damage":8.0,"enemies":"Snecko","floor":29.0,"turns":12.0},{"damage":0,"enemies":"Cultist and Chosen","floor":30,"turns":4},{"damage":43,"enemies":"Collector","floor":33,"turns":17},{"damage":0,"enemies":"3 Darklings","floor":35,"turns":6},{"damage":12,"enemies":"Orb Walker","floor":37,"turns":4},{"damage":3,"enemies":"Sphere and 2 Shapes","floor":38,"turns":8},{"damage":16,"enemies":"Transient","floor":39,"turns":6},{"damage":29,"enemies":"Giant Head","floor":41,"turns":8}],"seed_played":"-3752339430203982159","potions_obtained":[{"floor":1.0,"key":"SteroidPotion"},{"floor":4.0,"key":"BlessingOfTheForge"},{"floor":7.0,"key":"CultistPotion"},{"floor":19.0,"key":"FearPotion"},{"floor":33,"key":"Energy Potion"},{"floor":38,"key":"Ancient Potion"},{"floor":39,"key":"LiquidMemories"}],"is_trial":false,"path_per_floor":["M","?","?","M","M","R","?","R","T","R","M","?","R","M","R","B",null,"M","M","?","$","$","R","?","R","T","M","M","M","M","$","R","B",null,"M","$","M","M","M","R","E"],"character_chosen":"DEFECT","items_purchased":["Self Repair","Leap"],"campfire_rested":3,"item_purchase_floors":[22,22],"current_hp_per_floor":[64,64,46,43,43,64,53,53,53,53,40,40,40,32,51,36,57,50,37,37,37,37,56,56,56,56,52,47,46,53,53,53,17,52,59,59,54,58,49,49,20,20],"gold":159,"neow_bonus":"THREE_CARDS","is_daily":false,"chose_seed":false,"campfire_upgraded":6,"win_rate":0.0,"timestamp":1607781889,"path_taken":["M","?","?","M","M","R","?","R","T","R","M","?","R","M","R","BOSS","M","M","?","?","$","R","?","R","T","M","M","M","?","$","R","BOSS","M","$","M","M","M","R","E"],"items_purchased_type":["Card","Card"],"build_version":"2020-11-30","purchased_purges":3,"victory":false,"max_hp_per_floor":[71,71,71,71,71,71,71,71,71,71,71,64,64,64,64,64,64,64,64,64,64,64,64,64,64,64,64,64,64,64,64,64,64,64,64,64,64,64,64,64,64,64],"relic_stats":{"Dream Catcher":3,"Nunchaku":[8],"counters":[19,116],"Golden Idol":83,"Pandora\u0027s Box":["Reboot","Static Discharge","Blizzard","Redo","Blizzard","Turbo","BootSequence"],"War Paint":["Seek","BootSequence"],"obtain_stats":[{"Dream Catcher":3,"Nunchaku":9,"Golden Idol":12,"Pandora\u0027s Box":17,"Odd Mushroom":7,"War Paint":26,"Cracked Core":0,"Runic Pyramid":34},{"Dream Catcher":1,"Nunchaku":4,"Golden Idol":5,"Pandora\u0027s Box":7,"Odd Mushroom":4,"War Paint":9,"Cracked Core":0,"Runic Pyramid":14},{"Dream Catcher":4,"Nunchaku":17,"Golden Idol":20,"Pandora\u0027s Box":30,"Odd Mushroom":17,"War Paint":39,"Cracked Core":0,"Runic Pyramid":84}]},"card_choices":[{"not_picked":["Heatsinks","Stack"],"picked":"Undo","floor":0.0},{"not_picked":["Compile Driver","Chaos"],"picked":"Loop","floor":1.0},{"not_picked":["Consume","Reprogram"],"picked":"Hologram","floor":4.0},{"not_picked":["Steam","Sweeping Beam"],"picked":"Compile Driver","floor":5.0},{"not_picked":["Skim","Sweeping Beam"],"picked":"Darkness","floor":6.0},{"not_picked":["Sweeping Beam","Doom and Gloom"],"picked":"Glacier","floor":7.0},{"not_picked":["Steam","Go for the Eyes","Beam Cell"],"picked":"SKIP","floor":11.0},{"not_picked":["Turbo","Leap"],"picked":"Seek","floor":14.0},{"not_picked":["Double Energy","Hologram"],"picked":"FTL","floor":15.0},{"not_picked":["Creative AI","Thunder Strike"],"picked":"Buffer","floor":16.0},{"not_picked":["Stack","Fusion"],"picked":"Coolheaded+1","floor":18.0},{"not_picked":["Hologram","Storm","Darkness"],"picked":"SKIP","floor":19.0},{"not_picked":["Rebound","Beam Cell","Stack"],"picked":"SKIP","floor":27.0},{"not_picked":["Beam Cell","Stack"],"picked":"Rebound","floor":27.0},{"not_picked":["Sweeping Beam","BootSequence"],"picked":"Cold Snap","floor":28.0},{"not_picked":["Auto Shields","Turbo","Creative AI"],"picked":"SKIP","floor":29.0},{"not_picked":["Gash","Streamline+1"],"picked":"Coolheaded+1","floor":30},{"not_picked":["Electrodynamics","Creative AI"],"picked":"Seek","floor":33},{"not_picked":["Sweeping Beam","Darkness","Cold Snap+1"],"picked":"SKIP","floor":35},{"not_picked":["Reprogram","Turbo+1"],"picked":"Coolheaded","floor":37},{"not_picked":["Doom and Gloom","Hyperbeam","Redo"],"picked":"SKIP","floor":38},{"not_picked":["Beam Cell","Rebound+1","BootSequence"],"picked":"SKIP","floor":39}],"player_experience":772813,"relics_obtained":[{"floor":7.0,"key":"Odd Mushroom"},{"floor":9.0,"key":"Nunchaku"},{"floor":26.0,"key":"War Paint"}],"event_choices":[{"cards_removed":["Strike_B"],"damage_healed":0.0,"max_hp_gain":0.0,"max_hp_loss":0.0,"gold_gain":0.0,"event_name":"The Cleric","player_choice":"Card Removal","floor":2.0,"gold_loss":75.0,"damage_taken":0.0},{"damage_healed":0.0,"max_hp_gain":0.0,"max_hp_loss":0.0,"gold_gain":0.0,"event_name":"Scrap Ooze","player_choice":"Success","floor":3.0,"gold_loss":0.0,"damage_taken":18.0,"relics_obtained":["Dream Catcher"]},{"damage_healed":0.0,"max_hp_gain":0.0,"max_hp_loss":0.0,"gold_gain":0.0,"event_name":"Mushrooms","player_choice":"Fought Mushrooms","floor":7.0,"gold_loss":0.0,"damage_taken":0.0},{"damage_healed":0.0,"max_hp_gain":0.0,"max_hp_loss":7.0,"gold_gain":0.0,"event_name":"Golden Idol","player_choice":"Lose Max HP","floor":12.0,"gold_loss":0.0,"damage_taken":0.0,"relics_obtained":["Golden Idol"]},{"damage_healed":0.0,"max_hp_gain":0.0,"max_hp_loss":0.0,"gold_gain":0.0,"event_name":"Upgrade Shrine","player_choice":"Upgraded","floor":20.0,"gold_loss":0.0,"damage_taken":0.0,"cards_upgraded":["Redo"]},{"damage_healed":0.0,"max_hp_gain":0.0,"max_hp_loss":0.0,"gold_gain":0.0,"cards_transformed":["Blizzard"],"event_name":"Transmorgrifier","player_choice":"Transformed","floor":24.0,"gold_loss":0.0,"damage_taken":0.0,"cards_obtained":["Redo"]}],"is_beta":false,"boss_relics":[{"not_picked":["Black Star","Fusion Hammer"],"picked":"Pandora\u0027s Box"},{"not_picked":["Inserter","Sozu"],"picked":"Runic Pyramid"}],"items_purged_floors":[21,22,36],"is_endless":false,"potions_floor_spawned":[1,4,7,19,28,33,38,39],"killed_by":"Giant Head","ascension_level":19}}