{"host":"cyei475933pvpemq","time":1607787003,"event":{"mods":["Act Like it!","Aspiration","BaseMod","Better Third Choice","BetterRewards","Colored Map","Colored Powertips","Downfall","Energized Spire","Highlight Path","Hubris","Hyrulean Relics","Lobotomy","Mimic Mod","Minty Spire (QoL Compilation)","Replay The Spire","Spicy Shops","Spikes Relics","StSLib","Uncapped"],"gold_per_floor":[217,229,249,228,228,228,228,228,266,299,299,318,356,369,369,369,369],"floor_reached":16,"playtime":1123,"items_purged":[],"score":110,"play_id":"6e525c1f-016b-4a90-b78e-227961431d4d","local_time":"20201212163003","is_ascension_mode":false,"campfire_choices":[{"floor":6,"key":"RECALL"},{"floor":15,"key":"REST"}],"circlet_count":0,"master_deck":["Strike_G","Strike_G","Strike_G","Strike_G","Defend_G","Defend_G","Defend_G","Defend_G","Defend_G","Survivor","Neutralize","Dagger Throw","Flying Knee","hubris:SlightOfHand","Injury","Flying Knee","Backflip","Outmaneuver","Backflip","Prepared"],"relics":["Ring of the Snake","betterThird:SlimedRelic","Golden Idol","Vajra","aspiration:SeaSaltIceCream","Burning Blood","aspiration:StickyExplosives_weak"],"acts_visited":["Exordium"],"potions_floor_usage":[9,16],"damage_taken":[{"damage":0,"enemies":"2 Louse","floor":1,"turns":6},{"damage":0,"enemies":"Small Slimes","floor":2,"turns":2},{"damage":1,"enemies":"Jaw Worm","floor":3,"turns":3},{"damage":0,"enemies":"Large Slime","floor":9,"turns":9},{"damage":19,"enemies":"Gremlin Nob","floor":10,"turns":6},{"damage":1,"enemies":"Large Slime","floor":12,"turns":8},{"damage":29,"enemies":"Replay:BlueRogue","floor":13,"turns":15},{"damage":2,"enemies":"Exordium Thugs","floor":14,"turns":5},{"damage":57,"enemies":"Fading Forest","floor":16,"turns":10}],"seed_played":"5398247967124840920","potions_obtained":[{"floor":2,"key":"Fire Potion"},{"floor":3,"key":"LiquidBronze"},{"floor":10,"key":"Dexterity Potion"},{"floor":12,"key":"Ancient Potion"},{"floor":14,"key":"Swift Potion"}],"is_trial":false,"path_per_floor":["M","M","M","?","?","R","?","?","MIM","E","T","M","E","M","R","B"],"character_chosen":"THE_SILENT","items_purchased":[],"campfire_rested":1,"item_purchase_floors":[],"current_hp_per_floor":[70,70,69,58,58,58,58,58,58,39,39,44,21,25,46,0,0],"gold":369,"neow_bonus":"HUNDRED_GOLD","is_daily":false,"chose_seed":false,"campfire_upgraded":0,"win_rate":0.0,"timestamp":1607787003,"path_taken":["M","M","M","?","?","R","?","?","MIM","E","?","?","E","?","R","BOSS"],"items_purchased_type":[],"build_version":"2020-11-30","purchased_purges":0,"victory":false,"max_hp_per_floor":[70,70,70,70,70,70,70,70,70,70,70,70,70,70,70,70,70],"card_choices":[{"not_picked":["ShadowRift","Blur"],"picked":"Dagger Throw","floor":1},{"not_picked":["Calculated Gamble","Blur"],"picked":"Flying Knee","floor":2},{"not_picked":["Masterful Stab","Eviscerate"],"picked":"hubris:SlightOfHand","floor":3},{"not_picked":["Deadly Poison","Blade Dance"],"picked":"Flying Knee","floor":9},{"not_picked":["Burst","Dodge and Roll"],"picked":"Backflip","floor":10},{"not_picked":["Flying Knee","Deflect"],"picked":"Outmaneuver","floor":12},{"not_picked":["ReplayTheSpireMod:Tripwire","Dodge and Roll"],"picked":"Backflip","floor":13},{"not_picked":["Reflex","Poisoned Stab"],"picked":"Prepared","floor":14}],"player_experience":302003,"relics_obtained":[{"floor":10,"key":"Vajra"},{"floor":11,"key":"aspiration:SeaSaltIceCream"},{"floor":13,"key":"aspiration:StickyExplosives_weak"}],"event_choices":[{"damage_healed":0,"gold_gain":0,"player_choice":"Slimed","damage_taken":11,"max_hp_gain":0,"max_hp_loss":0,"event_name":"betterThird:BetterGoop","floor":4,"gold_loss":21},{"damage_healed":0,"gold_gain":0,"player_choice":"Take Wound","damage_taken":0,"relics_obtained":["Golden Idol"],"max_hp_gain":0,"max_hp_loss":0,"event_name":"Golden Idol","floor":5,"gold_loss":0,"cards_obtained":["Injury"]},{"damage_healed":0,"gold_gain":0,"player_choice":"Leave","damage_taken":0,"max_hp_gain":0,"max_hp_loss":0,"event_name":"The Cleric","floor":7,"gold_loss":0}],"is_beta":false,"boss_relics":[],"items_purged_floors":[],"is_endless":false,"potions_floor_spawned":[2,3,10,12,14],"killed_by":"Fading Forest","ascension_level":0}}