{"host":"g1wmg2w41xhsnw8g","time":1607745573,"event":{"mods":["2.2 Compatiblity","Act Like it!","BaseMod","Better Altar","Better Match","Better Note","Better Sensory Stone","Better Skull","Better Third Choice","BetterRewards","Booster Modes","CapriCore","ChefMod","Colored Map","Colored Powertips","Curses Come First","Defuse TimeMaze Blight","Displayed Cursed Tome","Friendly Minions","GifTheSpireLib","Googly Eyes","Hermit","Infinite Spire","Minty Spire (QoL Compilation)","Red Circlet Mod","Relic Sorter","SCP261 Mod","Shop Mod","Spicy Shops","StSLib","The Florist","The Sage","Transform Curses","Wandering Minibosses","????"],"gold_per_floor":[117,130,130,145,95,120,138,163,163,163,177,177,177,205,205,301,301,314,328,328,328,253,288,288,325,378,33,51,101,101,101,101,200,200,210,86,0,19,19,61,61,61,85,91,91],"floor_reached":44,"playtime":2678,"items_purged":["chefmod:Defend"],"score":905,"play_id":"fd21f0c6-cace-4079-ac21-ef7154413234","local_time":"20201211225933","is_ascension_mode":true,"campfire_choices":[{"data":"chefmod:Strike","floor":12,"key":"PURGE"},{"data":"chefmod:Strike","floor":15,"key":"PURGE"},{"data":"chefmod:GroceryDelivery","floor":30,"key":"SMITH"},{"data":"chefmod:Puree","floor":32,"key":"SMITH"}],"circlet_count":0,"master_deck":["chefmod:QuickThaw","chefmod:TodaysSpecial","chefmod:DoubleChop","chefmod:Granita","chefmod:FreshProduce","chefmod:CleanHouse+1","chefmod:Sorbet","chefmod:IcePick","chefmod:Fillet","chefmod:SearedScallops","chefmod:GroceryDelivery+1","chefmod:IceCreamCone","chefmod:FryPan","chefmod:OrderUp","chefmod:Canape","chefmod:NewMenu","chefmod:Leftovers","infinitespire:UltimateForm+1","chefmod:OldCookbook+1","chefmod:Puree+1","chefmod:MonsterBait","chefmod:ColdSteel","chefmod:RaidPantry","chefmod:MonsterBait","chefmod:Omelette","chefmod:QuickChop","chefmod:Escargot","chefmod:GroceryDelivery","Injury","infinitespire:Gouge"],"relics":["chefmod:TrustyPot","MerchantsRug","chefmod:WoodenSpoon","Lantern","Toy Ornithopter","infinitespire:Joker Card","Peace Pipe","ClockworkSouvenir","Prayer Wheel","Bronze Scales","Anchor","infinitespire:Lucky Rock","Turnip","Thread and Needle","Calipers","WingedGreaves","Sling","Ice Cream","chefmod:CookieJar","infinitespire:ShieldingShard","Enchiridion","Juzu Bracelet","Letter Opener","Bottled Lightning","Matryoshka","Ancient Tea Set","CaptainsWheel","Busted Crown","infinitespire:Midas Blood","Sundial","Omamori","Medical Kit","infinitespire:FocusingShard","SCP261:SadistsTumblerRelic","Tiny House","CultistMask","Pandora\u0027s Box","SCP261:SadistsTumblerRelic","Red Mask","Bag of Preparation","infinitespire:PuzzleCube","Tiny Chest"],"acts_visited":["Exordium","TheCity","TheBeyond"],"potions_floor_usage":[18,23,25,33,40],"damage_taken":[{"damage":0,"enemies":"2 Louse","floor":1,"turns":2},{"damage":0,"enemies":"Cultist","floor":2,"turns":2},{"damage":0,"enemies":"Jaw Worm","floor":4,"turns":2},{"damage":0,"enemies":"Gremlin Nob","floor":6,"turns":3},{"damage":0,"enemies":"Exordium Wildlife","floor":7,"turns":2},{"damage":0,"enemies":"3 Sentries","floor":8,"turns":4},{"damage":0,"enemies":"Exordium Thugs","floor":11,"turns":3},{"damage":0,"enemies":"Lagavulin","floor":14,"turns":4},{"damage":1,"enemies":"The Guardian","floor":16,"turns":6},{"damage":0,"enemies":"Chosen","floor":18,"turns":3},{"damage":0,"enemies":"3 Byrds","floor":19,"turns":3},{"damage":0,"enemies":"Gremlin Leader","floor":23,"turns":3},{"damage":1,"enemies":"Nightmare","floor":25,"turns":6},{"damage":23,"enemies":"Snake Plant","floor":28,"turns":5},{"damage":0,"enemies":"Automaton","floor":33,"turns":7},{"damage":0,"enemies":"3 Shapes","floor":35,"turns":4},{"damage":0,"enemies":"3 Darklings","floor":38,"turns":4},{"damage":58,"enemies":"Reptomancer","floor":40,"turns":4},{"damage":29,"enemies":"Nightmare","floor":44,"turns":2}],"seed_played":"-8827878468721155753","potions_obtained":[{"floor":1,"key":"Explosive Potion"},{"floor":2,"key":"Block Potion"},{"floor":16,"key":"Fire Potion"},{"floor":19,"key":"SmokeBomb"},{"floor":29,"key":"AttackPotion"},{"floor":38,"key":"Swift Potion"}],"is_trial":false,"path_per_floor":["M","M","?","M","?","E","M","E","T","T","M","R","?","E","R","B",null,"M","M","?","?","?","E","?","NM","T","$","M","AVR","R","?","R","B",null,"M","$","?","M","?","E","?","?","T","NM"],"character_chosen":"THE_CHEF","items_purchased":["MerchantsRug","chefmod:WoodenSpoon","Lantern","Vajra","chefmod:DoubleChop","Toy Ornithopter","infinitespire:Joker Card","Peace Pipe","ClockworkSouvenir","chefmod:Granita","chefmod:FreshProduce","chefmod:CleanHouse","Bronze Scales","Anchor","infinitespire:Lucky Rock","Thread and Needle","Calipers","WingedGreaves","Sling","chefmod:CookieJar","infinitespire:ShieldingShard","Omamori","Medical Kit","infinitespire:FocusingShard","SCP261:SadistsTumblerRelic","chefmod:Escargot"],"campfire_rested":0,"item_purchase_floors":[0,0,0,0,0,0,0,0,0,0,0,0,0,0,0,0,0,0,0,0,0,27,27,27,36,36],"current_hp_per_floor":[76,76,76,76,76,76,76,76,76,76,76,76,58,58,58,57,76,76,76,76,76,76,76,76,75,75,75,52,57,57,57,57,62,81,81,81,81,81,81,23,23,23,23,0,0],"gold":91,"neow_bonus":"","is_daily":false,"chose_seed":false,"campfire_upgraded":2,"win_rate":0.0,"timestamp":1607745573,"path_taken":["M","M","?","?","?","E","M","E","T","?","M","R","?","E","R","BOSS","M","M","?","?","?","E","?","NM","T","$","M","AVR","R","?","R","BOSS","M","?","?","M","?","E","?","?","T","NM"],"items_purchased_type":["Relic","Relic","Relic","Relic","Card","Relic","Relic","Relic","Relic","Card","Card","Card","Relic","Relic","Relic","Relic","Relic","Relic","Relic","Relic","Relic","Relic","Relic","Relic","Relic","Card"],"build_version":"2020-11-30","purchased_purges":1,"victory":false,"max_hp_per_floor":[76,76,76,76,76,76,76,76,76,76,76,76,76,76,76,76,76,76,76,76,76,76,76,76,76,76,76,76,81,81,81,81,81,81,81,81,81,81,81,81,81,81,81,81,81],"card_choices":[{"not_picked":["chefmod:CuttingBoard","chefmod:KnifeFlurry"],"picked":"chefmod:Sorbet","floor":1},{"not_picked":["chefmod:PrepCook","chefmod:SliceAndDice"],"picked":"chefmod:IcePick","floor":1},{"not_picked":["chefmod:Defrost","chefmod:NoSoupForYou"],"picked":"chefmod:Fillet","floor":2},{"not_picked":["chefmod:BaoBuns","chefmod:Chop","chefmod:FarmersMarket"],"picked":"SKIP","floor":2},{"not_picked":["chefmod:Defrost","chefmod:IcePick"],"picked":"chefmod:SearedScallops","floor":4},{"not_picked":["chefmod:Fillet","chefmod:FireUp","chefmod:DinoKale"],"picked":"SKIP","floor":4},{"not_picked":["chefmod:QuickChop","chefmod:FireUp","chefmod:Granita"],"picked":"SKIP","floor":6},{"not_picked":["chefmod:SearedScallops","chefmod:Sorbet"],"picked":"chefmod:GroceryDelivery","floor":7},{"not_picked":["chefmod:FireUp","chefmod:SliceAndDice","chefmod:ColdSteel"],"picked":"SKIP","floor":7},{"not_picked":["chefmod:MonsterBait","chefmod:LocoMoco"],"picked":"chefmod:IceCreamCone","floor":8},{"not_picked":["chefmod:OldCookbook","chefmod:FireUp"],"picked":"chefmod:FryPan","floor":11},{"not_picked":["chefmod:NoSoupForYou","chefmod:ZaruSoba","chefmod:ColdSteel"],"picked":"SKIP","floor":11},{"not_picked":["chefmod:SpaghettiCarbonara","chefmod:Flambe"],"picked":"chefmod:OrderUp","floor":14},{"not_picked":["chefmod:CapreseSalad","chefmod:TastyDistraction"],"picked":"chefmod:Canape","floor":16},{"not_picked":[],"picked":"chefmod:NewMenu","floor":18},{"not_picked":["chefmod:Sorbet"],"picked":"SKIP","floor":18},{"not_picked":[],"picked":"chefmod:Leftovers","floor":19},{"not_picked":["chefmod:AllYouCanEat+1"],"picked":"SKIP","floor":19},{"not_picked":[],"picked":"chefmod:OldCookbook+1","floor":22},{"not_picked":["chefmod:NoSoupForYou"],"picked":"SKIP","floor":23},{"not_picked":["chefmod:Fillet"],"picked":"SKIP","floor":25},{"not_picked":["chefmod:KnifeFlurry+1"],"picked":"SKIP","floor":28},{"not_picked":["chefmod:Fillet"],"picked":"SKIP","floor":28},{"not_picked":[],"picked":"chefmod:ColdSteel","floor":29},{"not_picked":[],"picked":"chefmod:RaidPantry","floor":33},{"not_picked":["chefmod:MonsterBait"],"picked":"SKIP","floor":35},{"not_picked":["chefmod:FireUp+1"],"picked":"SKIP","floor":35},{"not_picked":["chefmod:Defrost+1"],"picked":"SKIP","floor":38},{"not_picked":["chefmod:SliceAndDice"],"picked":"SKIP","floor":38},{"not_picked":["chefmod:Defrost+1"],"picked":"SKIP","floor":40},{"not_picked":["infinitespire:SevenWalls","infinitespire:Oblivion"],"picked":"infinitespire:Gouge","floor":41}],"player_experience":885125,"relics_obtained":[{"floor":6,"key":"Juzu Bracelet"},{"floor":8,"key":"Letter Opener"},{"floor":9,"key":"Bottled Lightning"},{"floor":10,"key":"Matryoshka"},{"floor":14,"key":"CaptainsWheel"},{"floor":23,"key":"infinitespire:Midas Blood"},{"floor":25,"key":"Sundial"},{"floor":26,"key":"Centennial Puzzle"},{"floor":40,"key":"Bag of Preparation"},{"floor":43,"key":"infinitespire:PuzzleCube"},{"floor":43,"key":"Tiny Chest"}],"event_choices":[{"damage_healed":0,"gold_gain":0,"player_choice":"Cursed","damage_taken":0,"max_hp_gain":0,"max_hp_loss":0,"event_name":"Wheel of Change","floor":3,"gold_loss":0,"cards_obtained":["Decay"]},{"cards_removed":["Decay"],"damage_healed":0,"gold_gain":0,"player_choice":"Card Removal","damage_taken":0,"max_hp_gain":0,"max_hp_loss":0,"event_name":"The Cleric","floor":5,"gold_loss":50},{"damage_healed":0,"gold_gain":0,"player_choice":"Relic ","damage_taken":18,"max_hp_gain":0,"max_hp_loss":0,"event_name":"betterThird:BetterScrap","floor":13,"gold_loss":0,"cards_obtained":["Study"]},{"cards_removed":["chefmod:GroceryDelivery"],"damage_healed":0,"gold_gain":0,"player_choice":"Take \u0026 Give","damage_taken":0,"max_hp_gain":0,"max_hp_loss":0,"event_name":"betterNote:BetterNote","floor":20,"gold_loss":0,"cards_obtained":["infinitespire:UltimateForm"]},{"damage_healed":0,"gold_gain":0,"player_choice":"Ignored","damage_taken":0,"max_hp_gain":0,"max_hp_loss":0,"event_name":"Ghosts","floor":21,"gold_loss":0},{"damage_healed":0,"gold_gain":0,"player_choice":"2","damage_taken":0,"max_hp_gain":0,"max_hp_loss":0,"event_name":"betterMatch:BetterMatch","floor":22,"gold_loss":0,"cards_obtained":["betterMatch:UncommonCard"]},{"damage_healed":0,"gold_gain":0,"cards_transformed":["chefmod:Strike","chefmod:Defend"],"player_choice":"Became Test Subject","damage_taken":0,"max_hp_gain":0,"max_hp_loss":0,"event_name":"Drug Dealer","floor":24,"gold_loss":0,"cards_obtained":["chefmod:Puree","chefmod:MonsterBait"]},{"damage_healed":0,"gold_gain":0,"player_choice":"Trade","damage_taken":0,"relics_obtained":["CultistMask"],"max_hp_gain":0,"max_hp_loss":0,"event_name":"FaceTrader","floor":31,"gold_loss":0},{"damage_healed":0,"gold_gain":0,"player_choice":"Paid","damage_taken":0,"relics_obtained":["Red Mask"],"max_hp_gain":0,"max_hp_loss":0,"event_name":"Tomb of Lord Red Mask","floor":37,"gold_loss":86},{"damage_healed":0,"gold_gain":0,"player_choice":"Random: Blue","damage_taken":0,"max_hp_gain":0,"max_hp_loss":0,"event_name":"betterThird:BetterPortal","floor":39,"gold_loss":0},{"damage_healed":0,"gold_gain":3,"player_choice":"4","damage_taken":0,"max_hp_gain":0,"max_hp_loss":0,"event_name":"betterStone:BetterStone","floor":39,"gold_loss":0,"cards_obtained":["chefmod:GroceryDelivery"]},{"damage_healed":0,"gold_gain":3,"player_choice":"1","damage_taken":0,"max_hp_gain":0,"max_hp_loss":0,"event_name":"betterStone:BetterStone","floor":42,"gold_loss":0}],"is_beta":false,"boss_relics":[{"not_picked":["Velvet Choker","sagemod:Falmels_Amulet"],"picked":"Busted Crown"},{"not_picked":["chefmod:PepperMill","Sozu"],"picked":"Pandora\u0027s Box"}],"items_purged_floors":[0],"is_endless":true,"potions_floor_spawned":[1,2,16,19,38],"killed_by":"Nightmare","ascension_level":1}}