{"host":"089k52je1m7056j5","time":1607777748,"event":{"mods":["AchievementEnabler","BaseMod","Block Reminder","Minty Spire (QoL Compilation)","Quick Restart","Relic Stats"],"gold_per_floor":[118,72,89,89,38,73,73,100,179,179,191,202,202,202,202,275,275,285,285,285,203,222,222,222,242,242,242,262,262,272,272,272,272,272],"floor_reached":33,"playtime":570,"items_purged":[],"score":417,"play_id":"8840769e-7bbd-4a41-8403-51a9c1cbc46e","local_time":"20201212135548","is_ascension_mode":true,"campfire_choices":[{"floor":10.0,"key":"REST"},{"floor":13.0,"key":"REST"},{"floor":15.0,"key":"REST"},{"floor":23.0,"key":"REST"},{"floor":27,"key":"REST"},{"floor":29,"key":"REST"},{"floor":32,"key":"REST"}],"circlet_count":0,"master_deck":["AscendersBane","Strike_R","Strike_R","Strike_R","Strike_R","Defend_R","Defend_R","Defend_R","Defend_R","Bash","Flex","Heavy Blade","Fire Breathing","Heavy Blade","Armaments","Inflame","RitualDagger","Shame","Inflame"],"relics":["Velvet Choker","Red Skull","Self Forming Clay","Paper Frog","Pen Nib","Cursed Key","Toxic Egg 2"],"acts_visited":["Exordium","TheCity"],"potions_floor_usage":[25,33],"damage_taken":[{"damage":7.0,"enemies":"Jaw Worm","floor":1.0,"turns":3.0},{"damage":0.0,"enemies":"2 Louse","floor":3.0,"turns":3.0},{"damage":28.0,"enemies":"Gremlin Nob","floor":6.0,"turns":4.0},{"damage":20.0,"enemies":"Lagavulin","floor":8.0,"turns":3.0},{"damage":1.0,"enemies":"Cultist","floor":11.0,"turns":3.0},{"damage":3.0,"enemies":"Blue Slaver","floor":12.0,"turns":2.0},{"damage":27.0,"enemies":"Slime Boss","floor":16.0,"turns":6.0},{"damage":0.0,"enemies":"Spheric Guardian","floor":18.0,"turns":3.0},{"damage":26.0,"enemies":"3 Byrds","floor":22.0,"turns":6.0},{"damage":6,"enemies":"Shelled Parasite and Fungi","floor":25,"turns":2},{"damage":24,"enemies":"Centurion and Healer","floor":28,"turns":4},{"damage":0,"enemies":"Snecko","floor":30,"turns":2},{"damage":93,"enemies":"Champ","floor":33,"turns":7}],"seed_played":"-4982995591621778914","potions_obtained":[{"floor":6.0,"key":"BlessingOfTheForge"},{"floor":8.0,"key":"DuplicationPotion"},{"floor":11.0,"key":"Strength Potion"},{"floor":16.0,"key":"DistilledChaos"},{"floor":18.0,"key":"BlessingOfTheForge"},{"floor":28,"key":"LiquidMemories"}],"is_trial":false,"path_per_floor":["M","$","M","?","$","E","?","E","T","R","M","M","R","?","R","B",null,"M","?","?","$","M","R","?","M","T","R","M","R","M","?","R","B"],"character_chosen":"IRONCLAD","items_purchased":["Flex","Heavy Blade","Inflame"],"campfire_rested":7,"item_purchase_floors":[2,5,21],"current_hp_per_floor":[65,65,65,65,65,37,37,17,17,41,40,37,61,43,67,40,70,70,54,54,54,28,52,46,40,40,64,40,64,64,64,80,0,0],"gold":272,"neow_bonus":"BOSS_RELIC","is_daily":false,"chose_seed":false,"campfire_upgraded":0,"win_rate":0.0,"timestamp":1607777748,"path_taken":["M","$","M","?","$","E","?","E","T","R","M","?","R","?","R","BOSS","M","?","?","$","M","R","?","M","T","R","M","R","?","?","R","BOSS"],"items_purchased_type":["Card","Card","Card"],"build_version":"2020-11-30","purchased_purges":0,"victory":false,"max_hp_per_floor":[80,80,80,80,80,80,80,80,80,80,80,80,80,80,80,80,80,80,80,80,80,80,80,80,80,80,80,80,80,80,80,80,80,80],"relic_stats":{"counters":[13,48],"Self Forming Clay":[63],"Pen Nib":[6],"Cursed Key":1,"obtain_stats":[{"Self Forming Clay":8,"Velvet Choker":0,"Pen Nib":14,"Toxic Egg 2":26,"Cursed Key":17,"Burning Blood":0,"Red Skull":6,"Paper Frog":9},{"Self Forming Clay":4,"Velvet Choker":0,"Pen Nib":6,"Toxic Egg 2":10,"Cursed Key":7,"Burning Blood":0,"Red Skull":3,"Paper Frog":4},{"Self Forming Clay":13,"Velvet Choker":0,"Pen Nib":18,"Toxic Egg 2":35,"Cursed Key":24,"Burning Blood":0,"Red Skull":10,"Paper Frog":13}]},"card_choices":[{"not_picked":["Armaments","Second Wind","Clash"],"picked":"SKIP","floor":1.0},{"not_picked":["Clothesline","Iron Wave","Rupture"],"picked":"SKIP","floor":3.0},{"not_picked":["Fire Breathing","Clothesline","Headbutt"],"picked":"SKIP","floor":6.0},{"not_picked":["Clothesline","Headbutt"],"picked":"Fire Breathing","floor":6.0},{"not_picked":["Reaper","Sever Soul"],"picked":"Heavy Blade","floor":8.0},{"not_picked":["Clothesline","Sentinel"],"picked":"Armaments","floor":11.0},{"not_picked":["Feel No Pain","Searing Blow","Armaments"],"picked":"SKIP","floor":12.0},{"not_picked":["True Grit","Rampage","Cleave"],"picked":"SKIP","floor":18.0},{"not_picked":["Pommel Strike","Heavy Blade","Fire Breathing"],"picked":"SKIP","floor":22.0},{"not_picked":["Body Slam","True Grit","Uppercut"],"picked":"SKIP","floor":25},{"not_picked":["Twin Strike+1","Entrench+1","Dropkick"],"picked":"SKIP","floor":28},{"not_picked":["Cleave","Body Slam","Burning Pact+1"],"picked":"SKIP","floor":30}],"player_experience":223433,"relics_obtained":[{"floor":6.0,"key":"Red Skull"},{"floor":8.0,"key":"Self Forming Clay"},{"floor":9.0,"key":"Paper Frog"},{"floor":26,"key":"Toxic Egg 2"}],"event_choices":[{"damage_healed":0.0,"max_hp_gain":0.0,"max_hp_loss":0.0,"gold_gain":0.0,"event_name":"The Cleric","player_choice":"Leave","floor":4.0,"gold_loss":0.0,"damage_taken":0.0},{"cards_removed":["Strike_R"],"damage_healed":0.0,"max_hp_gain":0.0,"max_hp_loss":0.0,"gold_gain":0.0,"event_name":"Purifier","player_choice":"Purged","floor":7.0,"gold_loss":0.0,"damage_taken":0.0},{"damage_healed":0.0,"max_hp_gain":0.0,"max_hp_loss":0.0,"gold_gain":0.0,"event_name":"Scrap Ooze","player_choice":"Success","floor":14.0,"gold_loss":0.0,"damage_taken":18.0,"relics_obtained":["Pen Nib"]},{"damage_healed":0.0,"max_hp_gain":0.0,"max_hp_loss":0.0,"gold_gain":0.0,"event_name":"Cursed Tome","player_choice":"Obtained Book","floor":19.0,"gold_loss":0.0,"damage_taken":16.0},{"damage_healed":0.0,"max_hp_gain":0.0,"max_hp_loss":0.0,"gold_gain":0.0,"event_name":"Beggar","player_choice":"Ignored","floor":20.0,"gold_loss":0.0,"damage_taken":0.0},{"damage_healed":0.0,"max_hp_gain":0.0,"max_hp_loss":0.0,"gold_gain":0.0,"event_name":"Nest","player_choice":"Joined the Cult","floor":24.0,"gold_loss":0.0,"damage_taken":6.0,"cards_obtained":["RitualDagger"]},{"damage_healed":0,"gold_gain":0,"player_choice":"Copied","damage_taken":0,"max_hp_gain":0,"max_hp_loss":0,"event_name":"Duplicator","floor":31,"gold_loss":0,"cards_obtained":["Inflame"]}],"is_beta":false,"boss_relics":[{"not_picked":["Snecko Eye","Busted Crown"],"picked":"Cursed Key"}],"items_purged_floors":[],"is_endless":false,"potions_floor_spawned":[6,8,11,16,18,28],"killed_by":"Champ","ascension_level":13}}