{"host":"0noypz73zo70wzdx","time":1607779262,"event":{"mods":["BaseMod","Lobotomy","Minty Spire (QoL Compilation)","Replay The Spire","StSLib","The Jungle"],"gold_per_floor":[118,138,138,12,28,28,28,28,100,125,158,158,158,168,168,267,267,286,286,170,137,150,150,179,179,179,179,179,179,212,212,221,321,321,350,76,85,96,115,115,124,124,159,159,159,218,227,240,240,378,378,402,415,431,214,12,12,21,21,30,30,30,30,62,83,83,241,241,254,254,134,157,182,191,205,65,135,135,135,135,135,158,158,323,323,345,373,93,147,147,147,165,165,210,210,308,308,128,68,68,214,214,244,244,244,328,328,328,328,328,372,56,56,70,70,70],"floor_reached":115,"playtime":3875,"items_purged":["Pain","TrainingCode","RecordCode","SpecialBullet","SpecialBullet","CentralCode","DisciplinaryCode"],"score":2675,"play_id":"fa58a345-7404-4052-becb-ff419bc57b0a","local_time":"20201212222102","daily_mods":["Vintage","Heirloom","Time Dilation","Flight"],"is_ascension_mode":false,"campfire_choices":[{"floor":80,"key":"DIG"},{"floor":92,"key":"DIG"},{"floor":93,"key":"DIG"},{"floor":95,"key":"DIG"},{"floor":100,"key":"DIG"},{"floor":108,"key":"DIG"},{"floor":109,"key":"DIG"},{"floor":110,"key":"DIG"}],"circlet_count":1,"master_deck":["WhiteNight","SpecialBullet","SpecialBullet","SpecialBullet","SecurityCode","InformationCode","ControlCode","Lamp+33","HereticApostle","Twilight+1","GreenStem+1","OSAHOGD","FieryBird","WelfareCode","ExtractionCode","Twilight+1","Twilight+1","Twilight+1","GoldRush+1","TT2Protocol","Pot Of Greed+1","Pot Of Greed+1","Pot Of Greed+1","Moonlight+1"],"relics":["CogitoBucket","TungstenRod","Gremlin Food","The Courier","WarpedTongs","Replay:Bottled Flurry","Eternal Feather","Strawberry","Bag of Preparation","Mercury Hourglass","Philosopher\u0027s Stone","Incense Burner","theJungle:BirthdayCakeSlice","Lantern","CeramicFish","Bottled Lightning","Blue Candle","Anchor","Cursed Key","Letter Opener","Bottled Tornado","Molten Egg 2","Vajra","ReplayFunnel","Bag of Marbles","Ring of Greed","Blue Doll","Golden Idol","Ring of Fangs","PreservedInsect","Fusion Hammer","SkinProphecy","AtMidnight","Replay:Rubber Ducky","Quantum Egg","Pen Nib","ReplayTheSpireMod:TigerMarble","Bottled Flame","Singing Bowl","Replay:Bottled Eggs","Regal Pillow","Ring of Chaos","Replay:Mystery Machine","Golden Egg","Question Card","Prayer Wheel","HonorFeather","Shovel","Tiny Chest","Replay:Bandana","Empty Cage","Juzu Bracelet","Pet Ghost","ClockworkSouvenir","Divine Protection","Grinning Jar","Replay:Baseball","Potion Belt","Lizard Tail","Dream Catcher","ChangeAnything","Busted Crown","Chameleon Ring","Circlet","Centennial Puzzle","Onion Ring","Replay:Wax Seal","Oddly Smooth Stone","Garlic","Replay:Bottled Steam","DeathAngel"],"acts_visited":["Exordium","Exordium","TheBeyond","Exordium","Exordium","TheBeyond","Exordium"],"potions_floor_usage":[67],"damage_taken":[{"damage":0,"enemies":"Cultist","floor":1,"turns":2},{"damage":0,"enemies":"Small Slimes","floor":2,"turns":2},{"damage":10,"enemies":"Jaw Worm","floor":5,"turns":2},{"damage":15,"enemies":"Replay:BlueRogue","floor":10,"turns":3},{"damage":0,"enemies":"Gremlin Nob","floor":11,"turns":2},{"damage":9,"enemies":"Looter","floor":14,"turns":3},{"damage":53,"enemies":"The Guardian","floor":16,"turns":7},{"damage":10,"enemies":"theJungle:Flameango_and_Byrd","floor":18,"turns":3},{"damage":12,"enemies":"Shell Parasite","floor":22,"turns":2},{"damage":0,"enemies":"theJungle:Lyon","floor":24,"turns":2},{"damage":0,"enemies":"theJungle:Cassacara","floor":30,"turns":1},{"damage":13,"enemies":"theJungle:FunGuy","floor":33,"turns":7},{"damage":0,"enemies":"Orb Walker","floor":35,"turns":4},{"damage":0,"enemies":"3 Shapes","floor":38,"turns":3},{"damage":14,"enemies":"Sphere and 2 Shapes","floor":39,"turns":3},{"damage":0,"enemies":"Writhing Mass","floor":48,"turns":3},{"damage":18,"enemies":"Awakened One","floor":50,"turns":13},{"damage":0,"enemies":"Jaw Worm","floor":52,"turns":5},{"damage":0,"enemies":"Cultist","floor":53,"turns":1},{"damage":0,"enemies":"Small Slimes","floor":54,"turns":2},{"damage":0,"enemies":"Exordium Wildlife","floor":64,"turns":1},{"damage":0,"enemies":"2 Fungi Beasts","floor":65,"turns":1},{"damage":0,"enemies":"Fading Forest","floor":67,"turns":11},{"damage":0,"enemies":"theJungle:MUSHROOMGANG","floor":69,"turns":3},{"damage":0,"enemies":"theJungle:GiantWrat","floor":72,"turns":1},{"damage":32,"enemies":"theJungle:JungleHuntersEncounter","floor":73,"turns":4},{"damage":0,"enemies":"theJungle:2_Snecko_Cultists","floor":75,"turns":4},{"damage":0,"enemies":"theJungle:MamaSnecko","floor":77,"turns":5},{"damage":7,"enemies":"theJungle:2_Flameangoes","floor":82,"turns":2},{"damage":0,"enemies":"theJungle:TotemBoss","floor":84,"turns":3},{"damage":0,"enemies":"Orb Walker","floor":86,"turns":1},{"damage":0,"enemies":"3 Shapes","floor":87,"turns":1},{"damage":0,"enemies":"Sphere and 2 Shapes","floor":89,"turns":2},{"damage":0,"enemies":"Giant Head","floor":94,"turns":1},{"damage":0,"enemies":"Mind Bloom Boss Battle","floor":96,"turns":1},{"damage":0,"enemies":"Awakened One","floor":101,"turns":2},{"damage":0,"enemies":"2 Louse","floor":103,"turns":2},{"damage":0,"enemies":"Lagavulin","floor":111,"turns":1},{"damage":0,"enemies":"Small Slimes","floor":114,"turns":4}],"seed_played":"-3911742512548353334","potions_obtained":[{"floor":16,"key":"Swift Potion"},{"floor":33,"key":"SmokeBomb"},{"floor":50,"key":"Energy Potion"},{"floor":94,"key":"ColorlessPotion"},{"floor":111,"key":"DuplicationPotion"}],"is_trial":true,"path_per_floor":["M","M","?","$","M","R","R","R","T","E","E","$","R","M","R","B",null,"M","?","$","$","M","R","M","R","T","R","?","R","E","?","R","B",null,"M","$","T","M","M","R","R","R","T","R","R","?","R","M","R","B",null,"M","M","M","$","$","R","R","R","T","R","$","R","M","M","R","B",null,"M","?","$","M","M","R","M","$","E","R","?","R","R","M","R","B",null,"M","M","$","M","?","R","R","R","E","R","?","?","$","?","R","B",null,"M","?","?","?","?","R","R","R","E","$","?","M","?"],"character_chosen":"Angela","items_purchased":["Lamp","Lantern","GreenStem","Bottled Tornado","ReplayTheSpireMod:TigerMarble","Bottled Flame","ClockworkSouvenir","Oddly Smooth Stone","Garlic"],"campfire_rested":0,"item_purchase_floors":[4,20,21,36,55,56,88,112,112],"current_hp_per_floor":[70,70,70,70,68,68,68,68,68,72,85,85,85,89,89,60,89,89,94,94,94,94,94,94,94,94,94,94,94,94,94,94,94,94,98,98,98,98,102,102,102,102,102,102,102,102,102,102,102,102,102,102,104,106,106,106,106,106,106,106,106,106,106,108,110,110,112,112,116,116,116,118,117,122,126,126,108,108,15,108,108,110,110,116,116,115,119,119,121,121,121,121,121,125,125,129,129,129,129,129,137,137,141,141,114,104,70,141,141,141,147,147,145,149,149,149],"gold":70,"neow_bonus":"","is_daily":false,"chose_seed":false,"campfire_upgraded":0,"win_rate":0.0,"timestamp":1607779262,"path_taken":["M","?","?","?","M","R","R","R","T","E","E","?","R","M","R","BOSS","M","?","$","$","M","R","M","R","T","R","?","R","E","?","R","BOSS","M","$","?","M","M","R","R","R","T","R","R","?","R","M","R","BOSS","M","?","M","$","$","R","R","R","T","R","?","R","M","M","R","BOSS","M","?","$","?","M","R","M","$","E","R","?","R","R","M","R","BOSS","M","M","$","M","?","R","R","R","E","R","?","?","$","?","R","BOSS","M","?","?","?","?","R","R","R","E","$","?","M","?"],"items_purchased_type":["Card","Card","Card","Relic","Relic","Relic","Relic","Relic","Relic"],"build_version":"2020-11-30","purchased_purges":7,"victory":false,"max_hp_per_floor":[70,70,70,70,70,70,70,70,70,81,85,85,85,89,89,89,89,89,94,94,94,94,94,94,94,94,94,94,94,94,94,94,94,94,98,98,98,98,102,102,102,102,102,102,102,102,102,102,102,102,102,102,104,106,106,106,106,106,106,106,106,106,106,108,110,110,112,112,116,116,116,118,122,122,126,126,108,108,108,108,108,110,110,116,116,115,119,119,121,121,121,121,121,125,125,129,129,129,129,129,137,137,141,141,141,141,141,141,141,141,149,149,149,159,159,159],"card_choices":[{"not_picked":["QueenOfHatred","SpiderBud"],"picked":"BlackSwan","floor":10},{"not_picked":["Galaxy","Adoration"],"picked":"SKIP","floor":10},{"not_picked":["Wellcheers","Murderer"],"picked":"UniverseFragment","floor":11},{"not_picked":["FeatherOfHonor","CUTE"],"picked":"SKIP","floor":11},{"not_picked":["Variant","MeatLantern"],"picked":"Wellcheers","floor":14},{"not_picked":["DaCapo"],"picked":"Twilight","floor":16},{"not_picked":["GreenStem","DaCapo"],"picked":"SKIP","floor":30},{"not_picked":["LongBird","Alriune"],"picked":"OSAHOGD","floor":35},{"not_picked":["BeautyBeast","GalaxyChild"],"picked":"FieryBird","floor":39},{"not_picked":["LittleHelper","GreedKing","BodiesMountain"],"picked":"Singing Bowl","floor":64},{"not_picked":["GalaxyChild","CENSORED","NothingThere"],"picked":"Singing Bowl","floor":65},{"not_picked":["ParadiseLost+1","TheSmile+1"],"picked":"Twilight+1","floor":67},{"not_picked":["Woodsman","GreedKing","WhiteNight"],"picked":"Singing Bowl","floor":67},{"not_picked":["Pinks+1","CENSORED_ego+1"],"picked":"Twilight+1","floor":67},{"not_picked":["Loneliness+1","WristCuter+1","SwordSharpenedByTears+1"],"picked":"Singing Bowl","floor":69},{"not_picked":["Variant","Funeral","WhiteNight"],"picked":"Singing Bowl","floor":69},{"not_picked":["BlueStar","CENSORED","WhiteNight"],"picked":"Singing Bowl","floor":72},{"not_picked":["ScreamingWedge+1","Loneliness+1","Beak+1"],"picked":"Singing Bowl","floor":73},{"not_picked":["MeltingLove","WhiteNight","NothingThere"],"picked":"Singing Bowl","floor":73},{"not_picked":["Laetitia_ego+1","Horn+1","CUTE+1","Tough+1"],"picked":"Singing Bowl","floor":75},{"not_picked":["WhiteNight","LongBird","GalaxyChild"],"picked":"Singing Bowl","floor":75},{"not_picked":["Regret_ego+1","InTheNameOfLoveAndHate+1","BlackSwan_ego+1"],"picked":"Twilight+1","floor":77},{"not_picked":["MeltingLove","DreamingCurrent","BlackArmy"],"picked":"Singing Bowl","floor":77},{"not_picked":["CUTE+1","BlackSwan_ego+1","Soda+1"],"picked":"GoldRush+1","floor":77},{"not_picked":["DreamingCurrent","Laetitia","WhiteNight"],"picked":"Singing Bowl","floor":82},{"not_picked":["Adoration+1","Justitia+1","CENSORED_ego+1","Pinks+1"],"picked":"Singing Bowl","floor":84},{"not_picked":["Variant","BlueStar","SingingMachine"],"picked":"Singing Bowl","floor":84},{"not_picked":["Mimicry+1","CENSORED_ego+1","TheSmile+1","Pinks+1"],"picked":"Singing Bowl","floor":84},{"not_picked":["DreamingCurrent","BlackArmy","BodiesMountain"],"picked":"Singing Bowl","floor":86},{"not_picked":["Loneliness+1","Noise+1","FrostShard+1","Horn+1"],"picked":"Singing Bowl","floor":87},{"not_picked":["WhiteNight","SilentOrchestra","Mercenary"],"picked":"Singing Bowl","floor":87},{"not_picked":["MeltingLove","BodiesMountain","CENSORED"],"picked":"Singing Bowl","floor":89},{"not_picked":["CENSORED","BodiesMountain","MeltingLove"],"picked":"Singing Bowl","floor":94},{"not_picked":["Noise+1","Soda+1","DaCapo+1","Loneliness+1"],"picked":"Singing Bowl","floor":94},{"not_picked":["CENSORED","BlueStar","MeltingLove"],"picked":"Singing Bowl","floor":96},{"not_picked":["FeatherOfHonor+1","Noise+1","Lamp+1","BloodyDesire+1"],"picked":"Singing Bowl","floor":96},{"not_picked":["Heaven+1","BlueScar+1","Hornet+1"],"picked":"Moonlight+1","floor":96},{"not_picked":["TheSmile+1","Pinks+1","Adoration+1","SoundOfStar+1"],"picked":"Singing Bowl","floor":101},{"not_picked":["BlackArmy","NothingThere","CENSORED"],"picked":"Singing Bowl","floor":101},{"not_picked":["ParadiseLost+1","Adoration+1","TheSmile+1","GoldRush+1"],"picked":"Singing Bowl","floor":101},{"not_picked":["Wingbeat+1","Tough+1"],"picked":"Singing Bowl","floor":103},{"not_picked":["SilentOrchestra","NothingThere","BlueStar"],"picked":"Singing Bowl","floor":103},{"not_picked":["SilentOrchestra","BlueStar","BodiesMountain"],"picked":"Singing Bowl","floor":111},{"not_picked":["BlackArmy","MeltingLove"],"picked":"WhiteNight","floor":111},{"not_picked":["InTheNameOfLoveAndHate+1","Lantern+1"],"picked":"Singing Bowl","floor":111},{"not_picked":["Soda+1","Regret_ego+1"],"picked":"Singing Bowl","floor":114},{"not_picked":["MeltingLove","NothingThere","BodiesMountain"],"picked":"Singing Bowl","floor":114},{"not_picked":["SomewhereSpear+1","Penitence+1"],"picked":"Singing Bowl","floor":114},{"not_picked":["SwordSharpenedByTears+1","Mimicry+1"],"picked":"Singing Bowl","floor":114}],"player_experience":205750,"relics_obtained":[{"floor":1,"key":"Gremlin Food"},{"floor":2,"key":"The Courier"},{"floor":5,"key":"Replay:Bottled Flurry"},{"floor":9,"key":"Eternal Feather"},{"floor":10,"key":"Strawberry"},{"floor":11,"key":"Bag of Preparation"},{"floor":14,"key":"Mercury Hourglass"},{"floor":18,"key":"Incense Burner"},{"floor":22,"key":"CeramicFish"},{"floor":24,"key":"Bottled Lightning"},{"floor":26,"key":"Blue Candle"},{"floor":30,"key":"Anchor"},{"floor":35,"key":"Letter Opener"},{"floor":37,"key":"Molten Egg 2"},{"floor":38,"key":"Vajra"},{"floor":39,"key":"ReplayFunnel"},{"floor":43,"key":"Bag of Marbles"},{"floor":46,"key":"Ring of Greed"},{"floor":46,"key":"Blue Doll"},{"floor":46,"key":"Golden Idol"},{"floor":46,"key":"Ring of Fangs"},{"floor":48,"key":"PreservedInsect"},{"floor":52,"key":"AtMidnight"},{"floor":52,"key":"Replay:Rubber Ducky"},{"floor":53,"key":"Quantum Egg"},{"floor":54,"key":"Pen Nib"},{"floor":60,"key":"Singing Bowl"},{"floor":64,"key":"Replay:Bottled Eggs"},{"floor":65,"key":"Regal Pillow"},{"floor":69,"key":"Replay:Mystery Machine"},{"floor":72,"key":"Golden Egg"},{"floor":73,"key":"Question Card"},{"floor":75,"key":"Prayer Wheel"},{"floor":80,"key":"Tiny Chest"},{"floor":82,"key":"Replay:Bandana"},{"floor":86,"key":"Juzu Bracelet"},{"floor":87,"key":"Pet Ghost"},{"floor":89,"key":"Divine Protection"},{"floor":92,"key":"Grinning Jar"},{"floor":93,"key":"Replay:Baseball"},{"floor":95,"key":"Potion Belt"},{"floor":96,"key":"Lizard Tail"},{"floor":100,"key":"Dream Catcher"},{"floor":103,"key":"Chameleon Ring"},{"floor":108,"key":"Centennial Puzzle"},{"floor":109,"key":"Onion Ring"},{"floor":110,"key":"Replay:Wax Seal"},{"floor":114,"key":"DeathAngel"}],"event_choices":[{"damage_healed":0,"gold_gain":0,"player_choice":"Rummage","damage_taken":0,"relics_obtained":["WarpedTongs"],"max_hp_gain":0,"max_hp_loss":0,"event_name":"Accursed Blacksmith","floor":3,"gold_loss":0,"cards_obtained":["Pain"]},{"damage_healed":0,"gold_gain":0,"player_choice":"Ignored","damage_taken":0,"max_hp_gain":0,"max_hp_loss":0,"event_name":"WeMeetAgain","floor":31,"gold_loss":0},{"damage_healed":0,"gold_gain":0,"player_choice":"Upgraded","damage_taken":0,"max_hp_gain":0,"max_hp_loss":0,"event_name":"Upgrade Shrine","floor":70,"gold_loss":0,"cards_upgraded":["Lamp"]},{"cards_removed":["SpecialBullet"],"damage_healed":0,"gold_gain":0,"player_choice":"Removed Attack","damage_taken":0,"max_hp_gain":0,"max_hp_loss":0,"event_name":"Falling","floor":90,"gold_loss":0},{"damage_healed":0,"gold_gain":0,"player_choice":"Fight","damage_taken":0,"max_hp_gain":0,"max_hp_loss":0,"event_name":"MindBloom","floor":96,"gold_loss":0},{"damage_healed":0,"gold_gain":0,"player_choice":"Bought 0 Potions","damage_taken":0,"max_hp_gain":0,"max_hp_loss":0,"event_name":"The Woman in Blue","floor":97,"gold_loss":0},{"cards_removed":["SpecialBullet"],"damage_healed":0,"gold_gain":0,"player_choice":"Single Remove","damage_taken":0,"max_hp_gain":0,"max_hp_loss":0,"event_name":"Designer","floor":99,"gold_loss":60},{"damage_healed":0,"gold_gain":0,"player_choice":"Entered Light","damage_taken":28,"max_hp_gain":0,"max_hp_loss":0,"event_name":"Shining Light","floor":105,"gold_loss":0,"cards_upgraded":["Lamp"]},{"damage_healed":0,"gold_gain":75,"player_choice":"Gather Gold","damage_taken":11,"max_hp_gain":0,"max_hp_loss":0,"event_name":"World of Goop","floor":106,"gold_loss":0},{"damage_healed":0,"gold_gain":0,"player_choice":"Take Damage","damage_taken":35,"relics_obtained":["Circlet"],"max_hp_gain":0,"max_hp_loss":0,"event_name":"Golden Idol","floor":107,"gold_loss":0},{"damage_healed":0,"gold_gain":0,"player_choice":"Success","damage_taken":3,"relics_obtained":["Replay:Bottled Steam"],"max_hp_gain":0,"max_hp_loss":0,"event_name":"Scrap Ooze","floor":113,"gold_loss":0}],"is_beta":false,"boss_relics":[{"not_picked":["Tiny House","Abe\u0027s Treasure"],"picked":"Philosopher\u0027s Stone"},{"not_picked":["Snecko Eye","ReplayTheSpireMod:DimensionalGlitch"],"picked":"Cursed Key"},{"not_picked":["Snecko Heart","Calling Bell"],"picked":"Fusion Hammer"},{"not_picked":["Runic Dome","ChewingGum"],"picked":"Ring of Chaos"},{"not_picked":["Tiny House","Replay:Drink Me"],"picked":"Empty Cage"},{"not_picked":["Astrolabe","Snecko Eye"],"picked":"Busted Crown"}],"items_purged_floors":[4,36,55,71,76,88,98],"is_endless":true,"potions_floor_spawned":[16,33,50,94,111],"ascension_level":0}}