{"host":"0vd2boh2oi7jm085","time":1607775860,"event":{"mods":["BaseMod","Colored Map","Colored Powertips","Highlight Path","Minty Spire (QoL Compilation)","Quick Restart","StSLib","The IronCluck"],"gold_per_floor":[112,112,112,262,276,276,316,340,367,393,406,406,483,514,514,609,609,624,638,638,348,373,414,414,414],"floor_reached":24,"playtime":510,"items_purged":["Doubt"],"score":439,"play_id":"c25b42aa-57b7-40ea-9fd5-85073da9e957","local_time":"20201212042420","is_ascension_mode":true,"campfire_choices":[{"data":"Flex","floor":6.0,"key":"SMITH"},{"floor":12.0,"key":"REST"},{"floor":15.0,"key":"REST"}],"circlet_count":0,"master_deck":["AscendersBane","Defend_R","Defend_R","Defend_R","Defend_R","Bash","Bludgeon+1","Flex+1","Heavy Blade","Spot Weakness","Inflame","Demon Form","Carnage","Bite","Bite","Bite","Bite","Bite","Anger"],"relics":["Burning Blood","Golden Idol","Lantern","Oddly Smooth Stone","Strawberry","Ancient Tea Set","Busted Crown","Bag of Marbles","PreservedInsect"],"acts_visited":["Exordium","TheCity"],"potions_floor_usage":[23,23],"damage_taken":[{"damage":3.0,"enemies":"2 Louse","floor":1.0,"turns":3.0},{"damage":7.0,"enemies":"Small Slimes","floor":5.0,"turns":3.0},{"damage":25.0,"enemies":"3 Sentries","floor":7.0,"turns":6.0},{"damage":7.0,"enemies":"Jaw Worm","floor":8.0,"turns":2.0},{"damage":47.0,"enemies":"Exordium Thugs","floor":11.0,"turns":6.0},{"damage":20.0,"enemies":"Lagavulin","floor":14.0,"turns":3.0},{"damage":16.0,"enemies":"Slime Boss","floor":16.0,"turns":7.0},{"damage":25.0,"enemies":"Shell Parasite","floor":18.0,"turns":4.0},{"damage":12.0,"enemies":"Chosen","floor":19.0,"turns":4.0},{"damage":24.0,"enemies":"Centurion and Healer","floor":22.0,"turns":4.0},{"damage":19,"enemies":"Slavers","floor":23,"turns":4},{"damage":40,"enemies":"Masked Bandits","floor":24,"turns":3}],"seed_played":"7529875053605083350","potions_obtained":[{"floor":8.0,"key":"Energy Potion"},{"floor":11.0,"key":"Fire Potion"},{"floor":14.0,"key":"Strength Potion"},{"floor":16.0,"key":"Dexterity Potion"},{"floor":19.0,"key":"ColorlessPotion"},{"floor":23,"key":"LiquidMemories"}],"is_trial":false,"path_per_floor":["M","?","?","?","M","R","E","M","T","T","M","R","?","E","R","B",null,"M","M","?","$","M","E","?"],"character_chosen":"IRONCLAD","items_purchased":["Bag of Marbles","Anger"],"campfire_rested":2,"item_purchase_floors":[21,21],"current_hp_per_floor":[71,68,68,68,67,67,48,47,47,54,13,35,35,21,43,33,65,46,40,40,40,28,21,0,0],"gold":414,"neow_bonus":"ONE_RANDOM_RARE_CARD","is_daily":false,"chose_seed":false,"campfire_upgraded":1,"win_rate":0.0,"timestamp":1607775860,"path_taken":["M","?","?","?","?","R","E","M","T","?","M","R","?","E","R","BOSS","M","M","?","$","M","E","?"],"items_purchased_type":["Relic","Card"],"build_version":"2020-11-30","purchased_purges":1,"victory":false,"max_hp_per_floor":[75,68,68,68,68,68,68,68,68,75,75,75,75,75,75,75,75,75,75,52,52,52,52,52,52],"card_choices":[{"not_picked":["Heavy Blade","Reckless Charge"],"picked":"Flex","floor":1.0},{"not_picked":["Heavy Blade","Body Slam","Metallicize"],"picked":"SKIP","floor":5.0},{"not_picked":["Body Slam","Metallicize"],"picked":"Heavy Blade","floor":5.0},{"not_picked":["Fire Breathing","Hemokinesis"],"picked":"Spot Weakness","floor":7.0},{"not_picked":["Shockwave","Dark Embrace","Clash"],"picked":"SKIP","floor":8.0},{"not_picked":["Flame Barrier","Cleave"],"picked":"Inflame","floor":11.0},{"not_picked":["Thunderclap","Headbutt","Flex"],"picked":"SKIP","floor":14.0},{"not_picked":["Berserk","Reaper"],"picked":"Demon Form","floor":16.0},{"not_picked":["Inflame"],"picked":"SKIP","floor":18.0},{"not_picked":[],"picked":"Carnage","floor":19.0},{"not_picked":["Heavy Blade"],"picked":"SKIP","floor":22.0},{"not_picked":["Clash"],"picked":"SKIP","floor":23}],"player_experience":78942,"relics_obtained":[{"floor":7.0,"key":"Lantern"},{"floor":9.0,"key":"Oddly Smooth Stone"},{"floor":10.0,"key":"Strawberry"},{"floor":14.0,"key":"Ancient Tea Set"},{"floor":23,"key":"PreservedInsect"}],"event_choices":[{"damage_healed":0.0,"max_hp_gain":0.0,"max_hp_loss":7.0,"gold_gain":0.0,"event_name":"Golden Idol","player_choice":"Lose Max HP","floor":2.0,"gold_loss":0.0,"damage_taken":0.0,"relics_obtained":["Golden Idol"]},{"damage_healed":0.0,"max_hp_gain":0.0,"max_hp_loss":0.0,"gold_gain":0.0,"event_name":"Living Wall","player_choice":"Grow","floor":3.0,"gold_loss":0.0,"damage_taken":0.0,"cards_upgraded":["Bludgeon"]},{"damage_healed":0.0,"max_hp_gain":0.0,"max_hp_loss":0.0,"gold_gain":150.0,"event_name":"Liars Game","player_choice":"AGREE","floor":4.0,"gold_loss":0.0,"damage_taken":0.0,"cards_obtained":["Doubt"]},{"damage_healed":0.0,"max_hp_gain":0.0,"max_hp_loss":0.0,"gold_gain":77.0,"event_name":"Golden Wing","player_choice":"Gained Gold","floor":13.0,"gold_loss":0.0,"damage_taken":0.0},{"damage_healed":0.0,"max_hp_gain":0.0,"max_hp_loss":23.0,"gold_gain":0.0,"event_name":"Vampires","player_choice":"Became a vampire","floor":20.0,"gold_loss":0.0,"damage_taken":0.0,"cards_obtained":["Bite","Bite","Bite","Bite","Bite"]},{"damage_healed":0,"gold_gain":0,"player_choice":"Fought Bandits","damage_taken":0,"max_hp_gain":0,"max_hp_loss":0,"event_name":"Masked Bandits","floor":24,"gold_loss":0}],"is_beta":false,"boss_relics":[{"not_picked":["Black Star","SlaversCollar"],"picked":"Busted Crown"}],"items_purged_floors":[21],"is_endless":false,"potions_floor_spawned":[8,11,14,16,19,23],"killed_by":"Masked Bandits","ascension_level":17}}