{"host":"8xp52u5o8fcssvzz","time":1607804312,"event":{"mods":["2.2 Compatiblity","AchievementEnabler","Act Like it!","Aspiration","BaseMod","Better Altar","Better Match","Better Note","Better Sensory Stone","Better Skull","Better Third Choice","BetterRewards","Colored Map","Conspire","Downfall","GifTheSpireLib","Googly Eyes","Halation","Hallownest","Highlight Path","Hubris","Infinite Spire","Jorbs\u0027s Wanderer Trilogy","Marisa????????","Mimic Mod","Minty Spire (QoL Compilation)","Replay The Spire","Spicy Shops","StSLib","Stuff the Spire","The Blackbeard","The Gatherer","The Necromancer","The Runesmith","The Servant 0.9.4","Unceasing Turn Reminder","everything is the same but u backflip on backflip"],"gold_per_floor":[417,417,417,115,127,156,156,166,238,67,87,103,136,149,149,246,246,256,270,25,25,41,75,75,75,99,99,99,99],"floor_reached":28,"playtime":1350,"items_purged":["Pain","Gatherer:Defend_Gatherer","Strike_S"],"score":287,"play_id":"cb0ab34a-ddb2-44fc-9851-665733e55eb9","local_time":"20201212121832","is_ascension_mode":true,"campfire_choices":[{"data":"Deny","floor":7,"key":"SMITH"},{"data":"Potential","floor":15,"key":"SMITH"},{"floor":24,"key":"REST"},{"floor":27,"key":"REST"}],"circlet_count":0,"master_deck":["Strike_S","Strike_S","Strike_S","Defend_S","Defend_S","Defend_S","Defend_S+1","KidneyShot","Exchange","Guardian:Strike_Guardian","BottledTime","Foresight","ShatteredReality","Deny+1","Potential+1","Foresight","BestPractice+1","BottledTime","BottledTime","MurderousAura","Potential","FlawlessForm"],"relics":["Uniform","Old Coin","WarpedTongs","Gremlin Food","ReplayFunnel","Iron Hammer","Orichalcum","SlaversCollar","hubris:MysteriousPyramids","betterThird:NestCultRelic","halation:QuantumPhysicsTextbook","hubris:MobiusCoin","Blood Vial"],"acts_visited":["Exordium","TheCity"],"potions_floor_usage":[13,19,19,22,22],"damage_taken":[{"damage":6,"enemies":"Jaw Worm","floor":1,"turns":4},{"damage":0,"enemies":"Cultist","floor":5,"turns":5},{"damage":11,"enemies":"3 Sentries","floor":6,"turns":6},{"damage":0,"enemies":"2 Louse","floor":8,"turns":2},{"damage":6,"enemies":"Exordium Wildlife","floor":11,"turns":4},{"damage":0,"enemies":"2 Fungi Beasts","floor":12,"turns":2},{"damage":15,"enemies":"Replay:BlueRogue","floor":13,"turns":4},{"damage":0,"enemies":"Blue Slaver","floor":14,"turns":4},{"damage":13,"enemies":"Hexaghost","floor":16,"turns":8},{"damage":22,"enemies":"Shell Parasite","floor":18,"turns":5},{"damage":10,"enemies":"Spheric Guardian","floor":19,"turns":4},{"damage":16,"enemies":"Shelled Parasite and Fungi","floor":22,"turns":4},{"damage":0,"enemies":"conspire:Head Lice","floor":23,"turns":9},{"damage":66,"enemies":"Slavers","floor":28,"turns":3}],"seed_played":"-1878374469774129776","potions_obtained":[{"floor":6,"key":"infinitespire:BlackPotion"},{"floor":13,"key":"BlessingOfTheForge"},{"floor":14,"key":"EssenceOfSteel"},{"floor":16,"key":"Explosive Potion"},{"floor":19,"key":"Slimebound:ThreeZeroPotion"}],"is_trial":false,"path_per_floor":["M","?","?","$","M","E","R","M","T","$","M","M","E","M","R","B",null,"M","M","$","?","M","E","R","T","T","R","E"],"character_chosen":"THE_SERVANT","items_purchased":["Gremlin Food","Foresight","Foresight","hubris:MysteriousPyramids"],"campfire_rested":2,"item_purchase_floors":[4,4,10,20],"current_hp_per_floor":[59,65,65,65,65,54,54,54,54,54,48,48,33,33,33,20,65,43,33,33,33,17,17,36,36,36,55,0,0],"gold":99,"neow_bonus":"ONE_RARE_RELIC","is_daily":false,"chose_seed":false,"campfire_upgraded":2,"win_rate":0.0,"timestamp":1607804312,"path_taken":["M","?","?","$","M","E","R","M","T","$","M","M","E","M","R","BOSS","M","?","$","?","M","E","R","?","T","R","E"],"items_purchased_type":["Relic","Card","Card","Relic"],"build_version":"2020-11-30","purchased_purges":3,"victory":false,"max_hp_per_floor":[65,65,65,65,65,65,65,65,65,65,65,65,65,65,65,65,65,65,65,65,65,65,65,65,65,65,65,65,65],"card_choices":[{"not_picked":["RealityMarble","Rearm"],"picked":"BottledTime","floor":1},{"not_picked":["DoubleEdge","Rewind"],"picked":"ShatteredReality","floor":5},{"not_picked":["Rewind","Spin"],"picked":"Deny","floor":6},{"not_picked":["DoubleEdge","Ricochet"],"picked":"Potential","floor":8},{"not_picked":["Revamp","Replace"],"picked":"BestPractice","floor":11},{"not_picked":["Ricochet","Barrier","Alleviate"],"picked":"SKIP","floor":12},{"not_picked":["Misdirection","KillingDoll"],"picked":"BottledTime","floor":13},{"not_picked":["Potential","Rewind"],"picked":"BottledTime","floor":14},{"not_picked":["Duplication","Embodiment"],"picked":"MurderousAura","floor":16},{"not_picked":["Contraction+1","Replace"],"picked":"Potential","floor":18},{"not_picked":["Comet+1","Sabotage","Gouge+1"],"picked":"SKIP","floor":19},{"not_picked":["Misdirection","GearUp"],"picked":"FlawlessForm","floor":22},{"not_picked":["Ricochet","Sabotage+1","StarChef"],"picked":"SKIP","floor":23}],"player_experience":413527,"relics_obtained":[{"floor":6,"key":"ReplayFunnel"},{"floor":9,"key":"Iron Hammer"},{"floor":13,"key":"Orichalcum"},{"floor":23,"key":"halation:QuantumPhysicsTextbook"},{"floor":25,"key":"hubris:MobiusCoin"},{"floor":26,"key":"Blood Vial"}],"event_choices":[{"damage_healed":0,"gold_gain":0,"player_choice":"Rummage","damage_taken":0,"relics_obtained":["WarpedTongs"],"max_hp_gain":0,"max_hp_loss":0,"event_name":"Accursed Blacksmith","floor":3,"gold_loss":0,"cards_obtained":["Pain"]},{"damage_healed":0,"gold_gain":0,"player_choice":"Madness","damage_taken":0,"relics_obtained":["betterThird:NestCultRelic"],"max_hp_gain":0,"max_hp_loss":0,"event_name":"betterThird:BetterNest","floor":21,"gold_loss":0}],"is_beta":false,"boss_relics":[{"not_picked":["hubris:Stopwatch","Cursed Key"],"picked":"SlaversCollar"}],"items_purged_floors":[4,10,20],"is_endless":false,"potions_floor_spawned":[6,13,14,16,19],"killed_by":"Slavers","ascension_level":1}}