{"host":"vtuvba5dsdtnnx8i","time":1607766010,"event":{"mods":["2.2 Compatiblity","AchievementEnabler","Act Like it!","BaseMod","BetterRewards","Block Reminder","CapriCore","Chen","Colored Powertips","Custom Start","DeckTracker","Gensokyo","Hermit","Infinite Spire","Koishi","KomeijiMod","Marisa£¨Ùöéë¡¡Øª×âÞÞ£©","Minty Spire (QoL Compilation)","Onozuka Komachi Mod","Pale of the Ancients","Practice Mode","Quick Restart","Random Character Mod","Reimu£¨ÚÏ???£©","Replay The Spire","Shop Mod","StSLib","The Administrix","The Immortal","The Poker Player","Unknown Chances","Youmu£¨ûëÛÞèí?£©","Yuyuko"],"gold_per_floor":[172,186,186,60,74,105,105,301,301,94,105,105,105,119,119,217,217,229,279,298,315,315,342,35,35,59,59,76,76,36,69,69,176,176,201,232,232,258,285,285,316,339,339,374,427,473,534,585,585,725,725,786,847,847,847,847,919,919,228,228,230,230],"floor_reached":61,"playtime":3595,"items_purged":["Pain","Strike_Remiria","FateConcerto","Absorbed","Tepes"],"score":1528,"play_id":"14f53b2a-f5e0-4462-819d-7dd5ec33dd9a","local_time":"20201212184010","is_ascension_mode":true,"campfire_choices":[{"data":"ScarletDestiny","floor":7.0,"key":"SMITH"},{"floor":12.0,"key":"REST"},{"floor":15.0,"key":"REST"},{"data":"DamonLordCradle_Remiria","floor":25.0,"key":"SMITH"},{"data":"RedMagic","floor":27.0,"key":"SMITH"},{"data":"Exsanguinate","floor":29.0,"key":"SMITH"},{"data":"NaturallyHealing","floor":32.0,"key":"SMITH"},{"floor":40.0,"key":"RECALL"},{"data":"FateSonata","floor":49.0,"key":"SMITH"},{"data":"DamonLordCradle_Remiria","floor":56.0,"key":"SMITH"},{"data":"FateConcerto","floor":58.0,"key":"SMITH"}],"circlet_count":0,"master_deck":["AscendersBane","Scratch+1","RocketKickup+1","StigmaNizer+1","ScarletDestiny+1","NaturallyHealing+1","RedMagic+1","FateSonata+1","BloodSurge","DoubleEdge+1","infinitespire:Starlight","RocketKickup","BloodSurge+1","DamonLordCradle_Remiria+1","Exsanguinate+1","FateConcerto+1","BloodyMagicSquare+1","Parasite","DamonLordCradle_Remiria+1","CombatMeter+1","DoubleEdge+1","DamonLordCradle_Remiria+1","Forethought"],"relics":["ThirstyCrossSpe","WarpedTongs","Boot","Replay:Ringing Soul","Pandora\u0027s Box","Prayer Wheel","Tiny House","White Beast Statue","Lantern","Replay:Rubber Ducky","ZunR:ReiMu","Replay:Mystery Machine","infinitespire:EvilPickle","Painkiller Herb","Iron Hammer","TungstenRod","Whetstone","paleoftheancients:Timepiece","paleoftheancients:KeyRelic","Anchor","Mercury Hourglass","Bottled Flame","paleoftheancients:SoulOfTheShrineMaiden","Replay:Bandana","MerchantsRug","Juzu Bracelet"],"acts_visited":[],"potions_floor_usage":[],"damage_taken":[{"damage":2.0,"enemies":"Small Slimes","floor":1.0,"turns":4.0},{"damage":0.0,"enemies":"Cultist","floor":2.0,"turns":3.0},{"damage":1.0,"enemies":"Jaw Worm","floor":5.0,"turns":3.0},{"damage":20.0,"enemies":"Lagavulin","floor":6.0,"turns":5.0},{"damage":0.0,"enemies":"Blue Slaver","floor":11.0,"turns":4.0},{"damage":14.0,"enemies":"Red Slaver","floor":14.0,"turns":5.0},{"damage":45.0,"enemies":"Hexaghost","floor":16.0,"turns":11.0},{"damage":18.0,"enemies":"3 Byrds","floor":18.0,"turns":4.0},{"damage":18.0,"enemies":"Spheric Guardian","floor":20.0,"turns":4.0},{"damage":29.0,"enemies":"Centurion and Healer","floor":21.0,"turns":5.0},{"damage":14.0,"enemies":"Nightmare","floor":23.0,"turns":6.0},{"damage":0.0,"enemies":"Snecko","floor":28.0,"turns":5.0},{"damage":39.0,"enemies":"Slavers","floor":31.0,"turns":5.0},{"damage":29.0,"enemies":"Pondfish","floor":33.0,"turns":9.0},{"damage":0.0,"enemies":"Orb Walker","floor":35.0,"turns":3.0},{"damage":0.0,"enemies":"3 Darklings","floor":36.0,"turns":4.0},{"damage":0.0,"enemies":"Maw","floor":38.0,"turns":4.0},{"damage":21.0,"enemies":"Spire Growth","floor":39.0,"turns":3.0},{"damage":12.0,"enemies":"Writhing Mass","floor":41.0,"turns":4.0},{"damage":13.0,"enemies":"Sphere and 2 Shapes","floor":44.0,"turns":2.0},{"damage":0.0,"enemies":"Giant Head","floor":45.0,"turns":2.0},{"damage":0.0,"enemies":"Jaw Worm Horde","floor":46.0,"turns":2.0},{"damage":0.0,"enemies":"R_Hoarder","floor":47.0,"turns":3.0},{"damage":9.0,"enemies":"Writhing Mass","floor":48.0,"turns":3.0},{"damage":0.0,"enemies":"Replay:Hell Engine","floor":50.0,"turns":6.0},{"damage":65.0,"enemies":"Replay:Hell Engine","floor":52.0,"turns":6.0},{"damage":0.0,"enemies":"Replay:Hell Engine","floor":53.0,"turns":5.0},{"damage":0.0,"enemies":"Replay:Hell Engine","floor":57.0,"turns":9.0},{"damage":0,"enemies":"paleoftheancients:N","floor":61,"turns":1}],"seed_played":"-925780911781999516","potions_obtained":[{"floor":2.0,"key":"PowerPotion"},{"floor":5.0,"key":"ColorlessPotion"},{"floor":18.0,"key":"Energy Potion"},{"floor":19.0,"key":"GrandPatriotsElixir:ReiMu"},{"floor":20.0,"key":"Ancient Potion"},{"floor":28.0,"key":"ColorlessPotion"},{"floor":31.0,"key":"SkillPotion"},{"floor":33.0,"key":"ColorlessPotion"},{"floor":35.0,"key":"Adrenaline Potion"},{"floor":36.0,"key":"ZuzhouPotion:ReiMu"},{"floor":38.0,"key":"Elixir"},{"floor":41.0,"key":"Swift Potion"},{"floor":44.0,"key":"Swift Potion"},{"floor":45.0,"key":"GrandPatriotsElixir:ReiMu"},{"floor":46.0,"key":"LifebloodPotion"},{"floor":47.0,"key":"Explosive Potion"},{"floor":50.0,"key":"Strength Potion"},{"floor":57.0,"key":"Adrenaline Potion"}],"is_trial":false,"path_per_floor":["M","M","?","$","M","E","R","?","T","$","M","R","?","M","R","B",null,"M","AVR","M","M","?","NM","$","R","T","R","M","R","?","E","R","B",null,"?","?","?","?","?","T","?","T","T","?","E","?","E","?","T","B",null,"?","?","?","T","T","?","T","T","?","B"],"character_chosen":"RemiriaScarlet","items_purchased":["StigmaNizer","Languid Potion","Elixir","Lantern","DamonLordCradle_Remiria","Replay:Bandana","MerchantsRug","Juzu Bracelet","Forethought"],"campfire_rested":2,"item_purchase_floors":[4,10,10,24,24,59,59,59,59],"current_hp_per_floor":[88,88,88,88,87,67,67,27,27,27,27,57,57,43,73,31,88,74,82,75,81,81,86,89,89,89,89,111,111,111,86,86,103,120,122,129,129,129,110,110,115,115,115,122,135,138,141,141,141,141,141,136,144,144,144,144,116,116,119,119,121,121],"gold":230,"neow_bonus":"RANDOM_EVENT","is_daily":false,"chose_seed":false,"campfire_upgraded":8,"win_rate":0.0,"timestamp":1607766010,"path_taken":["M","M","?","$","?","E","R","?","T","$","?","R","?","?","R","BOSS","M","AVR","M","M","?","NM","?","R","T","R","M","R","?","E","R","BOSS","?","?","?","?","?","T","?","?","T","?","E","?","E","?","T","BOSS","?","?","?","T","T","?","T","T","?","BOSS"],"items_purchased_type":["Card","Potion","Potion","Relic","Card","Relic","Relic","Relic","Card"],"build_version":"2020-11-30","purchased_purges":5,"victory":false,"max_hp_per_floor":[100,100,100,100,100,100,100,100,100,100,100,100,100,100,100,103,106,106,114,114,117,117,117,120,120,120,120,123,123,123,123,123,126,126,126,129,129,129,129,129,132,132,132,135,135,138,141,141,141,141,141,144,144,144,144,144,144,144,147,147,147,147],"card_choices":[{"not_picked":["Feint","CruelSlaughter"],"picked":"RocketKickup","floor":1.0},{"not_picked":["BloodCollect","DemonsDinnerFork_Remiria","BloodCleaner"],"picked":"SKIP","floor":2.0},{"not_picked":["Feint","FateCollect","StigmaNizer"],"picked":"SKIP","floor":5.0},{"not_picked":["FastHealing","ChainGang"],"picked":"ScarletDestiny","floor":6.0},{"not_picked":["DoubleEdge","FierceSweep"],"picked":"NaturallyHealing","floor":8.0},{"not_picked":["DemonsDinnerFork_Remiria","FateCollect","DoubleEdge"],"picked":"SKIP","floor":11.0},{"not_picked":["Feint","Impregnable","Warpath"],"picked":"SKIP","floor":14.0},{"not_picked":["HeartBreak_Remiria","Reaper_Remiria"],"picked":"RedMagic","floor":16.0},{"not_picked":["NightDance","Tepes","BloodySuit"],"picked":"SKIP","floor":18.0},{"not_picked":["ThePrice","DemonLordWalk+1"],"picked":"RocketKickup","floor":19.0},{"not_picked":["YoungDemonLord","BloodCleaner","FastHealing"],"picked":"SKIP","floor":20.0},{"not_picked":["BloodCleaner","NightDance+1","StigmaNizer+1"],"picked":"SKIP","floor":20.0},{"not_picked":["Cripple","FierceSweep"],"picked":"BloodSurge+1","floor":21.0},{"not_picked":["DemonsDinnerFork_Remiria+1","ScarletNetherworld","CruelSlaughter+1"],"picked":"SKIP","floor":21.0},{"not_picked":["BloodCollect","DoubleEdge","BloodCoagulation"],"picked":"SKIP","floor":23.0},{"not_picked":["LifeBreak","RocketKickup"],"picked":"Exsanguinate","floor":28.0},{"not_picked":["DoubleEdge","LifeBreak","FastHealing+1"],"picked":"SKIP","floor":28.0},{"not_picked":["DoubleEdge","LifeBreak","FastHealing+1"],"picked":"SKIP","floor":28.0},{"not_picked":["FateCollect+1","Feint","YoungDemonLord"],"picked":"SKIP","floor":31.0},{"not_picked":["RedMagic","Septette"],"picked":"FateConcerto","floor":33.0},{"not_picked":["ChainGang+1","ServantFlier","BloodySuit"],"picked":"SKIP","floor":35.0},{"not_picked":["ServantFlier+1","NightDance+1","ThirstForBlood"],"picked":"SKIP","floor":35.0},{"not_picked":["BloodSurge","Offensive"],"picked":"BloodyMagicSquare+1","floor":36.0},{"not_picked":["Impregnable+1","BloodCleaner+1","FierceSweep"],"picked":"SKIP","floor":36.0},{"not_picked":["FateMeister","TricksterDevil","Impregnable+1"],"picked":"SKIP","floor":38.0},{"not_picked":["BloodySuit","ServantFlier+1","SealingFear"],"picked":"SKIP","floor":38.0},{"not_picked":["TricksterDevil","ServantFlier","ChainGang"],"picked":"SKIP","floor":39.0},{"not_picked":["NaturallyHealing","DemonLordWalk","LifeBreak"],"picked":"SKIP","floor":39.0},{"not_picked":["FierceSweep","DemonsDinnerFork_Remiria","CurseofVladTepes"],"picked":"SKIP","floor":41.0},{"not_picked":["TricksterDevil","CruelSlaughter","BloodySuit+1"],"picked":"SKIP","floor":41.0},{"not_picked":["ChainGang+1","Warpath+1"],"picked":"DamonLordCradle_Remiria+1","floor":44.0},{"not_picked":["BloodCleaner","TricksterDevil","ChainGang"],"picked":"SKIP","floor":44.0},{"not_picked":["DoubleEdge+1","FastHealing+1","ThirstForBlood+1"],"picked":"SKIP","floor":45.0},{"not_picked":["FastHealing+1","LifeBreak+1"],"picked":"CombatMeter+1","floor":46.0},{"not_picked":["BodyStrengthen","RocketKickup","DemonsDinnerFork_Remiria"],"picked":"SKIP","floor":46.0},{"not_picked":["BloodSurge","PartStrengthen+1"],"picked":"DoubleEdge+1","floor":47.0},{"not_picked":["Rewrite+1","ThePrice","FateMeister+1"],"picked":"SKIP","floor":48.0},{"not_picked":["DemonLordWalk","FastHealing","Cripple"],"picked":"SKIP","floor":48.0},{"not_picked":["TricksterDevil","FierceSweep"],"picked":"DamonLordCradle_Remiria","floor":52.0},{"not_picked":["Cripple","VampireKiss_Remiria","Warpath"],"picked":"SKIP","floor":52.0},{"not_picked":["RocketKickup","BloodCollect","FastHealing+1"],"picked":"SKIP","floor":53.0},{"not_picked":["BloodySuit","Cripple+1","VampireClaw+1"],"picked":"SKIP","floor":53.0},{"not_picked":["FierceSweep+1","DemonsDinnerFork_Remiria","QueenOfMidnight"],"picked":"SKIP","floor":57.0},{"not_picked":["BloodCleaner","FastHealing+1","VampireClaw+1"],"picked":"SKIP","floor":57.0}],"player_experience":225950,"relics_obtained":[{"floor":6.0,"key":"Boot"},{"floor":9.0,"key":"Replay:Ringing Soul"},{"floor":23.0,"key":"White Beast Statue"},{"floor":26.0,"key":"Replay:Rubber Ducky"},{"floor":31.0,"key":"Replay:Mystery Machine"},{"floor":43.0,"key":"Iron Hammer"},{"floor":45.0,"key":"TungstenRod"},{"floor":47.0,"key":"Whetstone"},{"floor":55.0,"key":"Bottled Flame"},{"floor":57.0,"key":"paleoftheancients:SoulOfTheShrineMaiden"}],"event_choices":[{"cards_removed":["Strike_Remiria"],"damage_healed":0.0,"max_hp_gain":0.0,"max_hp_loss":0.0,"gold_gain":0.0,"event_name":"Living Wall","player_choice":"Forget","floor":0.0,"gold_loss":0.0,"damage_taken":0.0},{"damage_healed":0.0,"max_hp_gain":0.0,"max_hp_loss":0.0,"gold_gain":0.0,"event_name":"Accursed Blacksmith","player_choice":"Rummage","floor":3.0,"gold_loss":0.0,"damage_taken":0.0,"relics_obtained":["WarpedTongs"],"cards_obtained":["Pain"]},{"damage_healed":0.0,"max_hp_gain":0.0,"max_hp_loss":0.0,"gold_gain":0.0,"event_name":"Upgrade Shrine","player_choice":"Upgraded","floor":13.0,"gold_loss":0.0,"damage_taken":0.0,"cards_upgraded":["StigmaNizer"]},{"damage_healed":0.0,"max_hp_gain":0.0,"max_hp_loss":0.0,"gold_gain":0.0,"event_name":"Ghosts","player_choice":"Ignored","floor":22.0,"gold_loss":0.0,"damage_taken":0.0},{"damage_healed":0.0,"max_hp_gain":0.0,"max_hp_loss":0.0,"gold_gain":0.0,"event_name":"ZunEvent","player_choice":"Keep O-miki","floor":30.0,"gold_loss":40.0,"damage_taken":0.0,"relics_obtained":["ZunR:ReiMu"]},{"cards_removed":["BloodyMagicSquare"],"damage_healed":0.0,"max_hp_gain":0.0,"max_hp_loss":0.0,"gold_gain":0.0,"event_name":"Falling","player_choice":"Removed Power","floor":37.0,"gold_loss":0.0,"damage_taken":0.0}],"is_beta":false,"boss_relics":[{"not_picked":["Runic Pyramid","Calling Bell"],"picked":"Pandora\u0027s Box"},{"not_picked":["ReplayTheSpireMod:SealedPack","Runic Dome"],"picked":"Painkiller Herb"},{"not_picked":["Replay:Bronze Core","ReplayTheSpireMod:DimensionalGlitch","Velvet Choker"]}],"items_purged_floors":[4,10,19,24,59],"is_endless":true,"potions_floor_spawned":[2,5,18,20,28,31,33,35,36,38,39,41,44,45,46,47,48,50,52,53,57],"killed_by":"paleoftheancients:N","ascension_level":10}}