{"host":"65bhxfoqsqjg61le","time":1607763168,"event":{"mods":["2.2 Compatiblity","AchievementEnabler","BaseMod","Better Third Choice","Colored Powertips","Conspire","DeckTracker","Downfall","Energized Spire","GifTheSpireLib","Googly Eyes","Hubris","Infinite Spire","Minty Spire (QoL Compilation)","Quick Restart","RRrroohrrRGHHhhh!!","Random Character Button","Rare Cards Sparkle","Replay The Spire","Shade Mod","StSLib","Stuff the Spire","The IronCluck","Wandering Minibosses","egg","everything is the same but u backflip on backflip","slay the spire mod where everything is the same but ironclad has a cowboy hat","thorton"],"gold_per_floor":[99,126,126,107,107,127,127,127,161,161,0,16,466,491,507,602,602,602,620,620,651,651,663,745,763,748,748,764,877,877,877,895,993,993,993,1010,1010,971,896,930,1009,934,934,934,934,934,945,957,997,997,1011,1011],"floor_reached":53,"playtime":4091,"items_purged":[],"score":767,"play_id":"9ec3e6de-32bd-4ea5-8dab-11081840618d","local_time":"20201212035248","is_ascension_mode":false,"campfire_choices":[{"data":"Guardian:ArmoredProtocol","floor":10,"key":"SMITH"},{"data":"Guardian:SphericShield","floor":18,"key":"SMITH"},{"data":"Guardian:FloatingOrbs","floor":20,"key":"SMITH"},{"data":"Guardian:TwinSlam","floor":22,"key":"SMITH"},{"data":"Guardian:ShieldCharger","floor":27,"key":"SMITH"},{"floor":35,"key":"RECALL"},{"data":"Guardian:ExploitGems","floor":39,"key":"SMITH"},{"data":"Guardian:BronzeArmor","floor":42,"key":"SMITH"},{"data":"StuffTheSpire:Vigor","floor":46,"key":"SMITH"}],"circlet_count":0,"master_deck":["Guardian:Strike_Guardian","Guardian:Strike_Guardian","Guardian:Strike_Guardian","Guardian:Defend_Guardian","Guardian:Defend_Guardian","Guardian:Defend_Guardian","Guardian:Defend_Guardian","Guardian:CurlUp","Guardian:TwinSlam+1","Guardian:BronzeArmor+1","Guardian:FloatingOrbs+1","Guardian:ShieldCharger+1","Guardian:ArmoredProtocol+1","Slimebound:Icky","Slimebound:Icky","Slimebound:Icky","Guardian:SphericShield+1","Guardian:Gem_Synthetic","Guardian:ExploitGems+1","Guardian:PrimingBeam+1","StuffTheSpire:Vigor+1","Guardian:WeakpointTargeting","hubris:NaturalOne"],"relics":["downfall:HeartsMalice","infinitespire:PuzzleCube","hubris:Icosahedron","infinitespire:CheckeredPen","MealTicket","StuffTheSpire:GrapeVine","thethorton:BottledFunds","ReplayTheSpireMod:Lightbulb","Onion Ring","TheAbacus","energizedSpire:OgreHead","wanderingMiniBosses:ThiefScarf","StuffTheSpire:GreaterSneckoEye","downfall:HeartBlessingRed","downfall:HeartBlessingBlue","Guardian:ModeShifter","Membership Card","wanderingMiniBosses:ThiefScarf"],"acts_visited":["Exordium","TheCity","TheBeyond"],"potions_floor_usage":[4,4,9,12,12,15,26,33,33,33,49,49,49,52],"damage_taken":[{"damage":0,"enemies":"Replay:BlueRogue","floor":2,"turns":1},{"damage":0,"enemies":"Cultist","floor":3,"turns":1},{"damage":0,"enemies":"Jaw Worm","floor":4,"turns":6},{"damage":0,"enemies":"2 Louse","floor":6,"turns":3},{"damage":16,"enemies":"Gremlin Nob","floor":9,"turns":5},{"damage":0,"enemies":"downfall:FleeingMerchant","floor":11,"turns":4},{"damage":2,"enemies":"Gremlin Gang","floor":12,"turns":7},{"damage":17,"enemies":"Blue Slaver","floor":15,"turns":4},{"damage":32,"enemies":"downfall:CharBossSilent","floor":16,"turns":9},{"damage":13,"enemies":"conspire:FuzzyDice","floor":19,"turns":8},{"damage":11,"enemies":"Book of Stabbing","floor":21,"turns":6},{"damage":0,"enemies":"3 Byrds","floor":23,"turns":6},{"damage":0,"enemies":"Snecko","floor":25,"turns":5},{"damage":2,"enemies":"downfall:FleeingMerchant","floor":26,"turns":4},{"damage":5,"enemies":"Snake Plant","floor":28,"turns":6},{"damage":24,"enemies":"Centurion and Healer","floor":29,"turns":11},{"damage":14,"enemies":"conspire:HollyBat","floor":32,"turns":7},{"damage":41,"enemies":"downfall:CharBossWatcher","floor":33,"turns":11},{"damage":2,"enemies":"Orb Walker","floor":36,"turns":2},{"damage":2,"enemies":"3 Shapes","floor":38,"turns":3},{"damage":33,"enemies":"Reptomancer","floor":40,"turns":7},{"damage":4,"enemies":"Maw","floor":47,"turns":7},{"damage":21,"enemies":"3 Darklings","floor":48,"turns":5},{"damage":0,"enemies":"Writhing Mass","floor":49,"turns":5},{"damage":0,"enemies":"Spire Growth","floor":51,"turns":3},{"damage":1,"enemies":"downfall:CharBossIronclad","floor":52,"turns":8}],"seed_played":"5068836473453539869","potions_obtained":[{"floor":1,"key":"EntropicBrew"},{"floor":1,"key":"SneckoOil"},{"floor":1,"key":"infinitespire:BlackPotion"},{"floor":12,"key":"Regen Potion"},{"floor":23,"key":"Adrenaline Potion"},{"floor":29,"key":"BlessingOfTheForge"},{"floor":32,"key":"ColorlessPotion"},{"floor":33,"key":"Adrenaline Potion"},{"floor":36,"key":"Adrenaline Potion"},{"floor":48,"key":"EntropicBrew"}],"is_trial":false,"path_per_floor":["R","E","M","M","?","M","T","?","E","R","$","M","?","T","M","B",null,"R","M","R","E","R","M","T","M","$","R","M","M","AVR","?","M","B",null,"R","M","?","M","R","E","T","R","PTL","PTL","?","R","M","M","M","?","M","B",null],"character_chosen":"GUARDIAN","items_purchased":["Membership Card"],"campfire_rested":0,"item_purchase_floors":[11],"current_hp_per_floor":[80,80,80,80,80,80,80,80,64,64,80,78,78,78,73,41,80,80,67,67,56,56,80,80,80,78,78,73,49,49,49,35,7,80,80,78,58,56,56,23,23,33,33,33,33,33,29,8,8,8,8,7],"gold":1011,"neow_bonus":"THREE_ENEMY_KILL","is_daily":false,"chose_seed":false,"campfire_upgraded":8,"win_rate":0.0,"timestamp":1607763168,"path_taken":["R","E","M","?","?","M","T","?","E","R","$","?","?","?","M","BOSS","R","?","R","E","R","M","T","M","$","R","M","M","AVR","?","M","BOSS","R","M","?","M","R","E","T","R","PTL","PTL","?","R","?","M","M","?","M","BOSS"],"items_purchased_type":["Relic"],"build_version":"2020-11-30","purchased_purges":0,"victory":true,"max_hp_per_floor":[80,80,80,80,80,80,80,80,80,80,80,80,80,80,80,80,80,80,80,80,80,80,80,80,80,80,80,80,80,80,80,80,80,80,80,80,80,80,80,80,80,90,90,90,90,90,90,90,90,90,90,90],"card_choices":[{"not_picked":["Guardian:PrimingBeam","Guardian:Gem_Red"],"picked":"Guardian:BronzeArmor","floor":2},{"not_picked":["Guardian:Incinerate","Guardian:ChargeCore"],"picked":"Guardian:FloatingOrbs","floor":3},{"not_picked":["Guardian:TemporalStrike","Guardian:CrystalBeam"],"picked":"Guardian:ShieldCharger","floor":4},{"not_picked":["Guardian:CrystalBeam","Guardian:VentSteam","Guardian:PiercingHide"],"picked":"SKIP","floor":6},{"not_picked":["Guardian:Gem_Blue","Guardian:BronzeOrb"],"picked":"Guardian:ArmoredProtocol","floor":9},{"not_picked":["Guardian:Preprogram","Guardian:GemFire","Guardian:TemporalShield"],"picked":"SKIP","floor":12},{"not_picked":["Guardian:PiercingHide","Guardian:Reroute"],"picked":"Guardian:Gem_Crimson","floor":15},{"not_picked":["Guardian:AncientConstruct","Guardian:FastForward"],"picked":"Guardian:SphericShield","floor":16},{"not_picked":["Guardian:Recover","Guardian:Orbwalk+1","Guardian:Preprogram"],"picked":"SKIP","floor":19},{"not_picked":["Guardian:CrystalBeam","Guardian:TemporalStrike+1"],"picked":"Guardian:Gem_Synthetic","floor":21},{"not_picked":["Guardian:BronzeArmor","Guardian:PiercingHide","Guardian:TemporalShield+1"],"picked":"SKIP","floor":23},{"not_picked":["Guardian:RollAttack","Guardian:DecasProtection","Guardian:TemporalStrike+1"],"picked":"SKIP","floor":25},{"not_picked":["Guardian:CrystalBeam+1","Guardian:DecasProtection","Guardian:Gem_Blue"],"picked":"SKIP","floor":28},{"not_picked":["Guardian:VentSteam+1","Guardian:Recover+1","Guardian:Gem_Fragmented"],"picked":"SKIP","floor":29},{"not_picked":["Guardian:TemporalShield","Guardian:TemporalStrike"],"picked":"Guardian:Gem_Fragmented","floor":32},{"not_picked":["Guardian:StasisField","Guardian:ConstructionForm"],"picked":"Guardian:ExploitGems","floor":33},{"not_picked":["Guardian:Gem_Blue","Guardian:CrystalBeam+1","Guardian:Recover+1"],"picked":"SKIP","floor":36},{"not_picked":["Guardian:SentryBeam","Guardian:Gem_Cyan"],"picked":"Guardian:PrimingBeam+1","floor":38},{"not_picked":["Guardian:Clone+1","Guardian:ChargeCore","Guardian:TimeCapacitor+1"],"picked":"SKIP","floor":40},{"not_picked":["StuffTheSpire:Perfection","StuffTheSpire:Rapture"],"picked":"StuffTheSpire:Vigor","floor":45},{"not_picked":["Guardian:PrimingBeam+1","Guardian:ChargeCore","Guardian:TemporalShield"],"picked":"SKIP","floor":47},{"not_picked":["Guardian:TemporalStrike","Guardian:Gem_Cyan"],"picked":"Guardian:WeakpointTargeting","floor":48},{"not_picked":["Guardian:Gem_Red","Guardian:Incinerate","Guardian:PrimingBeam+1"],"picked":"SKIP","floor":49},{"not_picked":["Guardian:Recover","Guardian:Incinerate+1","Guardian:Gem_Fragmented"],"picked":"SKIP","floor":51}],"player_experience":1002015,"relics_obtained":[{"floor":2,"key":"infinitespire:PuzzleCube"},{"floor":7,"key":"infinitespire:CheckeredPen"},{"floor":9,"key":"MealTicket"},{"floor":14,"key":"StuffTheSpire:GrapeVine"},{"floor":21,"key":"ReplayTheSpireMod:Lightbulb"},{"floor":24,"key":"Onion Ring"},{"floor":36,"key":"wanderingMiniBosses:ThiefScarf"},{"floor":37,"key":"StuffTheSpire:GreaterSneckoEye"},{"floor":40,"key":"Toy Ornithopter"},{"floor":49,"key":"Guardian:ModeShifter"},{"floor":49,"key":"Membership Card"},{"floor":49,"key":"wanderingMiniBosses:ThiefScarf"}],"event_choices":[{"damage_healed":0,"gold_gain":0,"player_choice":"Got Potions","damage_taken":0,"max_hp_gain":0,"max_hp_loss":0,"event_name":"Lab","floor":1,"gold_loss":0},{"cards_removed":["Guardian:Strike_Guardian"],"damage_healed":0,"gold_gain":0,"player_choice":"Offered Basic","damage_taken":0,"max_hp_gain":0,"max_hp_loss":0,"event_name":"Bonfire Elementals","floor":8,"gold_loss":0},{"damage_healed":0,"gold_gain":0,"player_choice":"Leave","damage_taken":0,"max_hp_gain":0,"max_hp_loss":0,"event_name":"conspire:Investor","floor":50,"gold_loss":0}],"is_beta":false,"boss_relics":[{"not_picked":["Black Star","Pandora\u0027s Box"],"picked":"thethorton:BottledFunds"},{"not_picked":["ReplayTheSpireMod:DimensionalGlitch","energizedSpire:DeadBattery"],"picked":"energizedSpire:OgreHead"}],"items_purged_floors":[],"is_endless":false,"potions_floor_spawned":[4,6,12,23,29,32,33,36,48],"ascension_level":0}}