{"host":"neq2xaz6bpsr65or","time":1607773097,"event":{"mods":["Aspiration","BaseMod","Better Altar","Better Match","Better Note","Better Sensory Stone","Better Skull","Better Third Choice","BetterRewards","Colored Powertips","Conspire","GifTheSpireLib","Googly Eyes","Halation","Hubris","Ironclad Rager","Minty Spire (QoL Compilation)","Shop Mod","Small Relic Pack","StSLib"],"gold_per_floor":[116,127,27,27,47,82,82,105,105,128,164,164,164,198,198,317,317,342,193,217,217,61,61,11,53,79,120,120,120,120,176,176,307,307,338,24,69,99,432,467,492,539,539,560,580,580,580,236,236,245,245,245,28,76,101,101],"floor_reached":55,"playtime":3687,"items_purged":["ICR:RageStrike"],"score":962,"play_id":"379909cd-3c6c-4311-b0d7-d123def41627","local_time":"20201212113817","is_ascension_mode":true,"campfire_choices":[{"data":"conspire:Charge","floor":7,"key":"SMITH"},{"data":"Havoc","floor":12,"key":"SMITH"},{"data":"Uppercut","floor":15,"key":"SMITH"},{"data":"hubris:StunningStrike","floor":23,"key":"SMITH"},{"data":"conspire:SpireCoStock","floor":28,"key":"SMITH"},{"data":"Inflame","floor":32,"key":"SMITH"},{"floor":46,"key":"RECALL"},{"data":"Bash","floor":49,"key":"SMITH"},{"data":"Ghostly","floor":49,"key":"SMITH"},{"data":"Thunderclap","floor":52,"key":"SMITH"},{"data":"Hemokinesis","floor":52,"key":"SMITH"}],"circlet_count":0,"master_deck":["Bash+1","ICR:RageStrike","ICR:RageStrike+1","ICR:RageStrike","ICR:RageStrike","ICR:ShieldBash","ICR:ShieldBash","ICR:ShieldBash","ICR:ShieldBash","Hemokinesis+1","conspire:Charge+1","Ghostly+1","Havoc+1","Impervious","Uppercut+1","Thunderclap+1","Shrug It Off","Bandage Up","hubris:ReadiedAction","hubris:StunningStrike+1","Metallicize","conspire:ExplosiveBarrier","conspire:SpireCoStock+1","Clash+1","Dropkick","Inflame+1","conspire:HitWhereItHurts","Pommel Strike+1","Headbutt+1","Pommel Strike+1","Thunderclap+1","Iron Wave+1","Thunderclap+1","Sentinel+1","Thinking Ahead+1","hubris:SharpeningStone+1","The Bomb+1","conspire:Charge"],"relics":["Burning Blood","Regal Pillow","Charon\u0027s Ashes","Pen Nib","MutagenicStrength","TheAbacus","Gremlin Horn","Anchor","hubris:Zylophone","CaptainsWheel","HornCleat","Runic Dome","Champion Belt","halation:PenCase","Toxic Egg 2","hubris:Towel","MerchantsRug","Bottled Lightning","Happy Flower"],"acts_visited":["Exordium","TheCity","TheBeyond","TheEnding"],"potions_floor_usage":[6,8,20,25,38,41,42,55,55],"damage_taken":[{"damage":2,"enemies":"Cultist","floor":1,"turns":3},{"damage":8,"enemies":"2 Louse","floor":2,"turns":3},{"damage":8,"enemies":"conspire:RoseBush","floor":5,"turns":2},{"damage":25,"enemies":"3 Sentries","floor":6,"turns":9},{"damage":0,"enemies":"Blue Slaver","floor":8,"turns":2},{"damage":2,"enemies":"2 Fungi Beasts","floor":10,"turns":4},{"damage":3,"enemies":"Gremlin Nob","floor":11,"turns":3},{"damage":7,"enemies":"3 Sentries","floor":14,"turns":6},{"damage":32,"enemies":"The Guardian","floor":16,"turns":7},{"damage":13,"enemies":"2 Thieves","floor":18,"turns":3},{"damage":1,"enemies":"3 Byrds","floor":20,"turns":4},{"damage":13,"enemies":"conspire:Head Lice","floor":25,"turns":6},{"damage":17,"enemies":"conspire:SneckoGhost","floor":27,"turns":5},{"damage":11,"enemies":"Slavers","floor":31,"turns":4},{"damage":23,"enemies":"hubris:MusketHawk","floor":33,"turns":7},{"damage":10,"enemies":"3 Shapes","floor":35,"turns":4},{"damage":0,"enemies":"Orb Walker","floor":37,"turns":4},{"damage":2,"enemies":"Transient","floor":38,"turns":5},{"damage":29,"enemies":"Nemesis","floor":40,"turns":5},{"damage":2,"enemies":"3 Darklings","floor":41,"turns":3},{"damage":13,"enemies":"Giant Head","floor":42,"turns":6},{"damage":23,"enemies":"Reptomancer","floor":44,"turns":5},{"damage":2,"enemies":"Sphere and 2 Shapes","floor":45,"turns":4},{"damage":13,"enemies":"Time Eater","floor":50,"turns":9},{"damage":46,"enemies":"Shield and Spear","floor":54,"turns":6},{"damage":66,"enemies":"The Heart","floor":55,"turns":7}],"seed_played":"-1686546311380711921","potions_obtained":[{"floor":1,"key":"SteroidPotion"},{"floor":6,"key":"SteroidPotion"},{"floor":11,"key":"SpeedPotion"},{"floor":16,"key":"DistilledChaos"},{"floor":20,"key":"BloodPotion"},{"floor":33,"key":"HeartOfIron"},{"floor":37,"key":"GamblersBrew"},{"floor":38,"key":"DuplicationPotion"},{"floor":41,"key":"DistilledChaos"},{"floor":44,"key":"ColorlessPotion"}],"is_trial":false,"path_per_floor":["M","M","?","?","M","E","R","M","T","M","E","R","?","E","R","B",null,"M","$","M","?","$","R","?","E","T","E","R","T","?","E","R","B",null,"M","$","M","M","?","E","M","E","T","E","M","R","?","$","R","B",null,"R","$","E","B"],"character_chosen":"IRONCLAD","items_purchased":["hubris:TenFootPole","TheAbacus","Champion Belt","Thinking Ahead+1","MerchantsRug","hubris:SharpeningStone+1","Bottled Lightning","The Bomb+1"],"campfire_rested":0,"item_purchase_floors":[19,22,36,48,48,48,53,53],"current_hp_per_floor":[80,78,78,58,56,37,37,43,43,47,50,50,50,53,53,31,80,73,73,78,78,78,78,78,73,73,62,62,62,62,61,61,48,80,78,78,80,80,80,57,65,62,62,49,57,57,57,57,57,54,80,80,80,44,0,0],"gold":101,"neow_bonus":"IRONCLAD_RAGER","is_daily":false,"chose_seed":false,"campfire_upgraded":10,"win_rate":0.0,"timestamp":1607773097,"path_taken":["M","M","?","?","M","E","R","M","T","M","E","R","?","E","R","BOSS","M","$","M","?","$","R","?","E","T","E","R","?","?","E","R","BOSS","M","$","?","M","?","E","M","E","T","E","M","R","?","?","R","BOSS","R","$","E","BOSS"],"items_purchased_type":["Relic","Relic","Relic","Card","Relic","Card","Relic","Card"],"build_version":"2020-11-30","purchased_purges":1,"victory":false,"max_hp_per_floor":[80,80,80,80,80,80,80,80,80,80,80,80,80,80,80,80,80,80,80,80,80,80,80,80,80,80,80,80,80,80,80,80,80,80,80,80,80,80,80,80,80,80,80,80,80,80,80,80,80,80,80,80,80,80,80,80],"card_choices":[{"not_picked":["Cleave","Clothesline"],"picked":"Hemokinesis","floor":1},{"not_picked":["True Grit","Twin Strike"],"picked":"conspire:Charge","floor":2},{"not_picked":["Perfected Strike","Body Slam"],"picked":"Havoc","floor":5},{"not_picked":["Warcry","Pommel Strike"],"picked":"Impervious","floor":6},{"not_picked":["Anger","Sever Soul"],"picked":"Uppercut","floor":8},{"not_picked":["Heavy Blade","Havoc"],"picked":"Thunderclap","floor":10},{"not_picked":["Fire Breathing","Second Wind"],"picked":"Shrug It Off","floor":11},{"not_picked":["Enlightenment","Metamorphosis"],"picked":"Bandage Up","floor":13},{"not_picked":["Rampage","Shrug It Off"],"picked":"hubris:ReadiedAction","floor":14},{"not_picked":["conspire:Purge","Limit Break"],"picked":"hubris:StunningStrike","floor":16},{"not_picked":["Spot Weakness+1","Iron Wave"],"picked":"Metallicize","floor":18},{"not_picked":["True Grit+1","Shrug It Off"],"picked":"conspire:ExplosiveBarrier","floor":20},{"not_picked":["Flame Barrier","True Grit+1"],"picked":"Clash","floor":25},{"not_picked":["Armaments","Flex"],"picked":"Dropkick","floor":27},{"not_picked":["Whirlwind","Combust"],"picked":"Inflame","floor":31},{"not_picked":["Fiend Fire","Limit Break"],"picked":"conspire:HitWhereItHurts","floor":33},{"not_picked":["Warcry","conspire:Charge"],"picked":"Pommel Strike+1","floor":35},{"not_picked":["Feel No Pain+1","Body Slam+1","Flex+1"],"picked":"SKIP","floor":37},{"not_picked":["Dual Wield","Warcry+1"],"picked":"Headbutt+1","floor":38},{"not_picked":["Power Through+1","Sword Boomerang"],"picked":"Pommel Strike+1","floor":40},{"not_picked":["Fire Breathing+1","Iron Wave+1"],"picked":"Thunderclap+1","floor":41},{"not_picked":["Pummel","hubris:CleavingFinish+1"],"picked":"Iron Wave+1","floor":42},{"not_picked":["Feed","Armaments+1"],"picked":"Thunderclap+1","floor":44},{"not_picked":["Dark Embrace","Clothesline"],"picked":"Sentinel+1","floor":45},{"not_picked":["Whirlwind+1","Barricade"],"picked":"conspire:Charge","floor":54}],"player_experience":113046,"relics_obtained":[{"floor":6,"key":"Regal Pillow"},{"floor":11,"key":"Charon\u0027s Ashes"},{"floor":14,"key":"Pen Nib"},{"floor":25,"key":"Gremlin Horn"},{"floor":26,"key":"Anchor"},{"floor":27,"key":"hubris:Zylophone"},{"floor":29,"key":"halation:WeightlessCrab"},{"floor":30,"key":"CaptainsWheel"},{"floor":31,"key":"HornCleat"},{"floor":40,"key":"Whetstone"},{"floor":42,"key":"halation:PenCase"},{"floor":43,"key":"hubris:Teleporter"},{"floor":44,"key":"Toxic Egg 2"},{"floor":54,"key":"Happy Flower"}],"event_choices":[{"damage_healed":0,"gold_gain":0,"player_choice":"Argue","damage_taken":0,"max_hp_gain":0,"max_hp_loss":0,"event_name":"conspire:LoneGhost","floor":3,"gold_loss":0},{"damage_healed":0,"gold_gain":0,"player_choice":"Take Damage","damage_taken":20,"relics_obtained":["Golden Idol"],"max_hp_gain":0,"max_hp_loss":0,"event_name":"Golden Idol","floor":4,"gold_loss":0},{"damage_healed":0,"gold_gain":1,"player_choice":"1","damage_taken":0,"max_hp_gain":0,"max_hp_loss":0,"event_name":"betterStone:BetterStone","floor":13,"gold_loss":0},{"damage_healed":0,"gold_gain":0,"player_choice":"Inject Mutagens","damage_taken":0,"relics_obtained":["MutagenicStrength"],"max_hp_gain":0,"max_hp_loss":0,"event_name":"Drug Dealer","floor":21,"gold_loss":0},{"damage_healed":0,"gold_gain":0,"player_choice":"Invest 1","damage_taken":0,"max_hp_gain":0,"max_hp_loss":0,"event_name":"conspire:Investor","floor":24,"gold_loss":0},{"damage_healed":0,"gold_gain":0,"player_choice":"Relic","damage_taken":0,"max_hp_gain":0,"max_hp_loss":0,"event_name":"Wheel of Change","floor":30,"gold_loss":0},{"damage_healed":0,"gold_gain":333,"player_choice":"Gave Idol","damage_taken":0,"max_hp_gain":0,"max_hp_loss":0,"event_name":"The Moai Head","floor":39,"relics_lost":["Golden Idol"],"gold_loss":0}],"is_beta":false,"boss_relics":[{"not_picked":["conspire:SpecialSausage","conspire:RunicOctahedron"],"picked":"Velvet Choker"},{"not_picked":["hubris:CrackedHourglass","Mark of Pain"],"picked":"Runic Dome"}],"items_purged_floors":[48],"is_endless":false,"potions_floor_spawned":[1,6,11,16,20,33,37,38,41,44],"killed_by":"The Heart","ascension_level":2}}