{"host":"q9718omregw4er46","time":1607773899,"event":{"mods":["BaseMod","Bestiary","Colored Powertips","Custom Start","Highlight Path","Minty Spire (QoL Compilation)","Practice Mode","Quick Restart","Relic Stats"],"gold_per_floor":[113,130,130,55,55,90,116,142,169,188,338,338,351,351,351,351,351],"floor_reached":16,"playtime":378,"items_purged":[],"score":259,"play_id":"7c54e547-9b9a-4ef1-91f9-a3c586cf8c69","local_time":"20201212165139","is_ascension_mode":true,"campfire_choices":[{"data":"Static Discharge","floor":12,"key":"SMITH"},{"data":"Ball Lightning","floor":15,"key":"SMITH"}],"circlet_count":0,"master_deck":["AscendersBane","Strike_B","Strike_B","Strike_B","Defend_B","Defend_B","Defend_B+1","Defend_B","Zap","Dualcast+1","Static Discharge+1","Self Repair","Ball Lightning+1"],"relics":["Cracked Core","NeowsBlessing","Omamori","Odd Mushroom","DataDisk","War Paint"],"acts_visited":["Exordium"],"potions_floor_usage":[7,8],"damage_taken":[{"damage":0,"enemies":"2 Louse","floor":1,"turns":1},{"damage":0,"enemies":"Small Slimes","floor":2,"turns":1},{"damage":0,"enemies":"3 Sentries","floor":6,"turns":2},{"damage":30,"enemies":"The Mushroom Lair","floor":7,"turns":6},{"damage":31,"enemies":"Gremlin Nob","floor":8,"turns":4},{"damage":1,"enemies":"Cultist","floor":10,"turns":4},{"damage":1,"enemies":"3 Louse","floor":13,"turns":3},{"damage":25,"enemies":"Slime Boss","floor":16,"turns":3}],"seed_played":"8303507460002563019","potions_obtained":[{"floor":1,"key":"Block Potion"},{"floor":2,"key":"Fire Potion"}],"is_trial":false,"path_per_floor":["M","M","?","?","$","E","?","E","T","M","?","R","M","?","R","B"],"character_chosen":"DEFECT","items_purchased":[],"campfire_rested":0,"item_purchase_floors":[],"current_hp_per_floor":[64,64,69,69,69,69,39,15,15,21,21,21,20,20,20,0,0],"gold":351,"neow_bonus":"THREE_ENEMY_KILL","is_daily":false,"chose_seed":false,"campfire_upgraded":2,"win_rate":0.0,"timestamp":1607773899,"path_taken":["M","M","?","?","$","E","?","E","T","M","?","R","M","?","R","BOSS"],"items_purchased_type":[],"build_version":"2020-11-30","purchased_purges":0,"victory":false,"max_hp_per_floor":[71,71,76,76,76,76,76,76,76,76,76,76,76,76,76,76,76],"relic_stats":{"counters":[8,24],"War Paint":["Dualcast","Defend_B"],"obtain_stats":[{"DataDisk":8,"NeowsBlessing":0,"Omamori":6,"Odd Mushroom":7,"War Paint":14,"Cracked Core":0},{"DataDisk":5,"NeowsBlessing":0,"Omamori":3,"Odd Mushroom":4,"War Paint":7,"Cracked Core":0},{"DataDisk":14,"NeowsBlessing":0,"Omamori":4,"Odd Mushroom":10,"War Paint":21,"Cracked Core":0}]},"card_choices":[{"not_picked":["Streamline","Conserve Battery"],"picked":"Static Discharge","floor":1},{"not_picked":["Stack","Hologram","Heatsinks"],"picked":"SKIP","floor":2},{"not_picked":["Double Energy","Beam Cell","Coolheaded"],"picked":"SKIP","floor":6},{"not_picked":["Hello World","All For One"],"picked":"Self Repair","floor":7},{"not_picked":["Hello World","Gash","Heatsinks"],"picked":"SKIP","floor":8},{"not_picked":["Reinforced Body","Hello World"],"picked":"Ball Lightning","floor":10},{"not_picked":["Beam Cell","Leap","Hologram"],"picked":"SKIP","floor":13}],"player_experience":998468,"relics_obtained":[{"floor":6,"key":"Omamori"},{"floor":7,"key":"Odd Mushroom"},{"floor":8,"key":"DataDisk"},{"floor":14,"key":"War Paint"}],"event_choices":[{"damage_healed":0,"gold_gain":0,"player_choice":"Donut","damage_taken":0,"max_hp_gain":5,"max_hp_loss":0,"event_name":"Big Fish","floor":3,"gold_loss":0},{"cards_removed":["Strike_B"],"damage_healed":0,"gold_gain":0,"player_choice":"Card Removal","damage_taken":0,"max_hp_gain":0,"max_hp_loss":0,"event_name":"The Cleric","floor":4,"gold_loss":75},{"damage_healed":0,"gold_gain":0,"player_choice":"Fought Mushrooms","damage_taken":0,"max_hp_gain":0,"max_hp_loss":0,"event_name":"Mushrooms","floor":7,"gold_loss":0},{"damage_healed":0,"gold_gain":150,"player_choice":"AGREE","damage_taken":0,"max_hp_gain":0,"max_hp_loss":0,"event_name":"Liars Game","floor":11,"gold_loss":0,"cards_obtained":["Doubt"]},{"damage_healed":0,"gold_gain":0,"player_choice":"Relic","damage_taken":0,"max_hp_gain":0,"max_hp_loss":0,"event_name":"Wheel of Change","floor":14,"gold_loss":0}],"is_beta":false,"boss_relics":[],"items_purged_floors":[],"is_endless":false,"potions_floor_spawned":[1,2],"killed_by":"Slime Boss","ascension_level":19}}