{"host":"elnvswdbusdewy2q","time":1607813335,"event":{"mods":["2.2 Compatiblity","BaseMod","CapriCore","Colored Map","Hermit","Koishi","Lobotomy","Marisa£¨Ùöéë¡¡Øª×âÞÞ£©","Minty Spire (QoL Compilation)","Rare Cards Sparkle","StSLib","Td1madao Mod","The Bug Knight","The Cursed","The Dragon Tamer","The Gatherer","The Hierophant","The Immortal","The Poker Player","The Runesmith","WarShipGirlsR/??á´Ò³R mod"],"gold_per_floor":[119,45,45,45,65,100,100,100],"floor_reached":6,"playtime":266,"items_purged":[],"score":44,"play_id":"0a1d51ed-7f5f-4ba7-ad00-142ef2be4dfb","local_time":"20201213074855","is_ascension_mode":false,"campfire_choices":[],"circlet_count":0,"master_deck":["MokouMod:Strike","MokouMod:Strike","MokouMod:Strike","MokouMod:Strike","MokouMod:Strike","MokouMod:Defend","MokouMod:Defend","MokouMod:Defend","MokouMod:Defend","MokouMod:HeatSpark","MokouMod:ImperishableFlame","MokouMod:HeartofFire","MokouMod:IgneousBlow"],"relics":["MokouMod:PhoenixFeather","CultistMask","Bag of Preparation"],"acts_visited":["Exordium"],"potions_floor_usage":[5,6],"damage_taken":[{"damage":3,"enemies":"Small Slimes","floor":1,"turns":3},{"damage":0,"enemies":"Cultist","floor":5,"turns":3},{"damage":27,"enemies":"Gremlin Nob","floor":6,"turns":4}],"seed_played":"8219540317204812546","potions_obtained":[{"floor":0,"key":"LiquidMemories"},{"floor":0,"key":"BlessingOfTheForge"},{"floor":0,"key":"Energy Potion"},{"floor":5,"key":"AttackPotion"}],"is_trial":false,"path_per_floor":["M","$","?","$","M","E"],"character_chosen":"MKU","items_purchased":["MokouMod:HeartofFire"],"campfire_rested":0,"item_purchase_floors":[2],"current_hp_per_floor":[72,72,72,72,72,45,45,45],"gold":100,"neow_bonus":"THREE_SMALL_POTIONS","is_daily":false,"chose_seed":false,"campfire_upgraded":0,"win_rate":0.0,"timestamp":1607813335,"path_taken":["M","$","?","?","?","E"],"items_purchased_type":["Card"],"build_version":"2020-11-30","purchased_purges":0,"victory":false,"max_hp_per_floor":[75,75,75,75,75,75,75,75],"card_choices":[{"not_picked":["MokouMod:InfernalWave","MokouMod:Sear"],"picked":"MokouMod:ImperishableFlame","floor":1},{"not_picked":["MokouMod:FlareStarter","MokouMod:RoaringFlare"],"picked":"MokouMod:IgneousBlow","floor":5}],"player_experience":505356,"relics_obtained":[{"floor":6,"key":"Bag of Preparation"}],"event_choices":[{"damage_healed":0,"gold_gain":0,"player_choice":"Trade","damage_taken":0,"relics_obtained":["CultistMask"],"max_hp_gain":0,"max_hp_loss":0,"event_name":"FaceTrader","floor":3,"gold_loss":0}],"is_beta":false,"boss_relics":[],"items_purged_floors":[],"is_endless":false,"potions_floor_spawned":[5],"killed_by":"Gremlin Nob","ascension_level":0}}