{"host":"mg76ttosiqzmuff4","time":1607769787,"event":{"mods":["BaseMod","Block Reminder","Colored Powertips","Googly Eyes","Minty Spire (QoL Compilation)","Quick Restart","Relic Stats","StSLib","Waifu the Spire","everything is the same but u backflip on backflip","slay the spire mod where everything is the same but ironclad has a cowboy hat"],"gold_per_floor":[119,139,24,43,118,118,151,151,175,191,77,103,25,42,42,137,137,154,154,169,169,169,169,169],"floor_reached":23,"playtime":901,"items_purged":[],"score":229,"play_id":"b07974e8-bf27-4ac7-a73d-4709b477a2b1","local_time":"20201212134307","is_ascension_mode":true,"campfire_choices":[{"data":"Genetic Algorithm","floor":6,"key":"SMITH"},{"data":"Capacitor","floor":8,"key":"SMITH"},{"floor":15,"key":"REST"}],"circlet_count":0,"master_deck":["Strike_B","Strike_B","Strike_B","Strike_B","Defend_B+1","Defend_B","Defend_B","Defend_B","Zap","Dualcast","Auto Shields","Ball Lightning","Capacitor+1","Lockon","Genetic Algorithm+1","Conserve Battery+1","Leap","Consume","Cold Snap","Echo Form","Self Repair","Steam","Creative AI","CurseOfTheBell","Conserve Battery","Capacitor","Chill","Capacitor+1"],"relics":["Cracked Core","NeowsBlessing","PreservedInsect","War Paint","Regal Pillow","Calling Bell","Bag of Preparation","Mummified Hand","Shovel"],"acts_visited":["Exordium","TheCity"],"potions_floor_usage":[23],"damage_taken":[{"damage":0,"enemies":"Cultist","floor":1,"turns":1},{"damage":0,"enemies":"2 Louse","floor":2,"turns":1},{"damage":0,"enemies":"Jaw Worm","floor":4,"turns":1},{"damage":28,"enemies":"Gremlin Nob","floor":7,"turns":4},{"damage":17,"enemies":"Exordium Wildlife","floor":10,"turns":4},{"damage":8,"enemies":"Lagavulin","floor":12,"turns":5},{"damage":10,"enemies":"Large Slime","floor":14,"turns":7},{"damage":16,"enemies":"The Guardian","floor":16,"turns":13},{"damage":5,"enemies":"Chosen","floor":18,"turns":6},{"damage":18,"enemies":"3 Byrds","floor":20,"turns":3},{"damage":65,"enemies":"Book of Stabbing","floor":23,"turns":5}],"seed_played":"8342449860791373256","potions_obtained":[{"floor":4,"key":"Dexterity Potion"},{"floor":10,"key":"Explosive Potion"},{"floor":12,"key":"SteroidPotion"},{"floor":16,"key":"BlessingOfTheForge"}],"is_trial":false,"path_per_floor":["M","M","$","M","?","R","E","R","T","M","$","E","$","M","R","B",null,"M","?","M","?","?","E"],"character_chosen":"DEFECT","items_purchased":["Capacitor","Lockon","Consume","Cold Snap","Self Repair"],"campfire_rested":1,"item_purchase_floors":[3,3,11,11,13],"current_hp_per_floor":[75,75,75,75,64,64,36,36,36,19,19,11,11,8,45,29,75,70,70,59,59,59,0,0],"gold":169,"neow_bonus":"THREE_ENEMY_KILL","is_daily":false,"chose_seed":false,"campfire_upgraded":2,"win_rate":0.0,"timestamp":1607769787,"path_taken":["M","?","$","M","?","R","E","R","T","M","$","E","$","M","R","BOSS","M","?","M","?","?","E"],"items_purchased_type":["Card","Card","Card","Card","Card"],"build_version":"2020-11-30","purchased_purges":0,"victory":false,"max_hp_per_floor":[75,75,75,75,75,75,75,75,75,75,75,75,75,75,75,75,75,75,75,75,75,75,75,75],"relic_stats":{"Regal Pillow":15,"Shovel":0,"counters":[11,50],"Mummified Hand":[24],"PreservedInsect":69,"Bag of Preparation":[6],"War Paint":["Defend_B","Conserve Battery"],"obtain_stats":[{"Calling Bell":17,"Regal Pillow":12,"Shovel":17,"NeowsBlessing":0,"Mummified Hand":17,"PreservedInsect":7,"Bag of Preparation":17,"War Paint":9,"Cracked Core":0},{"Calling Bell":8,"Regal Pillow":6,"Shovel":8,"NeowsBlessing":0,"Mummified Hand":8,"PreservedInsect":4,"Bag of Preparation":8,"War Paint":4,"Cracked Core":0},{"Calling Bell":36,"Regal Pillow":16,"Shovel":36,"NeowsBlessing":0,"Mummified Hand":36,"PreservedInsect":7,"Bag of Preparation":36,"War Paint":7,"Cracked Core":0}]},"card_choices":[{"not_picked":["Rebound","Compile Driver"],"picked":"Auto Shields","floor":1},{"not_picked":["Undo","Stack"],"picked":"Ball Lightning","floor":2},{"not_picked":["Sunder","Doom and Gloom"],"picked":"Genetic Algorithm","floor":4},{"not_picked":["Tempest","Redo"],"picked":"Conserve Battery","floor":7},{"not_picked":["Undo","Cold Snap"],"picked":"Leap","floor":10},{"not_picked":["Skim","Coolheaded"],"picked":"Echo Form","floor":12},{"not_picked":["Streamline","Beam Cell"],"picked":"Steam","floor":14},{"not_picked":["Hyperbeam","Thunder Strike"],"picked":"Creative AI","floor":16},{"not_picked":["Compile Driver+1","Go for the Eyes"],"picked":"Conserve Battery","floor":18},{"not_picked":["Hello World","Streamline"],"picked":"Chill","floor":20}],"player_experience":133991,"relics_obtained":[{"floor":7,"key":"PreservedInsect"},{"floor":9,"key":"War Paint"},{"floor":12,"key":"Regal Pillow"},{"floor":17,"key":"Bag of Preparation"},{"floor":17,"key":"Mummified Hand"},{"floor":17,"key":"Shovel"}],"event_choices":[{"damage_healed":0,"gold_gain":75,"player_choice":"Gather Gold","damage_taken":11,"max_hp_gain":0,"max_hp_loss":0,"event_name":"World of Goop","floor":5,"gold_loss":0},{"damage_healed":0,"gold_gain":0,"player_choice":"Read","damage_taken":0,"max_hp_gain":0,"max_hp_loss":0,"event_name":"The Library","floor":19,"gold_loss":0,"cards_obtained":["Capacitor"]},{"damage_healed":0,"gold_gain":0,"player_choice":"Ignored","damage_taken":0,"max_hp_gain":0,"max_hp_loss":0,"event_name":"Vampires","floor":21,"gold_loss":0},{"damage_healed":0,"gold_gain":0,"player_choice":"Copied","damage_taken":0,"max_hp_gain":0,"max_hp_loss":0,"event_name":"Duplicator","floor":22,"gold_loss":0,"cards_obtained":["Capacitor"]}],"is_beta":false,"boss_relics":[{"not_picked":["Coffee Dripper","Runic Pyramid"],"picked":"Calling Bell"}],"items_purged_floors":[],"is_endless":false,"potions_floor_spawned":[4,10,12,14,16,18],"killed_by":"Book of Stabbing","ascension_level":3}}