{"host":"0vkf1k7bkmi4whcf","time":1607800671,"event":{"mods":["Bartender","BaseMod","Better Third Choice","CapriCore","Displayed Cursed Tome","Downfall","GungeonMod","Koishi","Marisa????????","Minty Spire (QoL Compilation)","Reimu??????","Relic Stats","Remilia??????","StSLib","Td1madao Mod","The Alterego","The Immortal","The Servant 0.9.4","The Wild Card","Waifu the Spire","Yuyuko","???????????mod"],"gold_per_floor":[130,48,48,65,37,72,72,86,110,110,166,185,217,217,217,296,296,313,33,53,53,69,69,97,97,97,147,147,147],"floor_reached":28,"playtime":1696,"items_purged":[],"score":511,"play_id":"7aed9719-f439-4a86-b002-4500db14df00","local_time":"20201212201750","is_ascension_mode":true,"campfire_choices":[{"floor":7,"key":"REST"},{"floor":15,"key":"REST"},{"data":"DarkRealmRedLine_purple","floor":23,"key":"SMITH"},{"floor":25,"key":"REST"}],"circlet_count":0,"master_deck":["AscendersBane","AT_purpleEX+1","AT_purpleEX+1","AT_purpleEX+1","AT_purpleEX+1","Defend_purpleEX+1","Defend_purpleEX+1","Defend_purpleEX+1","Observe_purple_1","Observe_purple_2+1","ExternalForce_HighSpeedFlying_purple","Mirror_FormAndEmptin_purple","DimensionStaggered_purple","AdvanceAttack_purple","StateErode_purple","Shallow_ocean_purpleEX","DarkRealmRedLine_purple+1","RealityDreamConfluencek_purple","Boundary_ObjectiveBoundary_purple","MeetDecomposer_purple","Reaper","Fancifulhole_purple","SfantasyHide_purple","expansioncontent:DashGenerateEvil","Mirror_FourBoundary_purple","DimensionStaggered_purple","Boundary_DreamRealityDamnation_purple","MNeedle_purple","Anti_communist_purple+1"],"relics":["Boundary_crack","Memoryfragments_purpleEX","War Paint","Regal Pillow","DemoMod:Antibody","DemoMod:LamentConfigurum","Sozu","Centennial Puzzle","Bottled Flame","Bird Faced Urn"],"acts_visited":["Exordium","TheCity"],"potions_floor_usage":[6,16,24],"damage_taken":[{"damage":6,"enemies":"2 Louse","floor":1,"turns":3},{"damage":8,"enemies":"Cultist","floor":4,"turns":4},{"damage":45,"enemies":"Lagavulin","floor":6,"turns":9},{"damage":3,"enemies":"Small Slimes","floor":8,"turns":6},{"damage":4,"enemies":"2 Fungi Beasts","floor":12,"turns":5},{"damage":29,"enemies":"3 Sentries","floor":13,"turns":7},{"damage":39,"enemies":"The Guardian","floor":16,"turns":16},{"damage":11,"enemies":"3 Byrds","floor":18,"turns":5},{"damage":40,"enemies":"Chosen","floor":20,"turns":7},{"damage":18,"enemies":"Snecko","floor":22,"turns":11},{"damage":39,"enemies":"Slavers","floor":24,"turns":9},{"damage":58,"enemies":"Sentry and Sphere","floor":28,"turns":7}],"seed_played":"4072479600663976714","potions_obtained":[{"floor":4,"key":"sneckomod:MuddlingPotion"},{"floor":6,"key":"Weak Potion"},{"floor":16,"key":"Guardian:BlockOnCardUsePotion"}],"is_trial":false,"path_per_floor":["M","$","?","M","$","E","R","M","T","?","?","M","E","?","R","B",null,"M","$","M","?","M","R","E","R","T","?","M"],"character_chosen":"Youkari","items_purchased":["DimensionStaggered_purple","AdvanceAttack_purple","Shallow_ocean_purpleEX","expansioncontent:DashGenerateEvil","Mirror_FourBoundary_purple","DimensionStaggered_purple"],"campfire_rested":3,"item_purchase_floors":[2,2,5,19,19,19],"current_hp_per_floor":[55,55,55,52,52,12,31,39,39,44,44,46,19,5,41,46,70,65,65,39,39,50,50,22,58,58,58,0,0],"gold":147,"neow_bonus":"TRANSFORM_CARD","is_daily":false,"chose_seed":false,"campfire_upgraded":1,"win_rate":0.0,"timestamp":1607800670,"path_taken":["M","$","?","M","$","E","R","?","T","?","?","M","E","?","R","BOSS","M","$","M","?","M","R","E","R","T","?","?"],"items_purchased_type":["Card","Card","Card","Card","Card","Card"],"build_version":"2020-11-30","purchased_purges":0,"victory":false,"max_hp_per_floor":[65,65,65,65,65,65,65,65,65,70,70,70,70,70,70,70,70,70,70,70,70,70,70,70,70,70,70,70,70],"relic_stats":{"Sozu":2,"Regal Pillow":30,"Centennial Puzzle":[1],"counters":[12,89],"Bird Faced Urn":[0],"War Paint":["Defend_purpleEX","Observe_purple_2"],"obtain_stats":[{"Sozu":17,"Regal Pillow":9,"Centennial Puzzle":24,"Bottled Flame":26,"DemoMod:Antibody":13,"Bird Faced Urn":28,"DemoMod:LamentConfigurum":14,"DemoMod:GlassGuonStoneRelic":16,"Boundary_crack":0,"War Paint":6,"Memoryfragments_purpleEX":0},{"Sozu":7,"Regal Pillow":4,"Centennial Puzzle":11,"Bottled Flame":11,"DemoMod:Antibody":6,"Bird Faced Urn":12,"DemoMod:LamentConfigurum":6,"DemoMod:GlassGuonStoneRelic":7,"Boundary_crack":0,"War Paint":3,"Memoryfragments_purpleEX":0},{"Sozu":50,"Regal Pillow":22,"Centennial Puzzle":82,"Bottled Flame":82,"DemoMod:Antibody":34,"Bird Faced Urn":87,"DemoMod:LamentConfigurum":34,"DemoMod:GlassGuonStoneRelic":50,"Boundary_crack":0,"War Paint":16,"Memoryfragments_purpleEX":0}]},"card_choices":[{"not_picked":["SfantasyHide_purple","SharpContractionReality_purple"],"picked":"Mirror_FormAndEmptin_purple","floor":1},{"not_picked":["Mirror_WaveAndshot_purple","Mirror_FormAndEmptin_purple"],"picked":"StateErode_purple","floor":4},{"not_picked":["Shallow_ocean_purpleEX","Computing_the_future_purpleEX"],"picked":"DarkRealmRedLine_purple","floor":6},{"not_picked":["Shallow_ocean_purpleEX","ExistenceContinue_purple"],"picked":"RealityDreamConfluencek_purple","floor":8},{"not_picked":["RuleDissolution_purple","Realm_recovery_purpleEX"],"picked":"Boundary_ObjectiveBoundary_purple","floor":12},{"not_picked":["Yakumo_Ran_purple","StateErode_purple"],"picked":"MeetDecomposer_purple","floor":13},{"not_picked":["D_absorption_purple","ProofOfUnderstanding_purple"],"picked":"Fancifulhole_purple","floor":16},{"not_picked":["Line_surface_state_purple","Realm_recovery_purpleEX"],"picked":"SfantasyHide_purple","floor":18},{"not_picked":["Mirror_FormAndEmptin_purple","SharpContractionReality_purple"],"picked":"Boundary_DreamRealityDamnation_purple","floor":20},{"not_picked":["Extrememeaning_purpleEX","MetroBOOM_purple"],"picked":"MNeedle_purple","floor":22},{"not_picked":["AdvanceAttack_purple","Umbrella_purple"],"picked":"Anti_communist_purple+1","floor":24}],"player_experience":705111,"relics_obtained":[{"floor":6,"key":"War Paint"},{"floor":9,"key":"Regal Pillow"},{"floor":13,"key":"DemoMod:Antibody"},{"floor":24,"key":"Centennial Puzzle"},{"floor":26,"key":"Bottled Flame"}],"event_choices":[{"damage_healed":0,"gold_gain":0,"player_choice":"Ignored","damage_taken":0,"max_hp_gain":0,"max_hp_loss":0,"event_name":"WeMeetAgain","floor":3,"gold_loss":0},{"damage_healed":0,"gold_gain":56,"player_choice":"Gained Gold","damage_taken":0,"max_hp_gain":0,"max_hp_loss":0,"event_name":"Golden Wing","floor":11,"gold_loss":0},{"damage_healed":0,"gold_gain":0,"player_choice":"Simplicity","damage_taken":0,"max_hp_gain":0,"max_hp_loss":6,"event_name":"betterThird:BetterWriting","floor":21,"gold_loss":0},{"damage_healed":0,"gold_gain":50,"player_choice":"Steal","damage_taken":0,"max_hp_gain":0,"max_hp_loss":0,"event_name":"betterThird:BetterNest","floor":27,"gold_loss":0}],"is_beta":false,"boss_relics":[{"not_picked":["Coffee Dripper","Ectoplasm"],"picked":"Sozu"}],"items_purged_floors":[],"is_endless":false,"potions_floor_spawned":[4,6,16,20,22],"killed_by":"Sentry and Sphere","ascension_level":18}}