{"host":"a1eatafr7pisesky","time":1607759283,"event":{"mods":["BaseMod","Colored Map","DeckTracker","Highlight Path","Keyboard Shortcuts","Minty Spire (QoL Compilation)","Permanent Neow","Random Character Button","StSLib","SuperFastMode","everything is the same but u backflip on backflip"],"gold_per_floor":[218,237,256,266,278,278,296,296,323,323,337,337,43,67,67,168,168,180,180,9,9,28,28,56,155,155,186,218,218,218,237,237,341,341,359,359,359,369,388,422,422,442,466,497,287,139,139,154,154,154,154,154,14,48,48],"floor_reached":56,"playtime":1844,"items_purged":["Strike_G","Writhe","Strike_G","Strike_G","Strike_G"],"score":1356,"play_id":"626e7fab-3a6f-40ba-b0f5-85b23180e508","local_time":"20201212164803","is_ascension_mode":true,"campfire_choices":[{"floor":6.0,"key":"REST"},{"data":"Crippling Poison","floor":8.0,"key":"SMITH"},{"data":"Cloak And Dagger","floor":15.0,"key":"SMITH"},{"data":"Envenom","floor":23.0,"key":"SMITH"},{"floor":29.0,"key":"REST"},{"floor":32.0,"key":"REST"},{"floor":41.0,"key":"REST"},{"floor":49.0,"key":"RECALL"},{"data":"Adrenaline","floor":52.0,"key":"SMITH"}],"circlet_count":0,"master_deck":["Defend_G","Defend_G","Defend_G","Survivor","Neutralize","PiercingWail","Crippling Poison+1","Cloak And Dagger+1","Corpse Explosion","Quick Slash","Envenom+1","Cloak And Dagger","Adrenaline+1","Burst","Acrobatics","Deadly Poison","Footwork","Backflip+1","Cloak And Dagger+1","Noxious Fumes+1","Deadly Poison","Tactician+1","Leg Sweep"],"relics":["Ring of the Snake","PreservedInsect","Membership Card","Snake Skull","Toy Ornithopter","SacredBark","Lantern","Bottled Tornado","Nunchaku","HornCleat","Vajra","Red Mask","Bottled Lightning","Runic Pyramid","Pen Nib","Anchor","Calipers","MealTicket","Ancient Tea Set","TheAbacus","Centennial Puzzle"],"acts_visited":["Exordium","TheCity","TheBeyond","TheEnding"],"potions_floor_usage":[55,55,55],"damage_taken":[{"damage":14.0,"enemies":"2 Louse","floor":1.0,"turns":3.0},{"damage":2.0,"enemies":"Cultist","floor":2.0,"turns":4.0},{"damage":1.0,"enemies":"Small Slimes","floor":3.0,"turns":4.0},{"damage":31.0,"enemies":"Exordium Thugs","floor":4.0,"turns":8.0},{"damage":14.0,"enemies":"Blue Slaver","floor":5.0,"turns":4.0},{"damage":3.0,"enemies":"Looter","floor":7.0,"turns":4.0},{"damage":14.0,"enemies":"2 Fungi Beasts","floor":11.0,"turns":3.0},{"damage":11.0,"enemies":"Slime Boss","floor":16.0,"turns":10.0},{"damage":10.0,"enemies":"Chosen","floor":18.0,"turns":5.0},{"damage":11.0,"enemies":"Shell Parasite","floor":22.0,"turns":4.0},{"damage":32.0,"enemies":"Slavers","floor":24.0,"turns":3.0},{"damage":8.0,"enemies":"Book of Stabbing","floor":27.0,"turns":5.0},{"damage":0.0,"enemies":"Masked Bandits","floor":28.0,"turns":2.0},{"damage":8.0,"enemies":"Cultist and Chosen","floor":31.0,"turns":4.0},{"damage":26.0,"enemies":"Champ","floor":33.0,"turns":8.0},{"damage":0.0,"enemies":"3 Shapes","floor":35.0,"turns":5.0},{"damage":10.0,"enemies":"3 Darklings","floor":38.0,"turns":2.0},{"damage":10.0,"enemies":"Sphere and 2 Shapes","floor":39.0,"turns":3.0},{"damage":32.0,"enemies":"Reptomancer","floor":40.0,"turns":5.0},{"damage":34.0,"enemies":"Spire Growth","floor":42.0,"turns":6.0},{"damage":10.0,"enemies":"Giant Head","floor":44.0,"turns":7.0},{"damage":2.0,"enemies":"Maw","floor":48.0,"turns":6.0},{"damage":33.0,"enemies":"Time Eater","floor":50.0,"turns":14.0},{"damage":0.0,"enemies":"Shield and Spear","floor":54.0,"turns":3.0},{"damage":51,"enemies":"The Heart","floor":55,"turns":9}],"seed_played":"8838121854545973239","potions_obtained":[{"floor":2.0,"key":"Poison Potion"},{"floor":3.0,"key":"SteroidPotion"},{"floor":4.0,"key":"Dexterity Potion"},{"floor":7.0,"key":"DuplicationPotion"},{"floor":22.0,"key":"Dexterity Potion"},{"floor":27.0,"key":"CultistPotion"},{"floor":31.0,"key":"Energy Potion"},{"floor":33.0,"key":"GhostInAJar"},{"floor":38.0,"key":"PowerPotion"},{"floor":39.0,"key":"Fruit Juice"},{"floor":40.0,"key":"SteroidPotion"}],"is_trial":false,"path_per_floor":["M","M","M","M","M","R","M","R","T","?","M","?","$","T","R","B",null,"M","?","$","?","M","R","E","?","T","E","?","R","T","M","R","B",null,"M","?","T","M","M","E","R","M","T","E","$","$","?","M","R","B",null,"R","$","E","B",null],"character_chosen":"THE_SILENT","items_purchased":["Membership Card","Snake Skull","Adrenaline","Bottled Tornado","MealTicket","Ancient Tea Set","TheAbacus","Dexterity Potion","Poison Potion"],"campfire_rested":4,"item_purchase_floors":[13,13,13,20,45,45,46,53,53],"current_hp_per_floor":[56,54,53,22,8,29,26,26,26,26,12,12,12,12,12,11,70,60,60,60,60,49,49,17,17,17,9,14,35,35,27,48,37,70,70,70,70,60,65,33,57,23,23,13,13,28,28,26,26,3,76,76,76,76,25],"gold":48,"neow_bonus":"HUNDRED_GOLD","is_daily":false,"chose_seed":false,"campfire_upgraded":4,"win_rate":0.0,"timestamp":1607759283,"path_taken":["M","M","M","M","M","R","M","R","T","?","?","?","$","?","R","BOSS","M","?","?","?","M","R","E","?","T","E","?","R","?","M","R","BOSS","M","?","?","M","M","E","R","M","T","E","?","$","?","M","R","BOSS","R","$","E","BOSS"],"items_purchased_type":["Relic","Relic","Card","Relic","Relic","Relic","Relic","Potion","Potion"],"build_version":"2020-11-30","purchased_purges":5,"victory":true,"max_hp_per_floor":[70,70,70,70,70,70,70,70,70,70,70,70,70,70,70,70,70,70,70,70,70,70,70,70,70,70,70,70,70,70,70,70,70,70,70,70,70,70,80,80,80,80,80,80,80,80,76,76,76,76,76,76,76,76,76],"card_choices":[{"not_picked":["Acrobatics","Distraction"],"picked":"PiercingWail","floor":1.0},{"not_picked":["Blade Dance","Outmaneuver"],"picked":"Crippling Poison","floor":2.0},{"not_picked":["Calculated Gamble","Outmaneuver","Bane"],"picked":"SKIP","floor":3.0},{"not_picked":["Flying Knee","PiercingWail"],"picked":"Cloak And Dagger","floor":4.0},{"not_picked":["Leg Sweep","Dodge and Roll"],"picked":"Corpse Explosion","floor":5.0},{"not_picked":["All Out Attack","Outmaneuver"],"picked":"Quick Slash","floor":7.0},{"not_picked":["Quick Slash","Flying Knee"],"picked":"Cloak And Dagger","floor":11.0},{"not_picked":["Die Die Die","Adrenaline"],"picked":"Burst","floor":16.0},{"not_picked":["Dagger Spray","Blade Dance+1"],"picked":"Acrobatics","floor":18.0},{"not_picked":["Underhanded Strike","Dodge and Roll"],"picked":"Footwork","floor":22.0},{"not_picked":["Expertise","Flying Knee+1","Distraction"],"picked":"SKIP","floor":24.0},{"not_picked":["Underhanded Strike","Slice+1","Acrobatics"],"picked":"SKIP","floor":27.0},{"not_picked":["Deflect+1","Endless Agony"],"picked":"Backflip+1","floor":28.0},{"not_picked":["Skewer","Poisoned Stab"],"picked":"Cloak And Dagger+1","floor":31.0},{"not_picked":["Caltrops+1","Reflex+1","Quick Slash+1"],"picked":"SKIP","floor":35.0},{"not_picked":["Sucker Punch","Acrobatics"],"picked":"Noxious Fumes+1","floor":38.0},{"not_picked":["Distraction+1","Acrobatics+1","All Out Attack+1"],"picked":"SKIP","floor":39.0},{"not_picked":["Distraction","Blade Dance+1"],"picked":"Deadly Poison","floor":40.0},{"not_picked":["Choke","Infinite Blades+1"],"picked":"Tactician+1","floor":42.0},{"not_picked":["Backflip+1","Bouncing Flask+1"],"picked":"Leg Sweep","floor":44.0},{"not_picked":["Predator+1","Burst","Outmaneuver"],"picked":"SKIP","floor":48.0},{"not_picked":["Phantasmal Killer","Backstab+1","Dagger Throw+1"],"picked":"SKIP","floor":54.0}],"player_experience":199872,"relics_obtained":[{"floor":9.0,"key":"PreservedInsect"},{"floor":14.0,"key":"Toy Ornithopter"},{"floor":24.0,"key":"Nunchaku"},{"floor":26.0,"key":"HornCleat"},{"floor":27.0,"key":"Vajra"},{"floor":28.0,"key":"Red Mask"},{"floor":30.0,"key":"Bottled Lightning"},{"floor":37.0,"key":"Pen Nib"},{"floor":40.0,"key":"Anchor"},{"floor":44.0,"key":"Calipers"},{"floor":54.0,"key":"Centennial Puzzle"}],"event_choices":[{"damage_healed":0.0,"max_hp_gain":0.0,"max_hp_loss":0.0,"gold_gain":0.0,"cards_transformed":["Defend_G"],"event_name":"Transmorgrifier","player_choice":"Transformed","floor":10.0,"gold_loss":0.0,"damage_taken":0.0,"cards_obtained":["Envenom"]},{"cards_removed":["Strike_G"],"damage_healed":0.0,"max_hp_gain":0.0,"max_hp_loss":0.0,"gold_gain":0.0,"event_name":"Purifier","player_choice":"Purged","floor":12.0,"gold_loss":0.0,"damage_taken":0.0},{"damage_healed":0.0,"max_hp_gain":0.0,"max_hp_loss":0.0,"gold_gain":0.0,"event_name":"The Mausoleum","player_choice":"Opened","floor":19.0,"gold_loss":0.0,"damage_taken":0.0,"relics_obtained":["Lantern"],"cards_obtained":["Writhe"]},{"damage_healed":0.0,"max_hp_gain":0.0,"max_hp_loss":0.0,"gold_gain":0.0,"event_name":"The Library","player_choice":"Read","floor":21.0,"gold_loss":0.0,"damage_taken":0.0,"cards_obtained":["Deadly Poison"]},{"damage_healed":0.0,"max_hp_gain":0.0,"max_hp_loss":0.0,"gold_gain":99.0,"event_name":"Nest","player_choice":"Stole From Cult","floor":25.0,"gold_loss":0.0,"damage_taken":0.0},{"damage_healed":0.0,"max_hp_gain":0.0,"max_hp_loss":0.0,"gold_gain":0.0,"event_name":"Masked Bandits","player_choice":"Fought Bandits","floor":28.0,"gold_loss":0.0,"damage_taken":0.0},{"cards_removed":["Defend_G"],"damage_healed":0.0,"max_hp_gain":0.0,"max_hp_loss":0.0,"gold_gain":0.0,"event_name":"Falling","player_choice":"Removed Skill","floor":36.0,"gold_loss":0.0,"damage_taken":0.0},{"damage_healed":0.0,"max_hp_gain":0.0,"max_hp_loss":4.0,"gold_gain":0.0,"event_name":"Winding Halls","player_choice":"Max HP","floor":47.0,"gold_loss":0.0,"damage_taken":0.0}],"is_beta":false,"boss_relics":[{"not_picked":["WristBlade","Velvet Choker"],"picked":"SacredBark"},{"not_picked":["Sozu","Coffee Dripper"],"picked":"Runic Pyramid"}],"items_purged_floors":[13,20,45,46,53],"is_endless":false,"potions_floor_spawned":[2,3,4,7,11,22,27,31,33,38,39,40],"ascension_level":2}}