{"host":"i09pxcjttd31eh4q","time":1607766755,"event":{"mods":["AchievementEnabler","BaseMod","Colored Map","Keyboard Shortcuts","Minty Spire (QoL Compilation)","StSLib","SuperFastMode"],"gold_per_floor":[109,125,50,69,69,69,94,94,94,2,54,54,54,88,88,88,88],"floor_reached":16,"playtime":327,"items_purged":["Strike_P"],"score":201,"play_id":"4ff50068-0e65-45a3-8e3c-b1c47f9127f4","local_time":"20201212185235","is_ascension_mode":true,"campfire_choices":[{"floor":6,"key":"REST"},{"data":"MentalFortress","floor":12,"key":"SMITH"},{"data":"Finesse","floor":15,"key":"SMITH"}],"circlet_count":0,"master_deck":["AscendersBane","Strike_P","Strike_P","Defend_P","Defend_P","Defend_P+1","Eruption+1","Vigilance","FearNoEvil","EmptyFist","MentalFortress+1","Finesse+1"],"relics":["PureWater","Singing Bowl","Pen Nib","Bag of Marbles","Bottled Lightning"],"acts_visited":["Exordium"],"potions_floor_usage":[14,16],"damage_taken":[{"damage":4,"enemies":"Cultist","floor":1,"turns":5},{"damage":2,"enemies":"Small Slimes","floor":2,"turns":4},{"damage":6,"enemies":"2 Louse","floor":4,"turns":3},{"damage":28,"enemies":"Lagavulin","floor":7,"turns":7},{"damage":10,"enemies":"3 Sentries","floor":14,"turns":6},{"damage":9,"enemies":"Hexaghost","floor":16,"turns":9}],"seed_played":"-9103343461752138914","potions_obtained":[{"floor":7,"key":"GamblersBrew"},{"floor":14,"key":"GamblersBrew"}],"is_trial":false,"path_per_floor":["M","M","$","M","?","R","E","?","T","$","T","R","$","E","R","B"],"character_chosen":"WATCHER","items_purchased":["Finesse"],"campfire_rested":1,"item_purchase_floors":[10],"current_hp_per_floor":[57,55,55,49,29,49,21,14,14,14,14,14,14,6,6,0,0],"gold":88,"neow_bonus":"REMOVE_CARD","is_daily":false,"chose_seed":false,"campfire_upgraded":2,"win_rate":0.0,"timestamp":1607766755,"path_taken":["M","M","$","?","?","R","E","?","T","?","?","R","?","E","R","BOSS"],"items_purchased_type":["Card"],"build_version":"2020-11-30","purchased_purges":1,"victory":false,"max_hp_per_floor":[68,68,68,68,68,68,68,68,68,68,68,68,68,70,70,70,70],"card_choices":[{"not_picked":["FlyingSleeves","Weave"],"picked":"FearNoEvil","floor":1},{"not_picked":["JustLucky","Consecrate","ThirdEye"],"picked":"SKIP","floor":2},{"not_picked":["EmptyBody","Sanctity"],"picked":"EmptyFist","floor":4},{"not_picked":["Prostrate","DeusExMachina"],"picked":"MentalFortress","floor":7},{"not_picked":["PathToVictory","InnerPeace","Worship"],"picked":"Singing Bowl","floor":14}],"player_experience":723227,"relics_obtained":[{"floor":7,"key":"Singing Bowl"},{"floor":9,"key":"Pen Nib"},{"floor":11,"key":"Bag of Marbles"},{"floor":14,"key":"Bottled Lightning"}],"event_choices":[{"damage_healed":0,"gold_gain":0,"player_choice":"Entered Light","damage_taken":20,"max_hp_gain":0,"max_hp_loss":0,"event_name":"Shining Light","floor":5,"gold_loss":0,"cards_upgraded":["Eruption","Defend_P"]},{"cards_removed":["Defend_P"],"damage_healed":0,"gold_gain":0,"player_choice":"Card Removal","damage_taken":7,"max_hp_gain":0,"max_hp_loss":0,"event_name":"Golden Wing","floor":8,"gold_loss":0}],"is_beta":false,"boss_relics":[],"items_purged_floors":[3],"is_endless":false,"potions_floor_spawned":[7,14],"killed_by":"Hexaghost","ascension_level":18}}