{"host":"o7j6aatxjwpw1421","time":1607765578,"event":{"mods":["2.2 Compatiblity","BaseMod","Colored Map","DeckTracker","Highlight Path","Keyboard Shortcuts","Minty Spire (QoL Compilation)","Permanent Neow","Quick Restart","StSLib","SuperFastMode","everything is the same but u backflip on backflip"],"gold_per_floor":[113,129,129,79,2,36,46,60,60,60,60,60,78,98,98,172,172,188,188,205,228,245,245,245,245],"floor_reached":24,"playtime":2035,"items_purged":[],"score":337,"play_id":"c4ee77f0-2900-45b0-939c-5b9f2d003c23","local_time":"20201212183258","is_ascension_mode":true,"campfire_choices":[{"data":"A Thousand Cuts","floor":10,"key":"SMITH"},{"data":"Tactician","floor":12,"key":"SMITH"},{"floor":15,"key":"REST"},{"data":"Underhanded Strike","floor":23,"key":"SMITH"}],"circlet_count":0,"master_deck":["AscendersBane","Survivor","Neutralize","Masterful Stab","Deadly Poison","Underhanded Strike+1","Flying Knee","Tactician+1","A Thousand Cuts+1","Prepared","Acrobatics","Die Die Die","Glass Knife","Dagger Spray","Escape Plan","Flying Knee","Corpse Explosion","Doppelganger","Unload","Riddle With Holes","Blur","Necronomicurse","Deflect","PiercingWail"],"relics":["Ring of the Snake","Tiny Chest","InkBottle","Pandora\u0027s Box","Necronomicon","Bag of Marbles"],"acts_visited":["Exordium","TheCity"],"potions_floor_usage":[13,18],"damage_taken":[{"damage":0,"enemies":"2 Louse","floor":1,"turns":3},{"damage":0,"enemies":"Small Slimes","floor":2,"turns":3},{"damage":14,"enemies":"Gremlin Nob","floor":6,"turns":4},{"damage":0,"enemies":"Jaw Worm","floor":7,"turns":3},{"damage":7,"enemies":"Exordium Thugs","floor":8,"turns":5},{"damage":0,"enemies":"Exordium Wildlife","floor":13,"turns":3},{"damage":12,"enemies":"2 Fungi Beasts","floor":14,"turns":3},{"damage":20,"enemies":"Slime Boss","floor":16,"turns":8},{"damage":0,"enemies":"3 Byrds","floor":18,"turns":2},{"damage":1,"enemies":"Chosen","floor":20,"turns":3},{"damage":12,"enemies":"Snake Plant","floor":22,"turns":3},{"damage":25,"enemies":"Slavers","floor":24,"turns":2}],"seed_played":"-7766916725446689971","potions_obtained":[{"floor":6,"key":"Weak Potion"},{"floor":7,"key":"DuplicationPotion"},{"floor":13,"key":"Swift Potion"},{"floor":16,"key":"SkillPotion"},{"floor":18,"key":"Dexterity Potion"}],"is_trial":false,"path_per_floor":["M","M","?","?","$","E","M","M","T","R","?","R","M","M","R","B",null,"M","?","M","T","M","R","E"],"character_chosen":"THE_SILENT","items_purchased":["Underhanded Strike","Flying Knee"],"campfire_rested":1,"item_purchase_floors":[5,5],"current_hp_per_floor":[56,56,56,56,56,42,42,35,35,35,40,40,40,28,52,32,70,70,54,53,53,41,41,16,16],"gold":245,"neow_bonus":"TWENTY_PERCENT_HP_BONUS","is_daily":false,"chose_seed":false,"campfire_upgraded":3,"win_rate":0.0,"timestamp":1607765578,"path_taken":["M","M","?","?","?","E","M","?","T","R","?","R","M","M","R","BOSS","M","?","M","?","M","R","E"],"items_purchased_type":["Card","Card"],"build_version":"2020-11-30","purchased_purges":0,"victory":false,"max_hp_per_floor":[78,78,78,78,78,78,78,78,78,78,83,83,83,83,83,83,83,83,83,83,83,83,83,83,83],"card_choices":[{"not_picked":["Cloak And Dagger","PiercingWail"],"picked":"Masterful Stab","floor":1},{"not_picked":["PiercingWail","Blur"],"picked":"Deadly Poison","floor":2},{"not_picked":["Quick Slash","Deflect"],"picked":"Tactician","floor":6},{"not_picked":["Poisoned Stab","All Out Attack"],"picked":"A Thousand Cuts","floor":7},{"not_picked":["Cloak And Dagger","Outmaneuver","Infinite Blades"],"picked":"SKIP","floor":8},{"not_picked":["Slice","Bane"],"picked":"Prepared","floor":13},{"not_picked":["Blade Dance","Cloak And Dagger"],"picked":"Acrobatics","floor":14},{"not_picked":["Unload","A Thousand Cuts"],"picked":"Die Die Die","floor":16},{"not_picked":["Blade Dance","Flying Knee"],"picked":"Blur","floor":18},{"not_picked":["Dagger Throw","Acrobatics"],"picked":"Deflect","floor":20},{"not_picked":["Calculated Gamble","Bouncing Flask"],"picked":"PiercingWail","floor":22}],"player_experience":215586,"relics_obtained":[{"floor":6,"key":"Tiny Chest"},{"floor":9,"key":"InkBottle"},{"floor":19,"key":"Necronomicon"},{"floor":21,"key":"Bag of Marbles"}],"event_choices":[{"cards_removed":["Strike_G"],"damage_healed":0,"gold_gain":0,"player_choice":"Forget","damage_taken":0,"max_hp_gain":0,"max_hp_loss":0,"event_name":"Living Wall","floor":3,"gold_loss":0},{"cards_removed":["Strike_G"],"damage_healed":0,"gold_gain":0,"player_choice":"Card Removal","damage_taken":0,"max_hp_gain":0,"max_hp_loss":0,"event_name":"The Cleric","floor":4,"gold_loss":50},{"damage_healed":0,"gold_gain":0,"player_choice":"Donut","damage_taken":0,"max_hp_gain":5,"max_hp_loss":0,"event_name":"Big Fish","floor":11,"gold_loss":0},{"damage_healed":0,"gold_gain":0,"player_choice":"Obtained Book","damage_taken":16,"max_hp_gain":0,"max_hp_loss":0,"event_name":"Cursed Tome","floor":19,"gold_loss":0}],"is_beta":false,"boss_relics":[{"not_picked":["Velvet Choker","Tiny House"],"picked":"Pandora\u0027s Box"}],"items_purged_floors":[],"is_endless":false,"potions_floor_spawned":[6,7,13,16,18],"killed_by":"Slavers","ascension_level":14}}