{"host":"uv231blk40vjdojr","time":1607796685,"event":{"mods":["BaseMod","Minty Spire (QoL Compilation)","Relic Stats"],"gold_per_floor":[115,34,34,34,109,137,31,31,56,56,88,101,111,145,145,221,221,146,146,146,8,8,8,8,8,8,8,8,8,8,8,8,8,8],"floor_reached":33,"playtime":1630,"items_purged":[],"score":668,"play_id":"8a70f361-82b0-48c1-be0a-150c48b8d8d1","local_time":"20201212191125","is_ascension_mode":true,"campfire_choices":[{"data":"Sweeping Beam","floor":8,"key":"SMITH"},{"data":"Loop","floor":15,"key":"SMITH"},{"data":"Static Discharge","floor":23,"key":"SMITH"},{"floor":29,"key":"REST"},{"floor":32,"key":"REST"}],"circlet_count":0,"master_deck":["AscendersBane","Strike_B","Strike_B","Strike_B","Strike_B","Defend_B","Defend_B","Defend_B","Defend_B","Zap","Dualcast","Sweeping Beam+1","Melter","Reinforced Body","Auto Shields","Compile Driver","Loop+1","Coolheaded","Chill","Electrodynamics","Skim+1","Sweeping Beam+1","Lockon","Cold Snap","Static Discharge+1","Go for the Eyes+1","Multi-Cast","Darkness","Self Repair"],"relics":["Cracked Core","NeowsBlessing","Bird Faced Urn","Blue Candle","Centennial Puzzle","Du-Vu Doll","Bag of Marbles","Nunchaku","Ectoplasm","Pear","Oddly Smooth Stone","Eternal Feather","Pen Nib"],"acts_visited":["Exordium","TheCity"],"potions_floor_usage":[16,18,28,28],"damage_taken":[{"damage":0,"enemies":"Jaw Worm","floor":1,"turns":1},{"damage":0,"enemies":"Lagavulin","floor":6,"turns":1},{"damage":0,"enemies":"Gremlin Nob","floor":11,"turns":1},{"damage":0,"enemies":"2 Louse","floor":12,"turns":2},{"damage":0,"enemies":"Small Slimes","floor":13,"turns":3},{"damage":18,"enemies":"Lagavulin","floor":14,"turns":6},{"damage":13,"enemies":"The Guardian","floor":16,"turns":9},{"damage":12,"enemies":"2 Thieves","floor":18,"turns":4},{"damage":4,"enemies":"Spheric Guardian","floor":22,"turns":3},{"damage":22,"enemies":"Chosen and Byrds","floor":24,"turns":5},{"damage":16,"enemies":"Gremlin Leader","floor":25,"turns":6},{"damage":7,"enemies":"Shelled Parasite and Fungi","floor":27,"turns":5},{"damage":18,"enemies":"Book of Stabbing","floor":28,"turns":5},{"damage":22,"enemies":"Gremlin Leader","floor":30,"turns":5},{"damage":20,"enemies":"Centurion and Healer","floor":31,"turns":4},{"damage":88,"enemies":"Collector","floor":33,"turns":10}],"seed_played":"155486613291556360","potions_obtained":[{"floor":12,"key":"SkillPotion"},{"floor":13,"key":"Energy Potion"},{"floor":18,"key":"SneckoOil"},{"floor":27,"key":"DuplicationPotion"},{"floor":30,"key":"SmokeBomb"}],"is_trial":false,"path_per_floor":["M","$","?","?","?","E","$","R","T","?","E","M","M","E","R","B",null,"M","$","?","$","M","R","M","E","T","M","E","R","E","M","R","B"],"character_chosen":"DEFECT","items_purchased":["Melter","Auto Shields","Compile Driver","Lockon","Cold Snap"],"campfire_rested":2,"item_purchase_floors":[2,7,7,21,21],"current_hp_per_floor":[64,64,64,57,46,46,46,46,46,46,46,46,48,32,32,21,59,51,51,51,51,49,49,33,33,33,30,16,55,39,25,64,0,0],"gold":8,"neow_bonus":"THREE_ENEMY_KILL","is_daily":false,"chose_seed":false,"campfire_upgraded":3,"win_rate":0.0,"timestamp":1607796685,"path_taken":["M","$","?","?","?","E","$","R","T","?","E","M","?","E","R","BOSS","M","$","?","$","M","R","M","E","T","M","E","R","E","?","R","BOSS"],"items_purchased_type":["Card","Card","Card","Card","Card"],"build_version":"2020-11-30","purchased_purges":0,"victory":false,"max_hp_per_floor":[71,71,71,71,71,71,71,71,71,71,71,71,71,71,71,71,71,71,71,71,71,71,71,71,81,81,81,81,81,81,81,81,81,81],"relic_stats":{"Centennial Puzzle":[33],"Nunchaku":[9],"counters":[16,69],"Bird Faced Urn":[52],"Blue Candle":[0],"Eternal Feather":30,"Ectoplasm":276,"Pen Nib":[2],"obtain_stats":[{"Pear":25,"NeowsBlessing":0,"Blue Candle":6,"Oddly Smooth Stone":26,"Eternal Feather":28,"Pen Nib":30,"Du-Vu Doll":10,"Centennial Puzzle":9,"Nunchaku":14,"Bird Faced Urn":3,"Ectoplasm":17,"Bag of Marbles":11,"Cracked Core":0},{"Pear":11,"NeowsBlessing":0,"Blue Candle":2,"Oddly Smooth Stone":11,"Eternal Feather":13,"Pen Nib":14,"Du-Vu Doll":2,"Centennial Puzzle":2,"Nunchaku":6,"Bird Faced Urn":1,"Ectoplasm":7,"Bag of Marbles":3,"Cracked Core":0},{"Pear":40,"NeowsBlessing":0,"Blue Candle":2,"Oddly Smooth Stone":40,"Eternal Feather":50,"Pen Nib":55,"Du-Vu Doll":2,"Centennial Puzzle":2,"Nunchaku":14,"Bird Faced Urn":1,"Ectoplasm":23,"Bag of Marbles":3,"Cracked Core":0}]},"card_choices":[{"not_picked":["Melter","Hologram"],"picked":"Sweeping Beam","floor":1},{"not_picked":["Redo","Rebound"],"picked":"Reinforced Body","floor":6},{"not_picked":["Redo","Fusion"],"picked":"Loop","floor":11},{"not_picked":["Rebound","Redo","Leap"],"picked":"SKIP","floor":12},{"not_picked":["Self Repair","Skim"],"picked":"Coolheaded","floor":13},{"not_picked":["Skim","Barrage"],"picked":"Chill","floor":14},{"not_picked":["All For One","Seek"],"picked":"Electrodynamics","floor":16},{"not_picked":["Compile Driver","Chaos"],"picked":"Skim+1","floor":18},{"not_picked":["Conserve Battery","Undo"],"picked":"Static Discharge","floor":22},{"not_picked":["Go for the Eyes","Redo","Gash+1"],"picked":"SKIP","floor":24},{"not_picked":["Glacier","Fusion"],"picked":"Go for the Eyes+1","floor":25},{"not_picked":["Turbo","Rebound"],"picked":"Multi-Cast","floor":27},{"not_picked":["Steam","Skim","Redo"],"picked":"SKIP","floor":28},{"not_picked":["Reboot","Gash+1"],"picked":"Darkness","floor":30},{"not_picked":["Scrape","Turbo"],"picked":"Self Repair","floor":31}],"player_experience":476857,"relics_obtained":[{"floor":6,"key":"Blue Candle"},{"floor":9,"key":"Centennial Puzzle"},{"floor":11,"key":"Bag of Marbles"},{"floor":14,"key":"Nunchaku"},{"floor":25,"key":"Pear"},{"floor":26,"key":"Oddly Smooth Stone"},{"floor":28,"key":"Eternal Feather"},{"floor":30,"key":"Pen Nib"}],"event_choices":[{"damage_healed":0,"gold_gain":0,"player_choice":"Box","damage_taken":0,"relics_obtained":["Bird Faced Urn"],"max_hp_gain":0,"max_hp_loss":0,"event_name":"Big Fish","floor":3,"gold_loss":0,"cards_obtained":["Regret"]},{"cards_removed":["Regret"],"damage_healed":0,"gold_gain":0,"player_choice":"Card Removal","damage_taken":7,"max_hp_gain":0,"max_hp_loss":0,"event_name":"Golden Wing","floor":4,"gold_loss":0},{"damage_healed":0,"gold_gain":75,"player_choice":"Gather Gold","damage_taken":11,"max_hp_gain":0,"max_hp_loss":0,"event_name":"World of Goop","floor":5,"gold_loss":0},{"damage_healed":0,"gold_gain":0,"player_choice":"Searched \u00271\u0027 times","damage_taken":0,"relics_obtained":["Du-Vu Doll"],"max_hp_gain":0,"max_hp_loss":0,"event_name":"Dead Adventurer","floor":10,"gold_loss":0},{"damage_healed":0,"gold_gain":0,"player_choice":"Copied","damage_taken":0,"max_hp_gain":0,"max_hp_loss":0,"event_name":"Duplicator","floor":20,"gold_loss":0,"cards_obtained":["Sweeping Beam"]}],"is_beta":false,"boss_relics":[{"not_picked":["FrozenCore","Astrolabe"],"picked":"Ectoplasm"}],"items_purged_floors":[],"is_endless":false,"potions_floor_spawned":[12,13,14,18,27,30],"killed_by":"Collector","ascension_level":16}}