{"host":"9vk21r6l9dtkpvh9","time":1607803493,"event":{"mods":["2.2 Compatiblity","AchievementEnabler","Act Like it!","Astrologer","Bard","Bartender","BaseMod","Better Altar","Better Match","Better Note","Better Sensory Stone","Better Skull","Better Third Choice","BetterRewards","CapriCore","CatGirl Mod","Colored Map","Colored Powertips","Conspire","DeckTracker","Downfall","Energized Spire","Fiend Mod","Gensokyo","GifTheSpireLib","Hermit","Hubris","Infinite Spire","Jorbs\u0027s Wanderer Trilogy","Koishi","LagranYue(???·?)","Luminous","Mad Scientist","Marisa????????","Mimic Mod","Minty Spire (QoL Compilation)","Potionbrewer","Rare Cards Sparkle","Relic Stats","Replay The Spire","SOS???????","Shade Mod","Spicy Shops","StSLib","SuperFastMode","Td1madao Mod","The Animator","The Construct","The Forsaken","The Gatherer","The Hayseed","The Hierophant","The Immortal","The Jungle","The Mystic","The Necromancer","The Runesmith","The Senshi","The Servant 0.9.4","The Trickster","The Valiant","The Wild Card","TheBandit","TheSwordswoman","TheWitcher","WarShipGirlsR/????R mod","vexMod","???Mod??????Boss"],"gold_per_floor":[159,172,283,345,396,396,454,466,466,466,525,537,587,663,675,829,841,902,914,926,938,1019,1031,1043,1104,1192,1204,1260,1331,1378,1390,1402,1602,1714,1858,1911,1955,957,910,910,845,812,889,860,820,763,698,753,753,684,684,684,541,597,621],"floor_reached":56,"playtime":4275,"items_purged":[],"score":1483,"play_id":"4b983227-2fb5-4e7f-b3b0-4493c447fbb2","local_time":"20201212150453","is_ascension_mode":false,"campfire_choices":[{"floor":6,"key":"REST"},{"data":"Royaldefend","floor":10,"key":"SMITH"},{"floor":12,"key":"REST"},{"data":"Redorb","floor":15,"key":"SMITH"},{"data":"Greenorb","floor":23,"key":"SMITH"},{"floor":32,"key":"DIG"},{"floor":40,"key":"RECALL"},{"data":"Disarm","floor":49,"key":"SMITH"},{"data":"infinitespire:SevenWalls","floor":52,"key":"SMITH"}],"circlet_count":0,"master_deck":["Attack_a","Attack_a","Attack_b","Shoot","Shoot","Provocation+1","Defend_Dante+1","Defend_Dante+1","Defend_Dante+1","Defend_Dante+1","Redorb+1","Greenorb+1","Dash1","CoyoteA","Royaldefend+1","Stylechange","Offering+1","Shrug It Off","Airtrick+1","Chargeshoot","Spot Weakness+1","VitalstarS","Necronomicurse","Millionstab","infinitespire:SevenWalls+1","Dash2+1","VitalstarM","Doubleshoot","Blueorb+1","Parasite","Shock","Darkslayer","Honeycombofire+1","Hightime+1","Disarm+1","Royaldefend","Juggernaut","Gunstinger+1","SSScard"],"relics":["SSS","Combocheck","LagranYue:RandomDrawCardRelic","Blue Doll","hubris:DisguiseKit","ReplayTheSpireMod:Shallot","MawBank","LagranYue:SoulBurningRelic","Bloody Idol","Blood Vial","Necronomicon","Anchor","Replay:Bottled Eggs","Guide Book","LagranYue:MagicReflectiveArmorRelic","hubris:Icosahedron","hubris:TenFootPole","infinitespire:EvilPickle","Replay:Wanted Poster","conspire:GiftBox","hubris:EmptyBottle","Sling","Akabeko","hubris:SphereOfDissonance","hubris:Potato","hubris:MedicalManual","Bronze Scales","Boot"],"acts_visited":["Exordium","TheCity","TheBeyond","TheEnding"],"potions_floor_usage":[7,16,25,25,33,33,33,55,55,55,55],"damage_taken":[{"damage":7,"enemies":"Cultist","floor":1,"turns":4},{"damage":1,"enemies":"2 Louse","floor":2,"turns":3},{"damage":0,"enemies":"Small Slimes","floor":4,"turns":3},{"damage":12,"enemies":"Exordium Wildlife","floor":5,"turns":6},{"damage":39,"enemies":"Lagavulin","floor":7,"turns":9},{"damage":8,"enemies":"Large Slime","floor":8,"turns":5},{"damage":9,"enemies":"Gremlin Nob","floor":11,"turns":4},{"damage":3,"enemies":"Looter","floor":13,"turns":3},{"damage":0,"enemies":"3 Louse","floor":14,"turns":3},{"damage":39,"enemies":"Fading Forest","floor":16,"turns":11},{"damage":6,"enemies":"Chosen","floor":18,"turns":3},{"damage":6,"enemies":"2 Thieves","floor":22,"turns":3},{"damage":10,"enemies":"Slavers","floor":25,"turns":3},{"damage":6,"enemies":"conspire:HollyBat","floor":28,"turns":3},{"damage":6,"enemies":"conspire:Head Lice","floor":29,"turns":4},{"damage":0,"enemies":"3 Cultists","floor":30,"turns":3},{"damage":2,"enemies":"Pondfish","floor":33,"turns":5},{"damage":0,"enemies":"Orb Walker","floor":35,"turns":4},{"damage":0,"enemies":"3 Shapes","floor":36,"turns":6},{"damage":6,"enemies":"Writhing Mass","floor":37,"turns":4},{"damage":0,"enemies":"Maw","floor":39,"turns":5},{"damage":6,"enemies":"Transient","floor":41,"turns":5},{"damage":6,"enemies":"Spire Growth","floor":42,"turns":2},{"damage":6,"enemies":"2 Orb Walkers","floor":44,"turns":2},{"damage":0,"enemies":"Sphere and 2 Shapes","floor":46,"turns":3},{"damage":0,"enemies":"Nemesis","floor":47,"turns":5},{"damage":0,"enemies":"4 Shapes","floor":48,"turns":1},{"damage":0,"enemies":"infinitespire:MassOfShapes","floor":50,"turns":9},{"damage":3,"enemies":"Shield and Spear","floor":54,"turns":5},{"damage":1,"enemies":"The Heart","floor":55,"turns":7}],"seed_played":"6119681153096006552","potions_obtained":[{"floor":1,"key":"Block Potion"},{"floor":2,"key":"SpeedPotion"},{"floor":8,"key":"Regen Potion"},{"floor":11,"key":"Ancient Potion"},{"floor":13,"key":"ColorlessPotion"},{"floor":22,"key":"Strength Potion"},{"floor":28,"key":"potionbrewer:SplittingPotion"},{"floor":29,"key":"FairyPotion"},{"floor":39,"key":"potionbrewer:DiscountPotion"},{"floor":44,"key":"hexamod:EctoCoolerPotion"},{"floor":47,"key":"LiquidBronze"}],"is_trial":false,"path_per_floor":["M","M","?","M","M","R","E","M","T","R","E","R","M","M","R","B",null,"M","?","?","?","M","R","?","E","T","AVR","M","E","M","?","R_BF","B",null,"M","M","M","$","M","R","M","M","T","?","?","M","E","M","R","B",null,"R","$","E","B",null],"character_chosen":"DANTE","items_purchased":["conspire:GiftBox","hubris:EmptyBottle","Sling","Akabeko","hubris:SphereOfDissonance","Bronze Scales"],"campfire_rested":2,"item_purchase_floors":[38,38,38,38,38,53],"current_hp_per_floor":[73,72,45,51,41,65,33,25,25,25,19,43,45,50,50,29,80,75,75,75,14,28,32,20,31,39,43,54,74,80,80,80,80,80,80,90,98,100,110,110,120,122,126,132,132,145,160,160,160,170,170,170,170,170,170],"gold":621,"neow_bonus":"","is_daily":false,"chose_seed":false,"campfire_upgraded":5,"win_rate":0.0,"timestamp":1607803493,"path_taken":["M","?","?","M","M","R","E","M","T","R","E","R","M","?","R","BOSS","M","?","?","?","M","R","?","E","T","AVR","?","E","M","?","R_BF","BOSS","M","M","M","$","M","R","M","M","T","?","?","M","E","?","R","BOSS","R","$","E","BOSS"],"items_purchased_type":["Relic","Relic","Relic","Relic","Relic","Relic"],"build_version":"2020-11-30","purchased_purges":0,"victory":true,"max_hp_per_floor":[80,80,80,80,80,80,80,80,80,80,80,80,80,80,80,80,80,80,80,80,80,80,80,80,80,80,80,80,80,80,80,80,80,80,80,90,100,100,110,110,120,130,130,140,140,150,160,160,160,170,170,170,170,170,170],"relic_stats":{"Blood Vial":8,"counters":[36,155],"Bloody Idol":96,"Bronze Scales":[99],"Necronomicon":[46],"MawBank":324,"Boot":[14],"obtain_stats":[{"LagranYue:RandomDrawCardRelic":0,"Blue Doll":3,"LagranYue:SoulBurningRelic":17,"hubris:EmptyBottle":38,"LagranYue:MagicReflectiveArmorRelic":29,"Sling":38,"Boot":54,"TheSimpletonMod:TheHarvester":0,"Blood Vial":21,"Replay:Wanted Poster":34,"hubris:Icosahedron":31,"TheSimpletonMod:SpudOfTheInnocent":0,"Necronomicon":24,"Replay:Bottled Eggs":26,"TheSimpletonMod:NightSoil":0,"hubris:DisguiseKit":7,"construct:RocketBooster":7,"Guide Book":27,"hubris:SphereOfDissonance":38,"hubris:MedicalManual":47,"Protect_Vest":9,"infinitespire:CheckeredPen":3,"MawBank":11,"Akabeko":38,"infinitespire:EvilPickle":33,"Anchor":25,"conspire:GiftBox":38,"ReplayTheSpireMod:Shallot":9,"Bloody Idol":21,"Bronze Scales":53,"hubris:TenFootPole":32,"Toy Ornithopter":5,"hubris:Potato":44},{"LagranYue:RandomDrawCardRelic":0,"Blue Doll":8,"LagranYue:SoulBurningRelic":16,"hubris:EmptyBottle":26,"LagranYue:MagicReflectiveArmorRelic":21,"Sling":26,"Boot":35,"TheSimpletonMod:TheHarvester":0,"Blood Vial":17,"Replay:Wanted Poster":23,"hubris:Icosahedron":22,"TheSimpletonMod:SpudOfTheInnocent":0,"Necronomicon":18,"Replay:Bottled Eggs":19,"TheSimpletonMod:NightSoil":0,"hubris:DisguiseKit":11,"construct:RocketBooster":2,"Guide Book":19,"hubris:SphereOfDissonance":26,"hubris:MedicalManual":32,"Protect_Vest":3,"infinitespire:CheckeredPen":1,"MawBank":13,"Akabeko":26,"infinitespire:EvilPickle":23,"Anchor":19,"conspire:GiftBox":26,"ReplayTheSpireMod:Shallot":12,"Bloody Idol":17,"Bronze Scales":34,"hubris:TenFootPole":22,"Toy Ornithopter":1,"hubris:Potato":30},{"LagranYue:RandomDrawCardRelic":0,"Blue Doll":29,"LagranYue:SoulBurningRelic":73,"hubris:EmptyBottle":111,"LagranYue:MagicReflectiveArmorRelic":89,"Sling":111,"Boot":148,"TheSimpletonMod:TheHarvester":0,"Blood Vial":76,"Replay:Wanted Poster":97,"hubris:Icosahedron":92,"TheSimpletonMod:SpudOfTheInnocent":0,"Necronomicon":79,"Replay:Bottled Eggs":82,"TheSimpletonMod:NightSoil":0,"hubris:DisguiseKit":47,"construct:RocketBooster":10,"Guide Book":82,"hubris:SphereOfDissonance":111,"hubris:MedicalManual":133,"Protect_Vest":13,"infinitespire:CheckeredPen":4,"MawBank":56,"Akabeko":111,"infinitespire:EvilPickle":97,"Anchor":82,"conspire:GiftBox":111,"ReplayTheSpireMod:Shallot":52,"Bloody Idol":76,"Bronze Scales":143,"hubris:TenFootPole":92,"Toy Ornithopter":4,"hubris:Potato":125}]},"card_choices":[{"not_picked":["Kick13","Gunslinger","Swordmaster"],"picked":"SKIP","floor":1},{"not_picked":["Ecstasy","LucifercomboA"],"picked":"Greenorb","floor":2},{"not_picked":["Enemystep","VitalstarM"],"picked":"Dash1","floor":4},{"not_picked":["Weaponupgrade","Weaponchange"],"picked":"CoyoteA","floor":5},{"not_picked":["EbonyIvory","LucifercomboD"],"picked":"Royaldefend","floor":7},{"not_picked":["Swordmaster","BeastUppercut","Hightime","hubris:CleavingFinish"],"picked":"SKIP","floor":8},{"not_picked":["Kick13","Pandora","Thunderclap"],"picked":"Stylechange","floor":11},{"not_picked":["Rebellion","LucifercomboB","Kick13"],"picked":"Offering","floor":13},{"not_picked":["Ecstasy","Fullhouse","Rebellion"],"picked":"Shrug It Off","floor":14},{"not_picked":["Royalguard","Weaponreturn","Feed"],"picked":"Airtrick","floor":16},{"not_picked":["Lucifer+1","LucifercomboB","Shrug It Off"],"picked":"Chargeshoot","floor":18},{"not_picked":["Whiteorb","Unrisingdragon","Twin Strike"],"picked":"VitalstarS","floor":22},{"not_picked":["VitalstarS","LucifercomboB","Body Slam"],"picked":"Millionstab","floor":25},{"not_picked":["Rebellion","SSScard","Shrug It Off"],"picked":"Dash2+1","floor":28},{"not_picked":["CoyoteA","LucifercomboA+1","Heavy Blade"],"picked":"VitalstarM","floor":29},{"not_picked":["Chargeshoot","Pandora","Headbutt"],"picked":"Doubleshoot","floor":30},{"not_picked":["VitalstarL","Stylechange","Bludgeon"],"picked":"Blueorb","floor":33},{"not_picked":["VitalstarS","Gilgamesh+1","Weaponupgrade+1","Twin Strike"],"picked":"SKIP","floor":35},{"not_picked":["LucifercomboA","Gilgamesh","Millionkick+1","Anger"],"picked":"SKIP","floor":36},{"not_picked":["Weaponchange","EbonyIvory+1","Twin Strike"],"picked":"Shock","floor":37},{"not_picked":["Swordcombo","Weaponreturn"],"picked":"Darkslayer","floor":38},{"not_picked":["Holywater","Doubleshoot+1","Shrug It Off"],"picked":"Honeycombofire+1","floor":39},{"not_picked":["Weaponchange","Chargeshoot+1","Immolate"],"picked":"Hightime+1","floor":41},{"not_picked":["Gilgamesh","DevilstarS","Honeycombofire+1"],"picked":"Disarm","floor":42},{"not_picked":["Straight+1","Ecstasy","Clothesline"],"picked":"Royaldefend","floor":44},{"not_picked":["EbonyIvory","Gunslinger","Chargeshoot+1","Shockwave"],"picked":"SKIP","floor":46},{"not_picked":["EbonyIvory","Swordmaster","VitalstarM"],"picked":"Juggernaut","floor":47},{"not_picked":["DevilstarL","Greenorb","Flex"],"picked":"Gunstinger+1","floor":48},{"not_picked":["Shock+1","LucifercomboB+1","Flex"],"picked":"SSScard","floor":54}],"player_experience":580819,"relics_obtained":[{"floor":7,"key":"hubris:DisguiseKit"},{"floor":9,"key":"ReplayTheSpireMod:Shallot"},{"floor":11,"key":"MawBank"},{"floor":24,"key":"Necronomicon"},{"floor":25,"key":"Anchor"},{"floor":26,"key":"Replay:Bottled Eggs"},{"floor":29,"key":"LagranYue:MagicReflectiveArmorRelic"},{"floor":32,"key":"hubris:TenFootPole"},{"floor":44,"key":"hubris:Potato"},{"floor":47,"key":"hubris:MedicalManual"},{"floor":54,"key":"Boot"}],"event_choices":[{"damage_healed":0,"gold_gain":111,"player_choice":"RE GO ","damage_taken":30,"relics_obtained":["Blue Doll"],"max_hp_gain":0,"max_hp_loss":0,"event_name":"betterSkull:BetterSkull","floor":3,"gold_loss":0,"cards_upgraded":[]},{"cards_removed":["Royaldefend"],"damage_healed":0,"gold_gain":0,"player_choice":"Take \u0026 Give","damage_taken":0,"max_hp_gain":0,"max_hp_loss":0,"event_name":"betterNote:BetterNote","floor":19,"gold_loss":0,"cards_obtained":["Spot Weakness"]},{"damage_healed":0,"gold_gain":0,"player_choice":"Leave","damage_taken":0,"max_hp_gain":0,"max_hp_loss":0,"event_name":"conspire:Investor","floor":20,"gold_loss":0},{"damage_healed":0,"gold_gain":0,"player_choice":" Idol Vial ","damage_taken":61,"relics_obtained":["Bloody Idol","Blood Vial"],"max_hp_gain":75,"max_hp_loss":14,"event_name":"betterAltar:BetterAltar","floor":21,"potions_obtained":[],"relics_lost":[],"gold_loss":0},{"damage_healed":0,"gold_gain":0,"player_choice":"Obtained Book","damage_taken":16,"max_hp_gain":0,"max_hp_loss":0,"event_name":"Cursed Tome","floor":24,"gold_loss":0},{"damage_healed":0,"gold_gain":0,"player_choice":"Fight","damage_taken":0,"max_hp_gain":0,"max_hp_loss":0,"event_name":"Mysterious Sphere","floor":44,"gold_loss":0},{"damage_healed":0,"gold_gain":0,"player_choice":"Upgraded Two","damage_taken":0,"max_hp_gain":0,"max_hp_loss":0,"event_name":"Designer","floor":45,"gold_loss":40,"cards_upgraded":["Blueorb","Provocation"]}],"is_beta":false,"boss_relics":[{"not_picked":["Fusion Hammer","construct:WeddingRing"],"picked":"LagranYue:SoulBurningRelic"},{"not_picked":["Black Star","energizedSpire:NeverEndingSparkler"],"picked":"Replay:Wanted Poster"}],"items_purged_floors":[],"is_endless":false,"potions_floor_spawned":[1,2,8,11,13,14,22,28,29,30,39,44,47],"ascension_level":0}}