{"host":"fbqvzfq8f1yzoo4u","time":1607790367,"event":{"mods":["BaseMod","Minty Spire (QoL Compilation)","Replay The Spire","StSLib"],"gold_per_floor":[116,130,144,61,61,94,40,40,67,67,83,83,59,74,74,152,152,162,5,5,5,5,19,31,31,46,46,46,46,58,76,76,76],"floor_reached":32,"playtime":1521,"items_purged":[],"score":513,"play_id":"25abba67-4129-43c6-96ac-6be27c40014b","local_time":"20201213002607","is_ascension_mode":true,"campfire_choices":[{"floor":8.0,"key":"REST"},{"floor":10.0,"key":"REST"},{"data":"Chaos","floor":15.0,"key":"SMITH"},{"floor":25.0,"key":"REST"}],"circlet_count":0,"master_deck":["AscendersBane","Zap","Dualcast","Rainbow","Loop","Scrape","Crystallizer","Streamline","Reinforced Body","Chaos+1","BootSequence","Conserve Battery","Auto Shields","Redo","Defragment","Defragment","Aggregate","Coolheaded","Consume","Stack","Cold Snap+1","Darkness","Redo","Conserve Battery+1","Blizzard","Go for the Eyes","Hologram+1","Stack","Stack","Stack"],"relics":["Pandora\u0027s Box","Replay:Baseball","Toy Ornithopter","SlaversCollar","Prayer Wheel","Orichalcum","Replay:Antivirus Software","Onion Ring"],"acts_visited":["Exordium","TheCity"],"potions_floor_usage":[31,31],"damage_taken":[{"damage":12.0,"enemies":"Jaw Worm","floor":1.0,"turns":3.0},{"damage":0.0,"enemies":"2 Louse","floor":2.0,"turns":2.0},{"damage":6.0,"enemies":"Cultist","floor":3.0,"turns":3.0},{"damage":15.0,"enemies":"3 Sentries","floor":6.0,"turns":8.0},{"damage":1.0,"enemies":"Looter","floor":11.0,"turns":3.0},{"damage":4.0,"enemies":"Exordium Thugs","floor":13.0,"turns":4.0},{"damage":0.0,"enemies":"2 Fungi Beasts","floor":14.0,"turns":5.0},{"damage":35.0,"enemies":"Slime Boss","floor":16.0,"turns":14.0},{"damage":19.0,"enemies":"3 Byrds","floor":18.0,"turns":7.0},{"damage":28.0,"enemies":"2 Thieves","floor":23.0,"turns":5.0},{"damage":10.0,"enemies":"Sentry and Sphere","floor":24.0,"turns":7.0},{"damage":4.0,"enemies":"Centurion and Healer","floor":26.0,"turns":6.0},{"damage":12.0,"enemies":"Shelled Parasite and Fungi","floor":30.0,"turns":9.0},{"damage":4,"enemies":"Snake Plant","floor":31,"turns":3},{"damage":9,"enemies":"Book of Stabbing","floor":32,"turns":5}],"seed_played":"-3067425946677367147","potions_obtained":[{"floor":1.0,"key":"FocusPotion"},{"floor":2.0,"key":"Fire Potion"},{"floor":14.0,"key":"Weak Potion"},{"floor":16.0,"key":"Doom Potion"},{"floor":23.0,"key":"Venom Potion"},{"floor":24.0,"key":"SteroidPotion"},{"floor":30.0,"key":"AttackPotion"}],"is_trial":false,"path_per_floor":["M","M","M","$","?","E","$","R","T","R","M","?","M","M","R","B",null,"M","$","?","PTL","PTL","M","M","R","M","?","T","?","M","M","E"],"character_chosen":"DEFECT","items_purchased":["Auto Shields","Defragment","Orichalcum"],"campfire_rested":3,"item_purchase_floors":[4,7,19],"current_hp_per_floor":[52,52,46,46,39,24,24,45,45,66,65,65,61,61,61,31,61,42,42,42,42,42,14,4,25,21,21,21,21,9,15,6,6],"gold":76,"neow_bonus":"BOSS_RELIC","is_daily":false,"chose_seed":false,"campfire_upgraded":1,"win_rate":0.0,"timestamp":1607790367,"path_taken":["M","M","M","$","?","E","$","R","T","R","M","?","M","?","R","BOSS","M","$","?","PTL","PTL","M","M","R","?","?","T","?","M","M","E"],"items_purchased_type":["Card","Card","Relic"],"build_version":"2020-11-30","purchased_purges":0,"victory":false,"max_hp_per_floor":[71,71,71,71,71,71,71,71,71,71,71,71,71,71,71,71,71,71,71,71,71,71,71,71,71,71,71,71,71,71,71,71,71],"card_choices":[{"not_picked":["Chaos","White Noise"],"picked":"Sweeping Beam","floor":1.0},{"not_picked":["Barrage","Beam Cell"],"picked":"BootSequence","floor":2.0},{"not_picked":["Turbo","Hologram"],"picked":"Conserve Battery","floor":3.0},{"not_picked":["Recycle","Streamline"],"picked":"Redo","floor":6.0},{"not_picked":["Echo Form","Turbo"],"picked":"Aggregate","floor":11.0},{"not_picked":["Tempest","Rebound"],"picked":"Coolheaded","floor":13.0},{"not_picked":["Ball Lightning","Lockon"],"picked":"Consume","floor":14.0},{"not_picked":["Mirror Shield","Seek"],"picked":"ReplayTheSpireMod:Fabricate Wheel","floor":16.0},{"not_picked":["Redo","Steam Power"],"picked":"Stack","floor":18.0},{"not_picked":["Crystallizer","FTL"],"picked":"Cold Snap+1","floor":18.0},{"not_picked":["ReplayTheSpireMod:System Scan","Time Bomb"],"picked":"Darkness","floor":23.0},{"not_picked":["Streamline","Time Bomb"],"picked":"Redo","floor":23.0},{"not_picked":["Reprogram","Redo"],"picked":"Conserve Battery+1","floor":24.0},{"not_picked":["Compile Driver","Gash"],"picked":"Blizzard","floor":24.0},{"not_picked":["Redo","Barrage+1"],"picked":"Go for the Eyes","floor":26.0},{"not_picked":["Reprogram","Stack"],"picked":"Hologram+1","floor":26.0},{"not_picked":["Capacitor","Reboot"],"picked":"Stack","floor":30.0},{"not_picked":["Skim","Rebound"],"picked":"Stack","floor":30.0},{"not_picked":["Barrage+1","Turbo"],"picked":"Stack","floor":31},{"not_picked":["Gash","Sweeping Beam","Genetic Algorithm"],"picked":"SKIP","floor":31}],"player_experience":569365,"relics_obtained":[{"floor":6.0,"key":"Replay:Baseball"},{"floor":9.0,"key":"Toy Ornithopter"},{"floor":28.0,"key":"Onion Ring"}],"event_choices":[{"cards_removed":["Mirror Shield"],"damage_healed":0.0,"max_hp_gain":0.0,"max_hp_loss":0.0,"gold_gain":0.0,"event_name":"Golden Wing","player_choice":"Card Removal","floor":5.0,"gold_loss":0.0,"damage_taken":7.0},{"cards_removed":["Sweeping Beam"],"damage_healed":0.0,"max_hp_gain":0.0,"max_hp_loss":0.0,"gold_gain":0.0,"event_name":"Purifier","player_choice":"Purged","floor":12.0,"gold_loss":0.0,"damage_taken":0.0},{"damage_healed":0.0,"max_hp_gain":0.0,"max_hp_loss":0.0,"gold_gain":0.0,"event_name":"WeMeetAgain","player_choice":"Gave Potion","floor":20.0,"gold_loss":0.0,"damage_taken":0.0,"relics_obtained":["Replay:Antivirus Software"]},{"damage_healed":0.0,"max_hp_gain":0.0,"max_hp_loss":0.0,"gold_gain":0.0,"event_name":"Vampires","player_choice":"Ignored","floor":29.0,"gold_loss":0.0,"damage_taken":0.0}],"is_beta":false,"boss_relics":[{"not_picked":["Runic Dome","ReplayTheSpireMod:DimensionalGlitch"],"picked":"SlaversCollar"}],"items_purged_floors":[],"is_endless":false,"potions_floor_spawned":[1,2,3,14,16,23,24,30],"killed_by":"Book of Stabbing","ascension_level":20}}