{"host":"cjhtzh7tp54jdfyv","time":1607731634,"event":{"mods":["BaseMod","Minty Spire (QoL Compilation)"],"gold_per_floor":[114,128,128,144,158,158,185,185,210,235,7,7,40,56,56,133,133,148,148,29,46,77,111,111,111,111,137,137,166,186,201,201,201,201],"floor_reached":33,"playtime":2093,"items_purged":["Strike_R"],"score":646,"play_id":"77b50f61-c256-4937-8e3a-7ef93e3d97fc","local_time":"20201211190714","is_ascension_mode":true,"campfire_choices":[{"data":"Carnage","floor":6,"key":"SMITH"},{"floor":8,"key":"REST"},{"data":"Uppercut","floor":12,"key":"SMITH"},{"data":"Rupture","floor":15,"key":"SMITH"},{"floor":28,"key":"REST"},{"floor":32,"key":"REST"}],"circlet_count":0,"master_deck":["AscendersBane","Strike_R","Strike_R","Strike_R","Strike_R","Defend_R","Defend_R","Defend_R","Defend_R","Bash","Flame Barrier","Cleave","Infernal Blade","Carnage+1","Rupture+1","Uppercut+1","Brutality","Corruption","Hemokinesis","Combust","Shockwave","Dark Embrace","Regret","Ghostly Armor","Feel No Pain","True Grit","Rupture"],"relics":["Burning Blood","Regal Pillow","Vajra","Blood Vial","Juzu Bracelet","Orichalcum","PreservedInsect","Cursed Key","NlothsMask","Red Mask","Bottled Lightning","Pear","Akabeko"],"acts_visited":["Exordium","TheCity"],"potions_floor_usage":[5,10,14,21,23,27,31,33],"damage_taken":[{"damage":2,"enemies":"2 Louse","floor":1,"turns":3},{"damage":11,"enemies":"Small Slimes","floor":2,"turns":5},{"damage":2,"enemies":"Cultist","floor":4,"turns":4},{"damage":2,"enemies":"Red Slaver","floor":5,"turns":4},{"damage":30,"enemies":"3 Sentries","floor":7,"turns":8},{"damage":6,"enemies":"Gremlin Nob","floor":10,"turns":3},{"damage":23,"enemies":"Lagavulin","floor":13,"turns":5},{"damage":8,"enemies":"Blue Slaver","floor":14,"turns":2},{"damage":36,"enemies":"Slime Boss","floor":16,"turns":6},{"damage":2,"enemies":"Chosen","floor":18,"turns":3},{"damage":2,"enemies":"Spheric Guardian","floor":21,"turns":2},{"damage":27,"enemies":"Masked Bandits","floor":22,"turns":4},{"damage":11,"enemies":"Slavers","floor":23,"turns":3},{"damage":51,"enemies":"Gremlin Leader","floor":27,"turns":5},{"damage":19,"enemies":"Book of Stabbing","floor":29,"turns":4},{"damage":55,"enemies":"Shelled Parasite and Fungi","floor":30,"turns":5},{"damage":21,"enemies":"Centurion and Healer","floor":31,"turns":5},{"damage":72,"enemies":"Collector","floor":33,"turns":8}],"seed_played":"-8626187915269165461","potions_obtained":[{"floor":1,"key":"ColorlessPotion"},{"floor":2,"key":"BloodPotion"},{"floor":7,"key":"AttackPotion"},{"floor":14,"key":"Fire Potion"},{"floor":22,"key":"Swift Potion"},{"floor":27,"key":"Regen Potion"},{"floor":30,"key":"BloodPotion"}],"is_trial":false,"path_per_floor":["M","M","?","M","M","R","E","R","T","E","$","R","E","M","R","B",null,"M","?","$","M","?","E","$","?","T","E","R","E","M","M","R","B"],"character_chosen":"IRONCLAD","items_purchased":["Orichalcum","Fire Potion","Combust"],"campfire_rested":3,"item_purchase_floors":[11,11,20],"current_hp_per_floor":[79,74,56,60,64,64,40,79,79,81,81,81,65,81,81,52,75,81,81,81,82,61,58,58,58,58,25,67,56,9,10,52,0,0],"gold":201,"neow_bonus":"TEN_PERCENT_HP_BONUS","is_daily":false,"chose_seed":false,"campfire_upgraded":3,"win_rate":0.0,"timestamp":1607731634,"path_taken":["M","M","?","M","M","R","E","R","T","E","$","R","E","M","R","BOSS","M","?","?","M","?","E","$","?","T","E","R","E","M","M","R","BOSS"],"items_purchased_type":["Relic","Potion","Card"],"build_version":"2020-11-30","purchased_purges":1,"victory":false,"max_hp_per_floor":[82,82,82,82,82,82,82,82,82,82,82,82,82,82,82,82,82,82,82,82,82,82,82,82,82,82,92,92,92,92,92,92,92,92],"card_choices":[{"not_picked":["Entrench","Sword Boomerang"],"picked":"Flame Barrier","floor":1},{"not_picked":["Blood for Blood","Sever Soul"],"picked":"Cleave","floor":2},{"not_picked":["Dark Embrace","Sword Boomerang"],"picked":"Infernal Blade","floor":4},{"not_picked":["Fire Breathing","Wild Strike"],"picked":"Carnage","floor":5},{"not_picked":["True Grit","Heavy Blade"],"picked":"Rupture","floor":7},{"not_picked":["Sword Boomerang","Havoc"],"picked":"Uppercut","floor":10},{"not_picked":["Flex","Dropkick"],"picked":"Brutality","floor":13},{"not_picked":["True Grit","Searing Blow","Iron Wave"],"picked":"SKIP","floor":14},{"not_picked":["Berserk","Immolate"],"picked":"Corruption","floor":16},{"not_picked":["Havoc","Clash"],"picked":"Hemokinesis","floor":18},{"not_picked":["Sword Boomerang","Shrug It Off"],"picked":"Shockwave","floor":21},{"not_picked":["Havoc","Metallicize"],"picked":"Dark Embrace","floor":23},{"not_picked":["Combust","Thunderclap"],"picked":"Ghostly Armor","floor":27},{"not_picked":["Power Through","Infernal Blade"],"picked":"Feel No Pain","floor":29},{"not_picked":["Warcry","Rage+1"],"picked":"True Grit","floor":30},{"not_picked":["Clash","Shockwave"],"picked":"Rupture","floor":31}],"player_experience":4149395,"relics_obtained":[{"floor":7,"key":"Vajra"},{"floor":9,"key":"Blood Vial"},{"floor":10,"key":"Juzu Bracelet"},{"floor":13,"key":"PreservedInsect"},{"floor":22,"key":"Red Mask"},{"floor":23,"key":"Bottled Lightning"},{"floor":27,"key":"Pear"},{"floor":29,"key":"Akabeko"}],"event_choices":[{"damage_healed":0,"gold_gain":0,"player_choice":"Success","damage_taken":18,"relics_obtained":["Regal Pillow"],"max_hp_gain":0,"max_hp_loss":0,"event_name":"Scrap Ooze","floor":3,"gold_loss":0},{"damage_healed":0,"gold_gain":0,"player_choice":"Trade","damage_taken":0,"relics_obtained":["NlothsMask"],"max_hp_gain":0,"max_hp_loss":0,"event_name":"FaceTrader","floor":19,"gold_loss":0},{"damage_healed":0,"gold_gain":0,"player_choice":"Fought Bandits","damage_taken":0,"max_hp_gain":0,"max_hp_loss":0,"event_name":"Masked Bandits","floor":22,"gold_loss":0},{"damage_healed":0,"gold_gain":0,"player_choice":"Ignored","damage_taken":0,"max_hp_gain":0,"max_hp_loss":0,"event_name":"The Mausoleum","floor":25,"gold_loss":0}],"is_beta":false,"boss_relics":[{"not_picked":["Empty Cage","Fusion Hammer"],"picked":"Cursed Key"}],"items_purged_floors":[20],"is_endless":false,"potions_floor_spawned":[1,2,7,14,16,18,22,27,30],"killed_by":"Collector","ascension_level":20}}