{"host":"p6y17sixyu8q9v1f","time":1607781276,"event":{"mods":["BaseMod","Colored Map","Minty Spire (QoL Compilation)"],"gold_per_floor":[111,2,2,21,41,41,55,55,55,66,100,100,125,140,140,235,235,254,254,273,188,206,235,235,283,309,309,343,360,360,395,395,490,490,502,334,334,334,348,348,348],"floor_reached":40,"playtime":1333,"items_purged":["Strike_B","Strike_B"],"score":600,"play_id":"5a95a886-06de-45f4-aa96-b3cf450dbd4c","local_time":"20201212075436","is_ascension_mode":true,"campfire_choices":[{"data":"Zap","floor":6,"key":"SMITH"},{"data":"Electrodynamics","floor":15,"key":"SMITH"},{"data":"Echo Form","floor":24,"key":"SMITH"},{"floor":27,"key":"REST"},{"data":"Capacitor","floor":30,"key":"SMITH"},{"floor":32,"key":"REST"}],"circlet_count":0,"master_deck":["Defend_B","Defend_B","Defend_B","Zap+1","Dualcast","Cold Snap","Capacitor+1","Conserve Battery","Beam Cell","Conserve Battery","Electrodynamics+1","Leap","Echo Form+1","Conserve Battery","Consume+1","Loop","Machine Learning","Chill","Loop","Conserve Battery+1"],"relics":["Cracked Core","NeowsBlessing","Bottled Tornado","Ice Cream","Regal Pillow","Nuclear Battery","Cables","Unceasing Top","Orichalcum","Pantograph","Ornamental Fan","Empty Cage"],"acts_visited":["Exordium","TheCity","TheBeyond"],"potions_floor_usage":[11,13,16,28,28,33],"damage_taken":[{"damage":0,"enemies":"Small Slimes","floor":1,"turns":1},{"damage":0,"enemies":"Cultist","floor":4,"turns":1},{"damage":0,"enemies":"Jaw Worm","floor":5,"turns":1},{"damage":10,"enemies":"Lots of Slimes","floor":7,"turns":4},{"damage":5,"enemies":"3 Louse","floor":10,"turns":4},{"damage":0,"enemies":"Lagavulin","floor":11,"turns":6},{"damage":8,"enemies":"3 Sentries","floor":13,"turns":3},{"damage":2,"enemies":"Exordium Thugs","floor":14,"turns":4},{"damage":46,"enemies":"Slime Boss","floor":16,"turns":8},{"damage":13,"enemies":"Spheric Guardian","floor":18,"turns":4},{"damage":3,"enemies":"Shell Parasite","floor":20,"turns":6},{"damage":6,"enemies":"3 Cultists","floor":22,"turns":3},{"damage":26,"enemies":"Gremlin Leader","floor":23,"turns":6},{"damage":17,"enemies":"Slavers","floor":28,"turns":3},{"damage":8,"enemies":"Centurion and Healer","floor":29,"turns":5},{"damage":12,"enemies":"Book of Stabbing","floor":31,"turns":5},{"damage":21,"enemies":"Collector","floor":33,"turns":7},{"damage":19,"enemies":"3 Darklings","floor":35,"turns":5},{"damage":0,"enemies":"3 Shapes","floor":39,"turns":3},{"damage":73,"enemies":"Nemesis","floor":40,"turns":7}],"seed_played":"-4033888150173973290","potions_obtained":[{"floor":7,"key":"ColorlessPotion"},{"floor":10,"key":"Explosive Potion"},{"floor":11,"key":"BlessingOfTheForge"},{"floor":13,"key":"ColorlessPotion"},{"floor":18,"key":"SpeedPotion"},{"floor":23,"key":"Energy Potion"},{"floor":31,"key":"Weak Potion"},{"floor":33,"key":"EssenceOfDarkness"}],"is_trial":false,"path_per_floor":["M","$","?","M","M","R","M","?","T","M","E","?","E","M","R","B",null,"M","?","M","?","M","E","R","T","T","R","E","M","R","E","R","B",null,"M","$","?","?","M","E"],"character_chosen":"DEFECT","items_purchased":["Capacitor","Loop"],"campfire_rested":2,"item_purchase_floors":[2,36],"current_hp_per_floor":[75,75,75,75,75,75,65,58,58,53,53,85,77,75,75,29,85,72,72,69,69,63,37,37,37,37,77,60,52,52,40,80,64,85,66,66,66,66,66,0,0],"gold":348,"neow_bonus":"THREE_ENEMY_KILL","is_daily":false,"chose_seed":false,"campfire_upgraded":4,"win_rate":0.0,"timestamp":1607781276,"path_taken":["M","$","?","M","?","R","M","?","T","M","E","?","E","?","R","BOSS","M","?","M","?","?","E","R","?","T","R","E","M","R","E","R","BOSS","M","$","?","?","M","E"],"items_purchased_type":["Card","Card"],"build_version":"2020-11-30","purchased_purges":2,"victory":false,"max_hp_per_floor":[75,75,75,75,75,75,75,75,75,75,75,85,85,85,85,85,85,85,85,85,85,85,85,85,85,85,85,85,85,85,85,85,85,85,85,85,81,81,81,81,81],"card_choices":[{"not_picked":["Barrage","Stack"],"picked":"Cold Snap","floor":1},{"not_picked":["Heatsinks","Steam"],"picked":"Conserve Battery","floor":4},{"not_picked":["Go for the Eyes","Lockon"],"picked":"Beam Cell","floor":5},{"not_picked":["Fusion","Redo"],"picked":"Conserve Battery","floor":7},{"not_picked":["Rebound","FTL"],"picked":"Electrodynamics","floor":10},{"not_picked":["Sweeping Beam","Recycle"],"picked":"Electrodynamics","floor":11},{"not_picked":["Buffer","Heatsinks","Fission"],"picked":"SKIP","floor":13},{"not_picked":["Hologram","Sweeping Beam"],"picked":"Leap","floor":14},{"not_picked":["Biased Cognition","Core Surge"],"picked":"Echo Form","floor":16},{"not_picked":["Steam","Hologram","Rip and Tear"],"picked":"SKIP","floor":18},{"not_picked":["Leap","Turbo"],"picked":"Conserve Battery","floor":20},{"not_picked":["Steam Power+1","Leap"],"picked":"Consume+1","floor":22},{"not_picked":["Compile Driver","Leap","Scrape"],"picked":"SKIP","floor":23},{"not_picked":["Gash","Genetic Algorithm+1"],"picked":"Loop","floor":28},{"not_picked":["Scrape","Go for the Eyes","Cold Snap+1"],"picked":"SKIP","floor":29},{"not_picked":["Leap+1","Consume","Barrage"],"picked":"SKIP","floor":31},{"not_picked":["Rainbow","Biased Cognition"],"picked":"Machine Learning","floor":33},{"not_picked":["Genetic Algorithm","Redo"],"picked":"Chill","floor":35},{"not_picked":["Hologram+1","Coolheaded+1"],"picked":"Conserve Battery+1","floor":39}],"player_experience":740510,"relics_obtained":[{"floor":9,"key":"Bottled Tornado"},{"floor":11,"key":"Ice Cream"},{"floor":13,"key":"Regal Pillow"},{"floor":23,"key":"Unceasing Top"},{"floor":26,"key":"Orichalcum"},{"floor":28,"key":"Pantograph"},{"floor":31,"key":"Ornamental Fan"}],"event_choices":[{"damage_healed":0,"gold_gain":0,"player_choice":"Ignored","damage_taken":0,"max_hp_gain":0,"max_hp_loss":0,"event_name":"WeMeetAgain","floor":3,"gold_loss":0},{"cards_removed":["Defend_B"],"damage_healed":0,"gold_gain":0,"player_choice":"Card Removal","damage_taken":7,"max_hp_gain":0,"max_hp_loss":0,"event_name":"Golden Wing","floor":8,"gold_loss":0},{"cards_removed":["Electrodynamics"],"damage_healed":22,"gold_gain":0,"player_choice":"Offered Rare","damage_taken":0,"max_hp_gain":10,"max_hp_loss":0,"event_name":"Bonfire Elementals","floor":12,"gold_loss":0},{"damage_healed":0,"gold_gain":0,"player_choice":"Ignored","damage_taken":0,"max_hp_gain":0,"max_hp_loss":0,"event_name":"Vampires","floor":19,"gold_loss":0},{"damage_healed":0,"gold_gain":0,"player_choice":"Obtained Relic","damage_taken":0,"relics_obtained":["Cables"],"max_hp_gain":0,"max_hp_loss":0,"event_name":"Addict","floor":21,"gold_loss":85},{"damage_healed":0,"gold_gain":0,"player_choice":"Max HP","damage_taken":0,"max_hp_gain":0,"max_hp_loss":4,"event_name":"Winding Halls","floor":37,"gold_loss":0},{"damage_healed":0,"gold_gain":0,"player_choice":"Ignored","damage_taken":0,"max_hp_gain":0,"max_hp_loss":0,"event_name":"Tomb of Lord Red Mask","floor":38,"gold_loss":0}],"is_beta":false,"boss_relics":[{"not_picked":["Calling Bell","Pandora\u0027s Box"],"picked":"Nuclear Battery"},{"not_picked":["Black Star","Tiny House"],"picked":"Empty Cage"}],"items_purged_floors":[2,36],"is_endless":false,"potions_floor_spawned":[7,10,11,13,18,23,31,33],"killed_by":"Nemesis","ascension_level":4}}