{"host":"woah5shdh5xsovm3","time":1607742167,"event":{"mods":["BaseMod","BetterRewards","Downfall","Hermit","Hubris","Infinite Spire","Koishi","Marisa????????","Minty Spire (QoL Compilation)","Remilia??????","Replay The Spire","Shop Mod","StSLib","SuperFastMode","The Animator","The Bug Knight","The Construct","The Cursed","The Disciple","The Hierophant","The Necromancer","The Poker Player","The Runesmith","The Servant 0.9.4"],"gold_per_floor":[209,219,232,232,232,257,257,274,345,365,365,377,81,81,81,185,185,204,214,214,214,231,231,244,244,244,244],"floor_reached":25,"playtime":1390,"items_purged":[],"score":205,"play_id":"b7e7663a-ec56-49a0-abb2-3ea563469e55","local_time":"20201211210247","is_ascension_mode":false,"metric_token":1554,"campfire_choices":[{"data":"PokerPlayerMod:Configure","floor":7,"key":"SMITH"},{"floor":15,"key":"REST"},{"floor":23,"key":"REST"}],"circlet_count":0,"master_deck":["PokerPlayerMod:Diamond1","PokerPlayerMod:Diamond2","PokerPlayerMod:Diamond3","PokerPlayerMod:Diamond4","PokerPlayerMod:Diamond5","PokerPlayerMod:Spade1","PokerPlayerMod:Spade2","PokerPlayerMod:Spade3","PokerPlayerMod:Spade4","PokerPlayerMod:Club1","PokerPlayerMod:Club2","PokerPlayerMod:Heart2","PokerPlayerMod:TrumpStrike","PokerPlayerMod:BadJoker","PokerPlayerMod:Mulligan","PokerPlayerMod:CloakAndDiamond","PokerPlayerMod:Overdeal","PokerPlayerMod:Configure+1","PokerPlayerMod:Club3","PokerPlayerMod:Club3","PokerPlayerMod:Club4","PokerPlayerMod:Club5","PokerPlayerMod:Club6","PokerPlayerMod:ChangeRules","PokerPlayerMod:Diamond5","PokerPlayerMod:Diamond4","PokerPlayerMod:FakeSymbols","PokerPlayerMod:DamnStraight","PokerPlayerMod:Club3","PokerPlayerMod:Overdeal+1","PokerPlayerMod:CloakAndDiamond+1"],"relics":["PokerPlayerMod:DeckCase","Thread and Needle","Snack Pack","infinitespire:Bottled Soul","PokerPlayerMod:StuffedPocket","hubris:Icosahedron","Replay:Bronze Core","MutagenicStrength"],"acts_visited":["Exordium","TheCity"],"potions_floor_usage":[],"damage_taken":[{"damage":0,"enemies":"Cultist","floor":1,"turns":3},{"damage":0,"enemies":"Small Slimes","floor":2,"turns":1},{"damage":0,"enemies":"2 Louse","floor":3,"turns":2},{"damage":11,"enemies":"HollowMod:MossKnight","floor":6,"turns":6},{"damage":1,"enemies":"Exordium Wildlife","floor":8,"turns":2},{"damage":0,"enemies":"Blue Slaver","floor":10,"turns":1},{"damage":9,"enemies":"Red Slaver","floor":12,"turns":2},{"damage":34,"enemies":"Hexaghost","floor":16,"turns":6},{"damage":13,"enemies":"Shell Parasite","floor":18,"turns":7},{"damage":10,"enemies":"2 Thieves","floor":19,"turns":2},{"damage":33,"enemies":"Snake Plant","floor":22,"turns":3},{"damage":8,"enemies":"Centurion and Healer","floor":24,"turns":4},{"damage":35,"enemies":"Shelled Parasite and Fungi","floor":25,"turns":4}],"seed_played":"-1350323741036583541","potions_obtained":[{"floor":6,"key":"AttackPotion"},{"floor":8,"key":"Energy Potion"},{"floor":18,"key":"Energy Potion"}],"is_trial":false,"path_per_floor":["M","M","M","?","?","E","R","M","T","M","?","M","$","?","R","B",null,"M","M","?","?","M","R","M","M"],"character_chosen":"THE_POKER_PLAYER","items_purchased":["PokerPlayerMod:StuffedPocket"],"campfire_rested":2,"item_purchase_floors":[13],"current_hp_per_floor":[52,52,52,52,52,43,43,44,44,46,46,37,37,37,52,18,52,46,36,36,36,3,18,31,0,0,0],"gold":244,"neow_bonus":"HUNDRED_GOLD","is_daily":false,"chose_seed":false,"campfire_upgraded":1,"win_rate":0.0,"timestamp":1607742167,"path_taken":["M","M","M","?","?","E","R","M","T","M","?","M","$","?","R","BOSS","M","M","?","?","M","R","M","M"],"items_purchased_type":["Relic"],"build_version":"2020-11-30","purchased_purges":0,"victory":false,"max_hp_per_floor":[52,52,52,52,52,52,52,52,52,52,52,52,52,52,52,52,52,52,52,52,52,52,52,52,52,52,52],"card_choices":[{"not_picked":["PokerPlayerMod:Club1","PokerPlayerMod:Diamond1"],"picked":"PokerPlayerMod:CloakAndDiamond","floor":1},{"not_picked":["PokerPlayerMod:Spade1","PokerPlayerMod:Diamond3"],"picked":"PokerPlayerMod:Overdeal","floor":2},{"not_picked":["PokerPlayerMod:Extraction","PokerPlayerMod:Spade3"],"picked":"PokerPlayerMod:Configure","floor":3},{"not_picked":["PokerPlayerMod:Diamond1","PokerPlayerMod:JackOfSpades"],"picked":"PokerPlayerMod:ChangeRules","floor":6},{"not_picked":["PokerPlayerMod:Spade3","PokerPlayerMod:ClubStrike"],"picked":"PokerPlayerMod:Diamond5","floor":8},{"not_picked":["PokerPlayerMod:HotShotCut","PokerPlayerMod:SpadeStrike"],"picked":"PokerPlayerMod:Diamond4","floor":10},{"not_picked":["PokerPlayerMod:Diamond4","PokerPlayerMod:SpadeStrike","PokerPlayerMod:Spade1"],"picked":"SKIP","floor":12},{"not_picked":["PokerPlayerMod:Diamond4","PokerPlayerMod:SpadeStrike","PokerPlayerMod:Spade1"],"picked":"SKIP","floor":12},{"not_picked":["PokerPlayerMod:Spade9","PokerPlayerMod:Heart10+"],"picked":"PokerPlayerMod:FakeSymbols","floor":16},{"not_picked":["PokerPlayerMod:Spade2","PokerPlayerMod:ClubDance"],"picked":"PokerPlayerMod:DamnStraight","floor":18},{"not_picked":["PokerPlayerMod:Heart3","PokerPlayerMod:JackOfSpades+1"],"picked":"PokerPlayerMod:Club3","floor":19},{"not_picked":["PokerPlayerMod:CloakAndDiamond","PokerPlayerMod:Heart5"],"picked":"PokerPlayerMod:Overdeal+1","floor":22},{"not_picked":["PokerPlayerMod:Heart2","PokerPlayerMod:DartThrow"],"picked":"PokerPlayerMod:CloakAndDiamond+1","floor":24}],"player_experience":388279,"relics_obtained":[{"floor":4,"key":"Thread and Needle"},{"floor":6,"key":"Snack Pack"},{"floor":9,"key":"infinitespire:Bottled Soul"}],"event_choices":[{"damage_healed":0,"gold_gain":0,"player_choice":"Jackpot","damage_taken":0,"max_hp_gain":0,"max_hp_loss":0,"event_name":"PokerPlayerMod:ExordiumClub","floor":5,"gold_loss":0,"cards_obtained":["PokerPlayerMod:Club2","PokerPlayerMod:Club3","PokerPlayerMod:Club4","PokerPlayerMod:Club5","PokerPlayerMod:Club6"]},{"damage_healed":0,"gold_gain":0,"player_choice":"Jackpot","damage_taken":0,"max_hp_gain":0,"max_hp_loss":0,"event_name":"PokerPlayerMod:ExordiumClub","floor":5,"gold_loss":0,"cards_obtained":["PokerPlayerMod:Club2","PokerPlayerMod:Club3","PokerPlayerMod:Club4","PokerPlayerMod:Club5","PokerPlayerMod:Club6"]},{"damage_healed":0,"gold_gain":0,"player_choice":"Jackpot","damage_taken":0,"max_hp_gain":0,"max_hp_loss":0,"event_name":"PokerPlayerMod:ExordiumClub","floor":5,"gold_loss":0,"cards_obtained":["PokerPlayerMod:Club2","PokerPlayerMod:Club3","PokerPlayerMod:Club4","PokerPlayerMod:Club5","PokerPlayerMod:Club6"]},{"damage_healed":0,"gold_gain":0,"player_choice":"Jackpot","damage_taken":0,"max_hp_gain":0,"max_hp_loss":0,"event_name":"PokerPlayerMod:ExordiumClub","floor":5,"gold_loss":0,"cards_obtained":["PokerPlayerMod:Club2","PokerPlayerMod:Club3","PokerPlayerMod:Club4","PokerPlayerMod:Club5","PokerPlayerMod:Club6"]},{"damage_healed":0,"gold_gain":0,"player_choice":"Jackpot","damage_taken":0,"max_hp_gain":0,"max_hp_loss":0,"event_name":"PokerPlayerMod:ExordiumClub","floor":5,"gold_loss":0,"cards_obtained":["PokerPlayerMod:Club2","PokerPlayerMod:Club3","PokerPlayerMod:Club4","PokerPlayerMod:Club5","PokerPlayerMod:Club6"]},{"damage_healed":0,"gold_gain":0,"player_choice":"Inject Mutagens","damage_taken":0,"relics_obtained":["MutagenicStrength"],"max_hp_gain":0,"max_hp_loss":0,"event_name":"Drug Dealer","floor":20,"gold_loss":0}],"is_beta":false,"boss_relics":[{"not_picked":["Honey Jar","Astrolabe"],"picked":"Replay:Bronze Core"}],"items_purged_floors":[],"is_endless":false,"potions_floor_spawned":[6,8,18,19],"killed_by":"Shelled Parasite and Fungi","ascension_level":0}}