{"host":"fevvm7bbzuh4s1jc","time":1607793503,"event":{"mods":["BaseMod","Highlight Path","Minty Spire (QoL Compilation)","Relic Stats"],"gold_per_floor":[118,193,8,19,19,51,51,82,105,119,129,147,176,233,233,311,311,325,15,15,26,37,37,37],"floor_reached":23,"playtime":1191,"items_purged":[],"score":472,"play_id":"625152be-3244-4ca4-a0b2-137e368ee278","local_time":"20201212121823","is_ascension_mode":true,"campfire_choices":[{"data":"Backstab","floor":7.0,"key":"SMITH"},{"floor":15.0,"key":"REST"}],"circlet_count":0,"master_deck":["AscendersBane","Strike_G","Strike_G","Strike_G","Strike_G","Strike_G","Defend_G+1","Defend_G","Defend_G","Defend_G+1","Defend_G","Survivor","Neutralize","Backstab+1","The Bomb","Skewer+1","Wraith Form v2","Deflect","Blade Dance","Venomology","Doppelganger","Backflip","Footwork","PiercingWail","After Image","Acrobatics"],"relics":["Ring of the Snake","NeowsBlessing","Akabeko","Boot","War Paint","Nunchaku","Philosopher\u0027s Stone","Blood Vial"],"acts_visited":["TheCity"],"potions_floor_usage":[16,18,21,21,22,23],"damage_taken":[{"damage":0.0,"enemies":"Cultist","floor":1.0,"turns":1.0},{"damage":0.0,"enemies":"Jaw Worm","floor":4.0,"turns":1.0},{"damage":0.0,"enemies":"3 Sentries","floor":6.0,"turns":1.0},{"damage":17.0,"enemies":"Lagavulin","floor":8.0,"turns":4.0},{"damage":0.0,"enemies":"Small Slimes","floor":10.0,"turns":1.0},{"damage":0.0,"enemies":"Looter","floor":11.0,"turns":2.0},{"damage":0.0,"enemies":"3 Louse","floor":12.0,"turns":2.0},{"damage":4.0,"enemies":"Gremlin Nob","floor":13.0,"turns":3.0},{"damage":23.0,"enemies":"Lagavulin Event","floor":14.0,"turns":4.0},{"damage":20,"enemies":"The Guardian","floor":16,"turns":10},{"damage":4,"enemies":"3 Byrds","floor":18,"turns":5},{"damage":5,"enemies":"Chosen","floor":21,"turns":7},{"damage":16,"enemies":"Centurion and Healer","floor":22,"turns":4},{"damage":15,"enemies":"Slavers","floor":23,"turns":2}],"seed_played":"4524099418584511672","potions_obtained":[{"floor":1.0,"key":"FairyPotion"},{"floor":8.0,"key":"FearPotion"},{"floor":12.0,"key":"CunningPotion"},{"floor":13.0,"key":"AttackPotion"},{"floor":18,"key":"ColorlessPotion"}],"is_trial":false,"path_per_floor":["M","?","$","M","?","E","R","E","T","M","M","M","E","?","R","B",null,"M","$","?","M","M","E"],"character_chosen":"THE_SILENT","items_purchased":["The Bomb","Blood Vial","Footwork","PiercingWail"],"campfire_rested":1,"item_purchase_floors":[3,19,19,19],"current_hp_per_floor":[59,48,48,48,48,48,48,31,31,31,31,31,27,4,23,3,50,46,46,28,25,11,0,0],"gold":37,"neow_bonus":"THREE_ENEMY_KILL","is_daily":false,"chose_seed":false,"campfire_upgraded":1,"win_rate":0.0,"timestamp":1607793503,"path_taken":["M","?","$","M","?","E","R","E","T","?","M","M","E","?","R","BOSS","M","$","?","M","M","E"],"items_purchased_type":["Card","Relic","Card","Card"],"build_version":"2020-11-30","purchased_purges":0,"victory":false,"max_hp_per_floor":[66,66,66,66,66,66,66,66,66,66,66,66,66,66,66,66,66,66,66,71,71,71,71,71],"relic_stats":{"Blood Vial":6,"Nunchaku":[5],"counters":[14,47],"War Paint":["Defend_G","Defend_G"],"Boot":[57],"obtain_stats":[{"Blood Vial":19,"Nunchaku":14,"NeowsBlessing":0,"Philosopher\u0027s Stone":17,"War Paint":9,"Boot":8,"Akabeko":6,"Ring of the Snake":0},{"Blood Vial":11,"Nunchaku":9,"NeowsBlessing":0,"Philosopher\u0027s Stone":10,"War Paint":4,"Boot":4,"Akabeko":3,"Ring of the Snake":0},{"Blood Vial":34,"Nunchaku":19,"NeowsBlessing":0,"Philosopher\u0027s Stone":29,"War Paint":7,"Boot":7,"Akabeko":3,"Ring of the Snake":0}],"Ring of the Snake":[28]},"card_choices":[{"not_picked":["Acrobatics","Infinite Blades"],"picked":"Backstab","floor":1.0},{"not_picked":["Cloak And Dagger","Dodge and Roll"],"picked":"Skewer","floor":4.0},{"not_picked":["Prepared","Eviscerate","Flechettes"],"picked":"SKIP","floor":6.0},{"not_picked":["Dagger Spray","Dagger Throw"],"picked":"Wraith Form v2","floor":8.0},{"not_picked":["Escape Plan","Slice"],"picked":"Deflect","floor":10.0},{"not_picked":["Choke","Dodge and Roll","Expertise"],"picked":"SKIP","floor":11.0},{"not_picked":["Outmaneuver","Dagger Throw"],"picked":"Blade Dance","floor":12.0},{"not_picked":["Expertise","Endless Agony"],"picked":"Venomology","floor":13.0},{"not_picked":["Storm of Steel","Corpse Explosion"],"picked":"Doppelganger","floor":16},{"not_picked":["Dagger Spray","Poisoned Stab"],"picked":"Backflip","floor":18},{"not_picked":["Masterful Stab","Cloak And Dagger"],"picked":"After Image","floor":21},{"not_picked":["Setup+1","Deflect+1"],"picked":"Acrobatics","floor":22}],"player_experience":2538198,"relics_obtained":[{"floor":6.0,"key":"Akabeko"},{"floor":8.0,"key":"Boot"},{"floor":9.0,"key":"War Paint"},{"floor":14.0,"key":"Nunchaku"}],"event_choices":[{"damage_healed":0.0,"max_hp_gain":0.0,"max_hp_loss":0.0,"gold_gain":75.0,"event_name":"World of Goop","player_choice":"Gather Gold","floor":2.0,"gold_loss":0.0,"damage_taken":11.0},{"damage_healed":0.0,"max_hp_gain":0.0,"max_hp_loss":0.0,"gold_gain":0.0,"event_name":"Accursed Blacksmith","player_choice":"Forge","floor":5.0,"gold_loss":0.0,"damage_taken":0.0,"cards_upgraded":["Skewer"]},{"damage_healed":0.0,"max_hp_gain":0.0,"max_hp_loss":0.0,"gold_gain":0.0,"event_name":"Dead Adventurer","player_choice":"Searched \u00271\u0027 times","floor":14.0,"gold_loss":0.0,"damage_taken":0.0},{"damage_healed":0,"gold_gain":0,"player_choice":"Shed Blood","damage_taken":23,"max_hp_gain":5,"max_hp_loss":0,"event_name":"Forgotten Altar","floor":20,"gold_loss":0}],"is_beta":false,"boss_relics":[{"not_picked":["Ectoplasm","Calling Bell"],"picked":"Philosopher\u0027s Stone"}],"items_purged_floors":[],"is_endless":false,"potions_floor_spawned":[1,8,11,12,13,18],"killed_by":"Slavers","ascension_level":20}}