{"host":"046f94hp0svsg0ce","time":1607781413,"event":{"mods":["Act Like it!","Astrologer","BaseMod","Beaked The Cultist","Colored Map","Colored Powertips","GungeonMod","Halation","Highlight Path","Mad Scientist","Minty Spire (QoL Compilation)","Quick Restart","Rare Cards Sparkle","StSLib","The Construct","The Forsaken","The Necromancer","The Runesmith","The Servant 0.9.4"],"gold_per_floor":[12,27,44,44,44,44,44],"floor_reached":6,"playtime":470,"items_purged":[],"score":36,"play_id":"d32a1ff7-c2ce-464b-b6b3-b90d42d55cd5","local_time":"20201212145653","is_ascension_mode":false,"campfire_choices":[],"circlet_count":0,"master_deck":["construct:Strike_Gold","construct:Strike_Gold","construct:Strike_Gold","construct:Strike_Gold","construct:Strike_Gold","construct:Defend_Gold","construct:Defend_Gold","construct:Defend_Gold","construct:Defend_Gold","construct:Defend_Gold","construct:AttackMode","construct:DefenseMode","construct:Failsafe","construct:Accumulate","construct:LongRangeLance+1"],"relics":["construct:Cogwheel","DemoMod:Orange"],"acts_visited":[],"potions_floor_usage":[],"damage_taken":[{"damage":1,"enemies":"Jaw Worm","floor":1,"turns":4},{"damage":1,"enemies":"2 Louse","floor":2,"turns":4},{"damage":1,"enemies":"Cultist","floor":3,"turns":3},{"damage":122,"enemies":"Gremlin Nob","floor":6,"turns":6}],"seed_played":"1832792173787534566","potions_obtained":[],"is_trial":false,"path_per_floor":["M","M","M","?","?","E"],"character_chosen":"THE_CONSTRUCT_MOD","items_purchased":[],"campfire_rested":0,"item_purchase_floors":[],"current_hp_per_floor":[96,95,94,94,94,0,0],"gold":44,"neow_bonus":"ONE_RARE_RELIC","is_daily":false,"chose_seed":false,"campfire_upgraded":0,"win_rate":0.0,"timestamp":1607781413,"path_taken":["M","M","M","?","?","E"],"items_purchased_type":[],"build_version":"2020-11-30","purchased_purges":0,"victory":false,"max_hp_per_floor":[97,97,97,97,97,97,97],"card_choices":[{"not_picked":["construct:Backfire","construct:ClusterMines"],"picked":"construct:Failsafe","floor":1},{"not_picked":["construct:Overcharge","construct:Reinforce"],"picked":"construct:Accumulate","floor":2},{"not_picked":["construct:ModeShift","construct:SweepLaser"],"picked":"construct:LongRangeLance","floor":3}],"player_experience":1563735,"relics_obtained":[],"event_choices":[{"damage_healed":0,"gold_gain":0,"player_choice":"Ignored","damage_taken":0,"max_hp_gain":0,"max_hp_loss":0,"event_name":"Liars Game","floor":4,"gold_loss":0},{"damage_healed":0,"gold_gain":0,"player_choice":"Grow","damage_taken":0,"max_hp_gain":0,"max_hp_loss":0,"event_name":"Living Wall","floor":5,"gold_loss":0,"cards_upgraded":["construct:LongRangeLance"]}],"is_beta":false,"boss_relics":[],"items_purged_floors":[],"is_endless":false,"potions_floor_spawned":[],"killed_by":"Gremlin Nob","ascension_level":0}}