{"host":"4np54w3ai1r5lqo1","time":1607739115,"event":{"mods":["BaseMod","Colored Map","Minty Spire (QoL Compilation)"],"gold_per_floor":[116,291,305,11,27,59,70,102,129,147,167,13,13,13,13,118,118,118,118,118,118,21,21,21,21,21,21,21,21,21,21,21,21,21,21,21,21,21,21,21,21,21,21,21,21,21,21,0,0,0],"floor_reached":51,"playtime":1997,"items_purged":["Doubt"],"score":1026,"play_id":"83ada1bf-ad98-4c45-aaa2-ae1f23d3fa0b","local_time":"20201212001155","is_ascension_mode":true,"campfire_choices":[{"data":"Predator","floor":13,"key":"SMITH"},{"data":"PiercingWail","floor":15,"key":"SMITH"},{"data":"Footwork","floor":23,"key":"SMITH"},{"data":"Burst","floor":28,"key":"SMITH"},{"data":"Dodge and Roll","floor":32,"key":"SMITH"},{"floor":41,"key":"DIG"},{"floor":45,"key":"DIG"},{"floor":49,"key":"DIG"}],"circlet_count":0,"master_deck":["Strike_G+1","Strike_G+1","Strike_G+1","Strike_G+1","Strike_G+1","Defend_G+1","Defend_G+1","Defend_G+1","Defend_G+1","Defend_G+1","Survivor+1","Neutralize+1","Dagger Spray+1","PiercingWail+1","Bouncing Flask+1","Backflip+1","Predator+1","Well Laid Plans+1","Dodge and Roll+1","Blade Dance+1","Burst+1","Dagger Throw+1","Footwork+1","Slice+1","Cloak And Dagger+1","Dash+1","Sucker Punch+1","Adrenaline+1","Expertise+1","Underhanded Strike+1","Good Instincts","All Out Attack+1","Backflip+1","Escape Plan"],"relics":["Coffee Dripper","TwistedFunnel","Whetstone","Anchor","Juzu Bracelet","Snake Skull","Ectoplasm","Oddly Smooth Stone","Torii","Dead Branch","Ancient Tea Set","HoveringKite","Mark of the Bloom","Shovel","Art of War","Eternal Feather","The Courier","Vajra","Red Mask","StoneCalendar"],"acts_visited":["Exordium","TheCity","TheBeyond"],"potions_floor_usage":[8,16,16,24,33,33,42,42,50],"damage_taken":[{"damage":2,"enemies":"Jaw Worm","floor":1,"turns":5},{"damage":0,"enemies":"2 Louse","floor":3,"turns":2},{"damage":0,"enemies":"Small Slimes","floor":5,"turns":2},{"damage":14,"enemies":"3 Sentries","floor":6,"turns":7},{"damage":8,"enemies":"Blue Slaver","floor":7,"turns":2},{"damage":28,"enemies":"Gremlin Nob","floor":8,"turns":4},{"damage":0,"enemies":"Looter","floor":10,"turns":2},{"damage":0,"enemies":"2 Fungi Beasts","floor":11,"turns":3},{"damage":2,"enemies":"The Guardian","floor":16,"turns":9},{"damage":0,"enemies":"3 Byrds","floor":18,"turns":4},{"damage":0,"enemies":"Gremlin Leader","floor":24,"turns":7},{"damage":6,"enemies":"Slavers","floor":27,"turns":5},{"damage":0,"enemies":"Chosen","floor":29,"turns":3},{"damage":1,"enemies":"Automaton","floor":33,"turns":9},{"damage":9,"enemies":"3 Darklings","floor":35,"turns":4},{"damage":0,"enemies":"Orb Walker","floor":36,"turns":2},{"damage":11,"enemies":"Transient","floor":37,"turns":5},{"damage":1,"enemies":"Giant Head","floor":40,"turns":9},{"damage":10,"enemies":"Reptomancer","floor":42,"turns":4},{"damage":9,"enemies":"4 Shapes","floor":46,"turns":2},{"damage":6,"enemies":"Jaw Worm Horde","floor":47,"turns":2},{"damage":1,"enemies":"Donu and Deca","floor":50,"turns":6}],"seed_played":"-8671844886107682691","potions_obtained":[{"floor":3,"key":"CunningPotion"},{"floor":6,"key":"Regen Potion"},{"floor":8,"key":"PowerPotion"},{"floor":11,"key":"AttackPotion"},{"floor":16,"key":"Block Potion"},{"floor":18,"key":"SteroidPotion"},{"floor":29,"key":"Poison Potion"},{"floor":35,"key":"LiquidMemories"},{"floor":37,"key":"AttackPotion"},{"floor":40,"key":"LiquidMemories"},{"floor":42,"key":"SpeedPotion"}],"is_trial":false,"path_per_floor":["M","?","M","$","M","E","M","E","T","M","M","$","R","?","R","B",null,"M","?","?","?","$","R","E","$","T","E","R","M","$","T","R","B",null,"M","M","M","?","?","E","R","E","T","?","R","M","M","?","R","B",null],"character_chosen":"THE_SILENT","items_purchased":["TwistedFunnel","Bouncing Flask","Snake Skull","Footwork","Slice"],"campfire_rested":0,"item_purchase_floors":[4,4,12,22,22],"current_hp_per_floor":[61,61,61,61,61,47,39,23,23,23,23,23,23,23,23,21,58,58,58,58,58,58,58,58,58,58,52,52,52,52,52,52,51,65,56,56,45,45,45,44,44,34,34,34,34,25,19,19,19,18],"gold":0,"neow_bonus":"BOSS_RELIC","is_daily":false,"chose_seed":false,"campfire_upgraded":5,"win_rate":0.0,"timestamp":1607739115,"path_taken":["M","?","M","$","M","E","M","E","T","M","M","$","R","?","R","BOSS","M","?","?","?","$","R","E","$","T","E","R","M","?","?","R","BOSS","M","M","M","?","?","E","R","E","T","?","R","M","M","?","R","BOSS"],"items_purchased_type":["Relic","Card","Relic","Card","Card"],"build_version":"2020-11-30","purchased_purges":1,"victory":true,"max_hp_per_floor":[70,70,70,70,70,70,70,70,70,70,70,70,70,70,70,70,70,70,70,70,70,70,70,70,70,70,70,70,70,70,70,70,70,70,70,70,70,70,70,70,70,70,70,61,61,61,61,61,61,61],"card_choices":[{"not_picked":["Flying Knee","Sucker Punch"],"picked":"Dagger Spray","floor":1},{"not_picked":["Flying Knee","Deflect"],"picked":"PiercingWail","floor":3},{"not_picked":["Accuracy","Tactician","Night Terror"],"picked":"SKIP","floor":5},{"not_picked":["Backstab","Deflect"],"picked":"Backflip","floor":6},{"not_picked":["Slice","Flying Knee"],"picked":"Predator","floor":7},{"not_picked":["Underhanded Strike","Endless Agony"],"picked":"Well Laid Plans","floor":8},{"not_picked":["Prepared","Setup"],"picked":"Dodge and Roll","floor":10},{"not_picked":["Prepared","Catalyst"],"picked":"Blade Dance","floor":11},{"not_picked":["Envenom","Grand Finale"],"picked":"Burst","floor":16},{"not_picked":["Catalyst","Dagger Spray"],"picked":"Dagger Throw","floor":18},{"not_picked":["Outmaneuver","Dodge and Roll+1"],"picked":"Cloak And Dagger+1","floor":24},{"not_picked":["Burst","Sucker Punch"],"picked":"Dash","floor":27},{"not_picked":["Slice","Underhanded Strike"],"picked":"Sucker Punch+1","floor":29},{"not_picked":["Malaise","Die Die Die"],"picked":"Adrenaline","floor":33},{"not_picked":["Eviscerate+1","Cloak And Dagger","Sucker Punch+1"],"picked":"SKIP","floor":35},{"not_picked":["Riddle With Holes+1","Poisoned Stab"],"picked":"Expertise+1","floor":36},{"not_picked":["Dagger Spray","Slice"],"picked":"Underhanded Strike+1","floor":37},{"not_picked":["Deep Breath","Impatience"],"picked":"Good Instincts","floor":39},{"not_picked":["Endless Agony","Die Die Die"],"picked":"All Out Attack+1","floor":40},{"not_picked":["Deflect+1","Heel Hook+1"],"picked":"Backflip+1","floor":42},{"not_picked":["PiercingWail","Dagger Spray","Dagger Throw"],"picked":"SKIP","floor":46},{"not_picked":["Deflect","Dagger Throw"],"picked":"Escape Plan","floor":47}],"player_experience":443452,"relics_obtained":[{"floor":6,"key":"Whetstone"},{"floor":8,"key":"Anchor"},{"floor":9,"key":"Juzu Bracelet"},{"floor":24,"key":"Oddly Smooth Stone"},{"floor":26,"key":"Torii"},{"floor":27,"key":"Dead Branch"},{"floor":31,"key":"Ancient Tea Set"},{"floor":40,"key":"Shovel"},{"floor":41,"key":"Art of War"},{"floor":42,"key":"Eternal Feather"},{"floor":43,"key":"The Courier"},{"floor":45,"key":"Vajra"},{"floor":49,"key":"StoneCalendar"}],"event_choices":[{"damage_healed":0,"gold_gain":175,"player_choice":"AGREE","damage_taken":0,"max_hp_gain":0,"max_hp_loss":0,"event_name":"Liars Game","floor":2,"gold_loss":0,"cards_obtained":["Doubt"]},{"damage_healed":0,"gold_gain":0,"player_choice":"Grow","damage_taken":0,"max_hp_gain":0,"max_hp_loss":0,"event_name":"Living Wall","floor":14,"gold_loss":0,"cards_upgraded":["Backflip"]},{"damage_healed":0,"gold_gain":0,"player_choice":"Simplicity","damage_taken":0,"max_hp_gain":0,"max_hp_loss":0,"event_name":"Back to Basics","floor":19,"gold_loss":0,"cards_upgraded":["Strike_G","Strike_G","Strike_G","Defend_G","Defend_G","Defend_G","Defend_G","Defend_G"]},{"damage_healed":0,"gold_gain":99,"player_choice":"Stole From Cult","damage_taken":0,"max_hp_gain":0,"max_hp_loss":0,"event_name":"Nest","floor":20,"gold_loss":0},{"damage_healed":0,"gold_gain":0,"player_choice":"Ignored","damage_taken":0,"max_hp_gain":0,"max_hp_loss":0,"event_name":"Ghosts","floor":21,"gold_loss":0},{"damage_healed":0,"gold_gain":0,"player_choice":"Upgrade","damage_taken":0,"relics_obtained":["Mark of the Bloom"],"max_hp_gain":0,"max_hp_loss":0,"event_name":"MindBloom","floor":38,"gold_loss":0,"cards_upgraded":["Survivor","Neutralize","Dagger Spray","Bouncing Flask","Well Laid Plans","Blade Dance","Dagger Throw","Slice","Dash","Adrenaline"]},{"damage_healed":0,"gold_gain":0,"player_choice":"Memory 1","damage_taken":0,"max_hp_gain":0,"max_hp_loss":0,"event_name":"SensoryStone","floor":39,"gold_loss":0},{"damage_healed":61,"gold_gain":0,"player_choice":"Heal","damage_taken":0,"max_hp_gain":0,"max_hp_loss":9,"event_name":"The Moai Head","floor":44,"gold_loss":0},{"damage_healed":0,"gold_gain":0,"player_choice":"Paid","damage_taken":0,"relics_obtained":["Red Mask"],"max_hp_gain":0,"max_hp_loss":0,"event_name":"Tomb of Lord Red Mask","floor":48,"gold_loss":21}],"is_beta":false,"boss_relics":[{"not_picked":["Velvet Choker","Astrolabe"],"picked":"Ectoplasm"},{"not_picked":["Tiny House","Calling Bell"],"picked":"HoveringKite"}],"items_purged_floors":[4],"is_endless":false,"potions_floor_spawned":[3,6,8,11,16,18,29,35,37,40,42],"ascension_level":6}}