{"host":"v4nyfngrgywi7zc6","time":1607747547,"event":{"mods":["2.2 Compatiblity","BaseMod","Custom Start","Downfall","Minty Spire (QoL Compilation)","Shop Mod","StSLib"],"gold_per_floor":[99,99,99,115,128,128,153,165,165,197,27,39,55,2,16,112,112,112,125,125,160,160,175,175,175,189,223,158,173,192,212,230,332,332,332,342,396,412,412,412,463,497,497,526,526,526,541,558,578,578],"floor_reached":51,"playtime":4278,"items_purged":["Regret","Guardian:Defend_Guardian"],"score":801,"play_id":"cadb463d-b35a-4107-baae-3a6c4cb6d8c7","local_time":"20201211223227","is_ascension_mode":false,"campfire_choices":[{"data":"Guardian:TwinSlam","floor":1,"key":"SMITH"},{"floor":9,"key":"REST"},{"data":"Guardian:ArmoredProtocol","floor":18,"key":"SMITH"},{"floor":35,"key":"RECALL"},{"floor":39,"key":"REST"},{"floor":43,"key":"REST"}],"circlet_count":0,"master_deck":["Guardian:Strike_Guardian","Guardian:Strike_Guardian","Guardian:Strike_Guardian+1","Guardian:Defend_Guardian+1","Guardian:Defend_Guardian","Guardian:Defend_Guardian+1","Guardian:CurlUp+1","Guardian:TwinSlam+1","Guardian:RevengeProtocol+1","Guardian:ChargeCore","Guardian:ArmoredProtocol+1","Guardian:DecasProtection","Guardian:PiercingHide","Guardian:RevengeProtocol","Guardian:Planning","Guardian:Orbwalk","Guardian:ChargeUp","Guardian:PiercingHide","Guardian:FloatingOrbs","Guardian:Suspension+1","Guardian:DonusPower","Guardian:RevengeProtocol","Guardian:ArmoredProtocol+1","expansioncontent:DecasProtection","Guardian:DonusPower","Guardian:ChargeUp+1"],"relics":["Guardian:ModeShifter","Matryoshka","Mercury Hourglass","Regal Pillow","Pantograph","Membership Card","Black Star","Omamori","Ancient Tea Set","Anchor","Ornamental Fan","Shuriken","Strawberry","Pear","Cursed Key","Ice Cream","PreservedInsect","Guardian:PickAxe","Bronze Scales","Meat on the Bone","Happy Flower"],"acts_visited":["Exordium","TheCity","TheBeyond"],"potions_floor_usage":[10,26,37,47,50],"damage_taken":[{"damage":0,"enemies":"2 Louse","floor":4,"turns":3},{"damage":1,"enemies":"Jaw Worm","floor":5,"turns":4},{"damage":4,"enemies":"Cultist","floor":8,"turns":3},{"damage":16,"enemies":"Gremlin Nob","floor":10,"turns":4},{"damage":2,"enemies":"downfall:FleeingMerchant","floor":11,"turns":4},{"damage":2,"enemies":"2 Fungi Beasts","floor":12,"turns":2},{"damage":6,"enemies":"Blue Slaver","floor":13,"turns":3},{"damage":8,"enemies":"downfall:FleeingMerchant","floor":14,"turns":4},{"damage":0,"enemies":"Exordium Wildlife","floor":15,"turns":3},{"damage":10,"enemies":"downfall:CharBossIronclad","floor":16,"turns":8},{"damage":0,"enemies":"Shell Parasite","floor":19,"turns":5},{"damage":16,"enemies":"Book of Stabbing","floor":21,"turns":6},{"damage":0,"enemies":"Centurion and Healer","floor":23,"turns":8},{"damage":10,"enemies":"3 Cultists","floor":26,"turns":5},{"damage":14,"enemies":"Slavers","floor":27,"turns":7},{"damage":8,"enemies":"downfall:FleeingMerchant","floor":28,"turns":4},{"damage":0,"enemies":"Cultist and Chosen","floor":29,"turns":8},{"damage":0,"enemies":"Centurion and Healer","floor":30,"turns":6},{"damage":0,"enemies":"Snecko","floor":31,"turns":4},{"damage":2,"enemies":"Snake Plant","floor":32,"turns":4},{"damage":32,"enemies":"downfall:CharBossSilent","floor":33,"turns":8},{"damage":0,"enemies":"3 Shapes","floor":36,"turns":4},{"damage":52,"enemies":"2 Orb Walkers","floor":37,"turns":6},{"damage":0,"enemies":"Orb Walker","floor":38,"turns":3},{"damage":15,"enemies":"Reptomancer","floor":42,"turns":6},{"damage":0,"enemies":"Giant Head","floor":44,"turns":8},{"damage":16,"enemies":"Transient","floor":47,"turns":5},{"damage":5,"enemies":"Spire Growth","floor":48,"turns":6},{"damage":5,"enemies":"4 Shapes","floor":49,"turns":4},{"damage":0,"enemies":"downfall:CharBossWatcher","floor":50,"turns":8}],"seed_played":"-4986610523705414275","potions_obtained":[{"floor":4,"key":"Explosive Potion"},{"floor":8,"key":"Weak Potion"},{"floor":13,"key":"sneckomod:MuddlingPotion"},{"floor":19,"key":"SteroidPotion"},{"floor":30,"key":"Weak Potion"},{"floor":38,"key":"Explosive Potion"},{"floor":49,"key":"Guardian:DefensiveModePotion"}],"is_trial":false,"path_per_floor":["R","?","?","M","M","?","T","M","R","E","$","M","M","$","M","B",null,"R","M","T","E","?","M","T","T","M","E","$","M","M","M","M","B",null,"R","M","?","M","R","?","T","E","R","E","?","?","M","M","M","B",null],"character_chosen":"GUARDIAN","items_purchased":["Membership Card"],"campfire_rested":3,"item_purchase_floors":[11],"current_hp_per_floor":[72,72,54,54,53,53,53,49,72,56,54,52,46,38,38,53,72,72,72,72,56,56,56,56,56,46,49,41,41,41,41,39,32,89,89,89,37,37,78,78,78,63,89,89,102,94,78,73,68,93],"gold":578,"neow_bonus":"THREE_RARE_CARDS","is_daily":false,"chose_seed":false,"campfire_upgraded":2,"win_rate":0.0,"timestamp":1607747547,"path_taken":["R","?","?","M","M","?","T","M","R","E","?","M","?","$","M","BOSS","R","M","?","E","?","M","T","?","M","E","$","M","?","M","M","BOSS","R","M","?","M","R","?","T","E","R","E","?","?","?","M","M","BOSS"],"items_purchased_type":["Relic"],"build_version":"2020-11-30","purchased_purges":2,"victory":true,"max_hp_per_floor":[72,72,72,72,72,72,72,72,72,72,72,72,72,72,72,72,72,72,72,72,72,72,72,72,72,72,89,89,89,89,89,89,89,89,89,89,89,89,89,89,89,89,89,89,102,102,102,102,102,102],"card_choices":[{"not_picked":["Guardian:SphericShield","Guardian:HyperBeam_Guardian"],"picked":"Guardian:RevengeProtocol","floor":0},{"not_picked":["Guardian:VentSteam","Guardian:Gem_Cyan"],"picked":"Guardian:ChargeCore","floor":4},{"not_picked":["Guardian:Gem_Cyan","Guardian:Harden"],"picked":"Guardian:Gem_Green","floor":5},{"not_picked":["Guardian:Gem_Red","Guardian:Suspension"],"picked":"Guardian:Gem_Crimson","floor":8},{"not_picked":["Guardian:Preprogram","Guardian:VentSteam"],"picked":"Guardian:ArmoredProtocol","floor":10},{"not_picked":["Guardian:CrystalBeam","Guardian:Preprogram"],"picked":"Guardian:DecasProtection","floor":12},{"not_picked":["Guardian:SentryBeam","Guardian:WalkerClaw"],"picked":"Guardian:PiercingHide","floor":13},{"not_picked":["Guardian:Incinerate","Guardian:VentSteam","Guardian:Reroute"],"picked":"SKIP","floor":15},{"not_picked":["Guardian:TimeSifter","Guardian:SphericShield"],"picked":"Guardian:RevengeProtocol","floor":16},{"not_picked":["Guardian:TemporalStrike","Guardian:Suspension+1","Guardian:Gem_Green"],"picked":"SKIP","floor":19},{"not_picked":["Guardian:ShieldSpikes","Guardian:Gem_Cyan"],"picked":"Guardian:Planning","floor":21},{"not_picked":["Guardian:WalkerClaw","Guardian:TemporalShield"],"picked":"Guardian:Orbwalk","floor":23},{"not_picked":["Guardian:Planning","Guardian:Incinerate"],"picked":"Guardian:ChargeUp","floor":26},{"not_picked":["Guardian:CrystalBeam","Guardian:FastForward"],"picked":"Guardian:PiercingHide","floor":27},{"not_picked":["Guardian:ChargeCore","Guardian:Gem_Cyan"],"picked":"Guardian:FloatingOrbs","floor":29},{"not_picked":["Guardian:Harden+1","Guardian:Preprogram"],"picked":"Guardian:Suspension+1","floor":30},{"not_picked":["Guardian:Incinerate","Guardian:PiercingHide"],"picked":"Guardian:DonusPower","floor":31},{"not_picked":["Guardian:Reroute","Guardian:Incinerate","Guardian:Gem_Fragmented"],"picked":"SKIP","floor":32},{"not_picked":["Guardian:TimeSifter","Guardian:WeakpointTargeting"],"picked":"Guardian:RevengeProtocol","floor":33},{"not_picked":["Guardian:PrimingBeam","Guardian:PrismaticBeam+1","Guardian:Incinerate"],"picked":"SKIP","floor":36},{"not_picked":["Guardian:Incinerate+1","Guardian:Gem_Cyan"],"picked":"Guardian:ArmoredProtocol+1","floor":38},{"not_picked":["expansioncontent:Hexaburn","expansioncontent:Collect"],"picked":"expansioncontent:DecasProtection","floor":40},{"not_picked":["Guardian:Reroute+1","Guardian:VentSteam","Guardian:Suspension"],"picked":"SKIP","floor":42},{"not_picked":["Guardian:GuardianWhirl+1","Guardian:RefractedBeam"],"picked":"Guardian:DonusPower","floor":44},{"not_picked":["Guardian:Preprogram","Guardian:SphericShield","Guardian:Suspension"],"picked":"SKIP","floor":47},{"not_picked":["Guardian:VentSteam+1","Guardian:WalkerClaw","Guardian:RollAttack+1"],"picked":"SKIP","floor":48},{"not_picked":["Guardian:ShieldSpikes+1","Guardian:PrimingBeam+1"],"picked":"Guardian:ChargeUp+1","floor":49}],"player_experience":222492,"relics_obtained":[{"floor":7,"key":"Mercury Hourglass"},{"floor":7,"key":"Regal Pillow"},{"floor":10,"key":"Pantograph"},{"floor":20,"key":"Omamori"},{"floor":20,"key":"Ancient Tea Set"},{"floor":21,"key":"Anchor"},{"floor":21,"key":"Ornamental Fan"},{"floor":24,"key":"Shuriken"},{"floor":27,"key":"Strawberry"},{"floor":27,"key":"Pear"},{"floor":37,"key":"Ice Cream"},{"floor":41,"key":"PreservedInsect"},{"floor":42,"key":"Guardian:PickAxe"},{"floor":42,"key":"Bronze Scales"},{"floor":44,"key":"Meat on the Bone"},{"floor":44,"key":"Happy Flower"}],"event_choices":[{"damage_healed":0,"gold_gain":0,"player_choice":"Success","damage_taken":18,"relics_obtained":["Matryoshka"],"max_hp_gain":0,"max_hp_loss":0,"event_name":"Scrap Ooze","floor":3,"gold_loss":0},{"damage_healed":0,"gold_gain":0,"player_choice":"Fight","damage_taken":0,"max_hp_gain":0,"max_hp_loss":0,"event_name":"Mysterious Sphere","floor":37,"gold_loss":0}],"is_beta":false,"boss_relics":[{"not_picked":["Empty Cage","Fusion Hammer"],"picked":"Black Star"},{"not_picked":["SacredBark","Tiny House"],"picked":"Cursed Key"}],"items_purged_floors":[14,28],"is_endless":false,"potions_floor_spawned":[4,8,13,19,21,30,36,38,49],"ascension_level":0}}