{"host":"k5dhp0bkccqfauyu","time":1607738374,"event":{"mods":["BaseMod","Better Note","Better Skull","Better Vampires","Colored Map","Colored Powertips","DeckTracker","Minty Spire (QoL Compilation)","Permanent Neow","StSLib","SuperFastMode"],"gold_per_floor":[364,380,391,408,50,84,84,109,109,109,121,21,21,38,38,115,115,135,410,421,52,62,62,88,88,88,88,88],"floor_reached":27,"playtime":1051,"items_purged":["Strike_P","Strike_P","Regret"],"score":486,"play_id":"0eed40a9-f649-4934-ac8b-54c0d0be5663","local_time":"20201212125934","is_ascension_mode":true,"campfire_choices":[{"data":"Eruption","floor":10,"key":"SMITH"},{"data":"SashWhip","floor":13,"key":"SMITH"},{"data":"Meditate","floor":15,"key":"SMITH"},{"floor":23,"key":"REST"},{"data":"Vault","floor":25,"key":"SMITH"}],"circlet_count":0,"master_deck":["AscendersBane","Eruption+1","Vigilance","Tantrum","SashWhip+1","Meditate+1","InnerPeace+1","Adaptation+1","Consecrate+1","MentalFortress+1","Adaptation+1","CutThroughFate+1","LessonLearned+1","Vault+1","Vengeance","Meditate+1","CrushJoints+1","Evaluate","Devotion+1","EmptyMind+1","LikeWater+1","Halt","WheelKick+1","Trip","Wallop+1","ForeignInfluence+1"],"relics":["PureWater","Regal Pillow","Frozen Egg 2","Bronze Scales","Molten Egg 2","Pandora\u0027s Box","Letter Opener","Toy Ornithopter"],"acts_visited":["Exordium","TheCity"],"potions_floor_usage":[6,6,18,24,24,27],"damage_taken":[{"damage":0,"enemies":"Cultist","floor":1,"turns":3},{"damage":1,"enemies":"2 Louse","floor":2,"turns":2},{"damage":0,"enemies":"Small Slimes","floor":3,"turns":1},{"damage":0,"enemies":"Blue Slaver","floor":4,"turns":2},{"damage":12,"enemies":"3 Sentries","floor":6,"turns":5},{"damage":5,"enemies":"Gremlin Nob","floor":8,"turns":3},{"damage":0,"enemies":"Large Slime","floor":11,"turns":3},{"damage":4,"enemies":"3 Louse","floor":14,"turns":2},{"damage":10,"enemies":"The Guardian","floor":16,"turns":10},{"damage":1,"enemies":"Chosen","floor":18,"turns":3},{"damage":36,"enemies":"Shell Parasite","floor":20,"turns":5},{"damage":0,"enemies":"3 Cultists","floor":22,"turns":5},{"damage":10,"enemies":"Gremlin Leader","floor":24,"turns":5},{"damage":44,"enemies":"Slavers","floor":27,"turns":4}],"seed_played":"-8958924335940384937","potions_obtained":[{"floor":2,"key":"Fire Potion"},{"floor":3,"key":"Explosive Potion"},{"floor":6,"key":"Swift Potion"},{"floor":8,"key":"Fire Potion"},{"floor":20,"key":"Ambrosia"},{"floor":24,"key":"FearPotion"}],"is_trial":false,"path_per_floor":["M","M","M","M","$","E","?","E","T","R","M","$","R","M","R","B",null,"M","?","M","$","M","R","E","R","T","E"],"character_chosen":"WATCHER","items_purchased":["Adaptation","Consecrate","Regal Pillow","Halt","WheelKick+1","Trip"],"campfire_rested":1,"item_purchase_floors":[5,5,5,21,21,21],"current_hp_per_floor":[61,60,60,60,60,48,39,34,34,34,34,34,34,30,30,20,52,51,51,15,15,15,48,38,38,38,0,0],"gold":88,"neow_bonus":"TWO_FIFTY_GOLD","is_daily":false,"chose_seed":false,"campfire_upgraded":4,"win_rate":0.0,"timestamp":1607738374,"path_taken":["M","M","M","?","$","E","?","E","T","R","?","?","R","M","R","BOSS","M","?","?","$","M","R","E","R","T","E"],"items_purchased_type":["Card","Card","Relic","Card","Card","Card"],"build_version":"2020-11-30","purchased_purges":3,"victory":false,"max_hp_per_floor":[62,62,62,62,62,62,62,62,62,62,62,62,62,62,62,62,62,62,62,62,62,62,62,62,62,62,62,62],"card_choices":[{"not_picked":["BowlingBash","LikeWater"],"picked":"Tantrum","floor":1},{"not_picked":["FlyingSleeves","Prostrate"],"picked":"SashWhip","floor":2},{"not_picked":["Weave","SashWhip"],"picked":"Meditate","floor":3},{"not_picked":["Halt","SashWhip"],"picked":"InnerPeace","floor":4},{"not_picked":["FlyingSleeves","Nirvana+1"],"picked":"MentalFortress+1","floor":6},{"not_picked":["WheelKick","ConjureBlade"],"picked":"Adaptation+1","floor":8},{"not_picked":["FlyingSleeves+1","Evaluate","Prostrate"],"picked":"SKIP","floor":11},{"not_picked":["ClearTheMind","FollowUp+1"],"picked":"CutThroughFate+1","floor":14},{"not_picked":["Blasphemy","DevaForm+1"],"picked":"LessonLearned+1","floor":16},{"not_picked":["Evaluate","Collect"],"picked":"EmptyMind","floor":18},{"not_picked":["Halt","FollowUp+1"],"picked":"LikeWater+1","floor":20},{"not_picked":["Collect","Halt+1"],"picked":"Wallop+1","floor":22},{"not_picked":["Alpha","SandsOfTime+1"],"picked":"ForeignInfluence+1","floor":24}],"player_experience":1749120,"relics_obtained":[{"floor":6,"key":"Frozen Egg 2"},{"floor":8,"key":"Bronze Scales"},{"floor":9,"key":"Molten Egg 2"},{"floor":24,"key":"Letter Opener"},{"floor":26,"key":"Toy Ornithopter"}],"event_choices":[{"damage_healed":0,"gold_gain":0,"player_choice":"Damaged","damage_taken":9,"max_hp_gain":0,"max_hp_loss":0,"event_name":"Wheel of Change","floor":7,"gold_loss":0},{"damage_healed":0,"gold_gain":275,"player_choice":"Desecrate","damage_taken":0,"max_hp_gain":0,"max_hp_loss":0,"event_name":"Golden Shrine","floor":19,"gold_loss":0,"cards_obtained":["Regret"]}],"is_beta":false,"boss_relics":[{"not_picked":["Coffee Dripper","Busted Crown"],"picked":"Pandora\u0027s Box"}],"items_purged_floors":[5,12,21],"is_endless":false,"potions_floor_spawned":[2,3,6,8,20,24],"killed_by":"Slavers","ascension_level":20}}