{"host":"ifd7sfhtlbe34qll","time":1607806520,"event":{"mods":["2.2 Compatiblity","BaseMod","Bestiary","Block Reminder","Colored Map","Filter the Spire","Highlight Path","Minty Spire (QoL Compilation)","Potion Indicator Mod","Quick Restart","Random Character Button","Relic Stats","StSLib"],"gold_per_floor":[15,15,36,51,51,51,84,84,84,123,142,157,198,212,212,305,305,319,319,340,21,0,0,0,0],"floor_reached":24,"playtime":916,"items_purged":["Strike_B"],"score":432,"play_id":"23252118-6d53-4de5-91f5-514f21c4075e","local_time":"20201212145520","is_ascension_mode":true,"campfire_choices":[{"data":"Cold Snap","floor":6.0,"key":"SMITH"},{"data":"Cold Snap","floor":8.0,"key":"SMITH"},{"data":"Barrage","floor":15,"key":"SMITH"},{"floor":23,"key":"REST"}],"circlet_count":0,"master_deck":["AscendersBane","Strike_B","Strike_B","Strike_B","Defend_B","Defend_B","Defend_B","Defend_B","Zap+1","Dualcast","Cold Snap+1","Cold Snap+1","Core Surge","Conserve Battery","Compile Driver","Capacitor+1","Barrage+1","Core Surge","Recycle+1","Sweeping Beam","Static Discharge+1"],"relics":["Cracked Core","Golden Idol","Kunai","Frozen Egg 2","StrikeDummy","Inserter","Nloth\u0027s Gift","OrangePellets"],"acts_visited":["Exordium","TheCity"],"potions_floor_usage":[13,14,16],"damage_taken":[{"damage":2.0,"enemies":"Jaw Worm","floor":1.0,"turns":4.0},{"damage":0.0,"enemies":"2 Louse","floor":3.0,"turns":2.0},{"damage":0.0,"enemies":"Small Slimes","floor":4.0,"turns":3.0},{"damage":23.0,"enemies":"Gremlin Nob","floor":7.0,"turns":5.0},{"damage":5.0,"enemies":"3 Sentries","floor":10.0,"turns":9.0},{"damage":7.0,"enemies":"Red Slaver","floor":11.0,"turns":2.0},{"damage":6.0,"enemies":"Exordium Thugs","floor":12.0,"turns":5.0},{"damage":6,"enemies":"Lagavulin","floor":13,"turns":7},{"damage":5,"enemies":"Exordium Wildlife","floor":14,"turns":3},{"damage":4,"enemies":"The Guardian","floor":16,"turns":14},{"damage":24,"enemies":"3 Byrds","floor":18,"turns":5},{"damage":27,"enemies":"Shell Parasite","floor":20,"turns":8},{"damage":38,"enemies":"Slavers","floor":24,"turns":2}],"seed_played":"5178769214339695239","potions_obtained":[{"floor":3.0,"key":"EssenceOfSteel"},{"floor":10.0,"key":"SkillPotion"},{"floor":12.0,"key":"DistilledChaos"},{"floor":13,"key":"Explosive Potion"},{"floor":16,"key":"CultistPotion"}],"is_trial":false,"path_per_floor":["M","?","M","M","?","R","E","R","T","E","M","M","E","M","R","B",null,"M","?","M","$","?","R","E"],"character_chosen":"DEFECT","items_purchased":["OrangePellets","Static Discharge+1"],"campfire_rested":1,"item_purchase_floors":[21,21],"current_hp_per_floor":[76,76,76,76,76,76,53,53,53,48,41,35,29,24,24,20,63,39,39,12,12,12,35,0,0],"gold":0,"neow_bonus":"TWENTY_PERCENT_HP_BONUS","is_daily":false,"chose_seed":false,"campfire_upgraded":3,"win_rate":0.0,"timestamp":1607806520,"path_taken":["M","?","M","M","?","R","E","R","T","E","M","M","E","M","R","BOSS","M","?","?","$","?","R","E"],"items_purchased_type":["Relic","Card"],"build_version":"2020-11-30","purchased_purges":1,"victory":false,"max_hp_per_floor":[85,77,77,77,77,77,77,77,77,77,77,77,77,77,77,77,77,77,77,77,77,77,77,77,77],"relic_stats":{"OrangePellets":[0],"Inserter":[7],"counters":[13,69],"Golden Idol":66,"Nloth\u0027s Gift":0,"Kunai":[11],"obtain_stats":[{"OrangePellets":21,"Inserter":17,"Golden Idol":2,"Nloth\u0027s Gift":19,"Kunai":7,"Frozen Egg 2":9,"Cracked Core":0,"Smiling Mask":10,"StrikeDummy":13},{"OrangePellets":12,"Inserter":10,"Golden Idol":1,"Nloth\u0027s Gift":11,"Kunai":4,"Frozen Egg 2":4,"Cracked Core":0,"Smiling Mask":5,"StrikeDummy":8},{"OrangePellets":67,"Inserter":54,"Golden Idol":4,"Nloth\u0027s Gift":59,"Kunai":14,"Frozen Egg 2":14,"Cracked Core":0,"Smiling Mask":23,"StrikeDummy":37}]},"card_choices":[{"not_picked":["Stack","Steam"],"picked":"Cold Snap","floor":1.0},{"not_picked":["Barrage","Coolheaded"],"picked":"Cold Snap","floor":3.0},{"not_picked":["Hello World","Stack"],"picked":"Core Surge","floor":4.0},{"not_picked":["Rebound","Leap"],"picked":"Conserve Battery","floor":7.0},{"not_picked":["Beam Cell","Conserve Battery"],"picked":"Compile Driver","floor":10.0},{"not_picked":["Multi-Cast","Coolheaded"],"picked":"Capacitor+1","floor":11.0},{"not_picked":["Leap","Streamline"],"picked":"Barrage","floor":12.0},{"not_picked":["Auto Shields","Hyperbeam","Streamline"],"picked":"SKIP","floor":13},{"not_picked":["Auto Shields","Hyperbeam","Streamline"],"picked":"SKIP","floor":13},{"not_picked":["Hello World+1","Conserve Battery","Steam"],"picked":"SKIP","floor":14},{"not_picked":["Multi-Cast","Machine Learning+1"],"picked":"Core Surge","floor":16},{"not_picked":["Streamline","Go for the Eyes"],"picked":"Recycle+1","floor":18},{"not_picked":["Rebound","Gash"],"picked":"Sweeping Beam","floor":20}],"player_experience":1410831,"relics_obtained":[{"floor":7.0,"key":"Kunai"},{"floor":9.0,"key":"Frozen Egg 2"},{"floor":10.0,"key":"Smiling Mask"},{"floor":13,"key":"StrikeDummy"}],"event_choices":[{"damage_healed":0.0,"max_hp_gain":0.0,"max_hp_loss":8.0,"gold_gain":0.0,"event_name":"Golden Idol","player_choice":"Lose Max HP","floor":2.0,"gold_loss":0.0,"damage_taken":0.0,"relics_obtained":["Golden Idol"]},{"damage_healed":0.0,"max_hp_gain":0.0,"max_hp_loss":0.0,"gold_gain":0.0,"event_name":"Living Wall","player_choice":"Grow","floor":5.0,"gold_loss":0.0,"damage_taken":0.0,"cards_upgraded":["Zap"]},{"damage_healed":0,"gold_gain":0,"player_choice":"Traded Relic","damage_taken":0,"relics_obtained":["Nloth\u0027s Gift"],"max_hp_gain":0,"max_hp_loss":0,"event_name":"N\u0027loth","floor":19,"relics_lost":["Smiling Mask"],"gold_loss":0},{"damage_healed":0,"gold_gain":0,"player_choice":"Paid Fearfully","damage_taken":0,"max_hp_gain":0,"max_hp_loss":0,"event_name":"Masked Bandits","floor":22,"gold_loss":21}],"is_beta":false,"boss_relics":[{"not_picked":["Sozu","Philosopher\u0027s Stone"],"picked":"Inserter"}],"items_purged_floors":[21],"is_endless":false,"potions_floor_spawned":[3,10,12,13,16],"killed_by":"Slavers","ascension_level":20}}