{"host":"97bfbul5vt0mksxl","time":1607746149,"event":{"mods":["BaseMod","Colored Powertips","Highlight Path","Infinite Spire","Minty Spire (QoL Compilation)","Replay The Spire","Shop Mod","StSLib","SuperFastMode"],"gold_per_floor":[111,127,145,161,171,171,203,218,264,264,264,274,274,274,274],"floor_reached":14,"playtime":790,"items_purged":[],"score":94,"play_id":"c39f6bb3-437e-4134-aaee-aed594e8138d","local_time":"20201212010909","is_ascension_mode":false,"campfire_choices":[{"floor":6,"key":"REST"}],"circlet_count":0,"master_deck":["Strike_P","Strike_P","Strike_P","Defend_P","Defend_P","Defend_P","Eruption","Vigilance","Replay:DivineShield","CutThroughFate","SandsOfTime","Replay:LoomingThreat","SashWhip","Consecrate","Establishment","EmptyFist","Pot Of Greed","Pot Of Greed","JustLucky"],"relics":["PureWater","Onion Ring","Grinning Jar","Bag of Preparation"],"acts_visited":["Exordium"],"potions_floor_usage":[1,7,14],"damage_taken":[{"damage":0,"enemies":"Small Slimes","floor":1,"turns":4},{"damage":11,"enemies":"Jaw Worm","floor":2,"turns":4},{"damage":7,"enemies":"infinitespire:Voidling","floor":3,"turns":4},{"damage":17,"enemies":"Exordium Wildlife","floor":4,"turns":3},{"damage":22,"enemies":"2 Fungi Beasts","floor":5,"turns":3},{"damage":7,"enemies":"3 Sentries","floor":7,"turns":4},{"damage":0,"enemies":"Blue Slaver","floor":8,"turns":3},{"damage":0,"enemies":"Lots of Slimes","floor":12,"turns":2},{"damage":24,"enemies":"Replay:BlueRogue","floor":14,"turns":3}],"seed_played":"-8025836507080598188","potions_obtained":[{"floor":1,"key":"Fruit Juice"},{"floor":2,"key":"Explosive Potion"},{"floor":7,"key":"Adrenaline Potion"}],"is_trial":false,"path_per_floor":["M","M","M","M","M","R","E","M","T","?","?","M","?","E"],"character_chosen":"WATCHER","items_purchased":[],"campfire_rested":1,"item_purchase_floors":[],"current_hp_per_floor":[77,66,59,42,20,43,36,36,36,18,23,23,23,0,0],"gold":274,"neow_bonus":"TRANSFORM_CARD","is_daily":false,"chose_seed":false,"campfire_upgraded":0,"win_rate":0.0,"timestamp":1607746149,"path_taken":["M","M","M","M","M","R","E","M","T","?","?","M","?","E"],"items_purchased_type":[],"build_version":"2020-11-30","purchased_purges":0,"victory":false,"max_hp_per_floor":[77,77,77,77,77,77,77,77,77,77,82,82,82,82,82],"card_choices":[{"not_picked":["Replay:Cycle","BowlingBash"],"picked":"CutThroughFate","floor":1},{"not_picked":["EmptyBody","FollowUp"],"picked":"SandsOfTime","floor":2},{"not_picked":["Vengeance","Tantrum"],"picked":"Replay:LoomingThreat","floor":3},{"not_picked":["Replay:Anticipation","Tantrum"],"picked":"SashWhip","floor":4},{"not_picked":["Prostrate","Replay:AtTheReady"],"picked":"Consecrate","floor":5},{"not_picked":["FlurryOfBlows","Replay:BluntJabs"],"picked":"Establishment","floor":7},{"not_picked":["CrushJoints","CarveReality"],"picked":"EmptyFist","floor":8},{"not_picked":["CutThroughFate","Halt"],"picked":"JustLucky","floor":12}],"player_experience":135641,"relics_obtained":[{"floor":7,"key":"Onion Ring"},{"floor":9,"key":"Grinning Jar"}],"event_choices":[{"damage_healed":0,"gold_gain":0,"player_choice":"Success","damage_taken":18,"relics_obtained":["Bag of Preparation"],"max_hp_gain":0,"max_hp_loss":0,"event_name":"Scrap Ooze","floor":10,"gold_loss":0},{"damage_healed":0,"gold_gain":0,"player_choice":"Donut","damage_taken":0,"max_hp_gain":5,"max_hp_loss":0,"event_name":"Big Fish","floor":11,"gold_loss":0}],"is_beta":false,"boss_relics":[],"items_purged_floors":[],"is_endless":false,"potions_floor_spawned":[1,2,7],"killed_by":"Replay:BlueRogue","ascension_level":0}}