{"host":"bjzqjr1ycgj8gt55","time":1607740095,"event":{"mods":["BaseMod","Better Altar","Better Match","Better Sensory Stone","Better Skull","Better Third Choice","Better Vampires","Block Reminder","Colored Map","Colored Powertips","Hermit","Hero for Fun","Infinite Spire","Jorbs\u0027s Wanderer Trilogy","Minty Spire (QoL Compilation)","Rare Cards Sparkle","Red Circlet Mod","Shade Mod","Shop Mod","Spicy Shops","StSLib","The Alterego","The Animator","The Bug Knight","The Cursed","The Disciple","The Forsaken","The Hierophant","The Jungle","The Necromancer","The Problem Sleuth","The Runesmith","TheVacant","Waifu the Spire","WarShipGirlsR/????R mod","everything is the same but u backflip on backflip","slay the spire mod where everything is the same but ironclad has a cowboy hat"],"gold_per_floor":[367,381,392,352,364,364,378,378,403,221,246,259,278,51,51,148,148,166,180,193,206,206,206,41,52,52,66,66,79,4,4,4,102,102,119,99,29,41,54,54,54,54,79,97,97,97,97],"floor_reached":46,"playtime":2163,"items_purged":["Pain"],"score":451,"play_id":"e868fa45-6274-44a9-85d7-b6cbe3f143f5","local_time":"20201211202815","is_ascension_mode":false,"campfire_choices":[{"floor":6,"key":"REST"},{"floor":8,"key":"REST"},{"floor":15,"key":"REST"},{"floor":23,"key":"REST"},{"floor":28,"key":"REST"},{"floor":32,"key":"REST"},{"floor":40,"key":"REST"}],"circlet_count":0,"master_deck":["theVacant:VacantStarterStrike","theVacant:VacantStarterStrike","theVacant:VacantStarterDefend","theVacant:VacantStarterDefend","theVacant:VacantStarterDefend","theVacant:Release","theVacant:Crunch","theVacant:HolyWater","theVacant:ShutAway","theVacant:Prevent","theVacant:ReaperStrike","theVacant:BellToll","theVacant:IntoTheAbyss","theVacant:Dig","theVacant:Barrage","theVacant:Snowball","theVacant:Gloom","theVacant:TheAnvil","theVacant:Whip","theVacant:Hex","theVacant:EyePoke","theVacant:ShriekingBlast+1","Apotheosis","theVacant:Gloom","theVacant:Hex","theVacant:ShriekingBlast","theVacant:DeathSpiral","theVacant:Husk+1","theVacant:GraveDigger","theVacant:MindBreak","theVacant:BurdenBreak","theVacant:IntoTheAbyss+1","infinitespire:TheBestDefense","Regret","Injury","infinitespire:Execution"],"relics":["theVacant:BrassGoblet","Nunchaku","TheAbacus","PreservedInsect","Incense Burner","Fusion Hammer","Nilry\u0027s Codex","HollowMod:LifeEnderRelic","Empty Cage","theSleuth:SaltedMelon","theSleuth:SaltedMelon","Frozen Eye","Bronze Scales"],"acts_visited":["Exordium","TheCity","TheBeyond"],"potions_floor_usage":[7,11,18,19,19,21,21,35,38,44,46,46],"damage_taken":[{"damage":9,"enemies":"Small Slimes","floor":1,"turns":6},{"damage":4,"enemies":"Cultist","floor":2,"turns":4},{"damage":23,"enemies":"Jaw Worm","floor":3,"turns":7},{"damage":13,"enemies":"2 Fungi Beasts","floor":5,"turns":5},{"damage":3,"enemies":"Large Slime","floor":7,"turns":4},{"damage":24,"enemies":"HollowMod:MossKnight","floor":11,"turns":4},{"damage":0,"enemies":"Red Slaver","floor":12,"turns":5},{"damage":9,"enemies":"Blue Slaver","floor":13,"turns":2},{"damage":19,"enemies":"Slime Boss","floor":16,"turns":10},{"damage":0,"enemies":"3 Byrds","floor":18,"turns":3},{"damage":0,"enemies":"Spheric Guardian","floor":19,"turns":3},{"damage":45,"enemies":"Cultist and Chosen","floor":20,"turns":7},{"damage":1,"enemies":"Snake Plant","floor":21,"turns":3},{"damage":0,"enemies":"Snecko","floor":25,"turns":3},{"damage":0,"enemies":"Sentry and Sphere","floor":27,"turns":1},{"damage":4,"enemies":"Chosen and Byrds","floor":29,"turns":3},{"damage":67,"enemies":"Automaton","floor":33,"turns":8},{"damage":42,"enemies":"3 Shapes","floor":35,"turns":6},{"damage":18,"enemies":"3 Darklings","floor":38,"turns":4},{"damage":0,"enemies":"Transient","floor":39,"turns":5},{"damage":38,"enemies":"4 Shapes","floor":44,"turns":4},{"damage":9,"enemies":"Spire Growth","floor":46,"turns":2}],"seed_played":"7225640932827203777","potions_obtained":[{"floor":4,"key":"AttackPotion"},{"floor":4,"key":"GamblersBrew"},{"floor":4,"key":"Swift Potion"},{"floor":5,"key":"Fire Potion"},{"floor":7,"key":"FearPotion"},{"floor":18,"key":"AttackPotion"},{"floor":20,"key":"EntropicBrew"},{"floor":33,"key":"Block Potion"},{"floor":39,"key":"SneckoOil"},{"floor":44,"key":"Block Potion"}],"is_trial":false,"path_per_floor":["M","M","M","?","M","R","M","R","T","$","E","M","M","$","R","B",null,"M","M","M","M","?","R","$","M","T","M","R","M","?","$","R","B",null,"M","?","$","M","M","R","?","AVR","T","M","?","M"],"character_chosen":"THE_VACANT","items_purchased":["theVacant:IntoTheAbyss","TheAbacus","theVacant:Gloom","Incense Burner","Apotheosis","theVacant:BurdenBreak"],"campfire_rested":7,"item_purchase_floors":[10,10,14,14,24,37],"current_hp_per_floor":[71,67,44,44,31,55,52,76,76,76,52,52,43,43,67,48,80,80,80,35,34,18,42,42,42,42,42,66,62,62,62,80,13,80,38,38,38,20,20,44,44,44,44,6,6,0,0],"gold":97,"neow_bonus":"TWO_FIFTY_GOLD","is_daily":false,"chose_seed":false,"campfire_upgraded":0,"win_rate":0.0,"timestamp":1607740095,"path_taken":["M","M","M","?","?","R","M","R","T","$","E","M","M","$","R","BOSS","M","M","M","M","?","R","$","M","T","M","R","M","?","$","R","BOSS","M","?","$","M","M","R","?","AVR","T","M","?","M"],"items_purchased_type":["Card","Relic","Card","Relic","Card","Card"],"build_version":"2020-11-30","purchased_purges":1,"victory":false,"max_hp_per_floor":[80,80,80,80,80,80,80,80,80,80,80,80,80,80,80,80,80,80,80,80,80,80,80,80,80,80,80,80,80,80,80,80,80,80,80,80,80,80,80,80,80,80,80,80,80,80,80],"card_choices":[{"not_picked":["theVacant:EyePoke","theVacant:Jab"],"picked":"theVacant:HolyWater","floor":1},{"not_picked":["theVacant:Fling","theVacant:Barrage"],"picked":"theVacant:ShutAway","floor":2},{"not_picked":["theVacant:GraveWave","theVacant:Yeet"],"picked":"theVacant:Prevent","floor":3},{"not_picked":["theVacant:Whip","theVacant:Carve"],"picked":"theVacant:ReaperStrike","floor":5},{"not_picked":["theVacant:Expand","theVacant:Fortify"],"picked":"theVacant:BellToll","floor":7},{"not_picked":["theVacant:Fortify","theVacant:Expand"],"picked":"theVacant:Dig","floor":11},{"not_picked":["theVacant:FranticBlow","theVacant:BattleScars"],"picked":"theVacant:Barrage","floor":12},{"not_picked":["theVacant:Jab","theVacant:Return"],"picked":"theVacant:Snowball","floor":13},{"not_picked":["theVacant:Showdown","theVacant:FromNothing"],"picked":"theVacant:TheAnvil","floor":16},{"not_picked":["theVacant:Soothe","theVacant:Carve"],"picked":"theVacant:Whip","floor":18},{"not_picked":["theVacant:FranticBlow","theVacant:Thoughtseize"],"picked":"theVacant:Hex","floor":19},{"not_picked":["theVacant:Enrage+1","theVacant:OnSecondThought+1"],"picked":"theVacant:EyePoke","floor":20},{"not_picked":["theVacant:Dig","theVacant:CursedBlast"],"picked":"theVacant:ShriekingBlast+1","floor":21},{"not_picked":["theVacant:EmptyShield","theVacant:Showdown"],"picked":"theVacant:Gloom","floor":25},{"not_picked":["theVacant:FranticBlow","theVacant:BattleScars+1"],"picked":"theVacant:Hex","floor":27},{"not_picked":["theVacant:EmbraceDarkness","theVacant:BattleScars"],"picked":"theVacant:ShriekingBlast","floor":29},{"not_picked":["theVacant:Prevent","theVacant:FromNothing"],"picked":"theVacant:DeathSpiral","floor":33},{"not_picked":["theVacant:Expand","theVacant:CursedBlast+1"],"picked":"theVacant:Husk+1","floor":35},{"not_picked":[],"picked":"theVacant:GraveDigger","floor":36},{"not_picked":[],"picked":"theVacant:MindBreak","floor":36},{"not_picked":["theVacant:Thoughtseize+1","theVacant:EmbraceDarkness+1"],"picked":"theVacant:IntoTheAbyss+1","floor":38},{"not_picked":["theVacant:SpiritOrb","theVacant:Throttle","theVacant:Barrage"],"picked":"SKIP","floor":39},{"not_picked":["theVacant:LashOut","theVacant:EmptyShield","theVacant:Reconnect"],"picked":"SKIP","floor":44},{"not_picked":["infinitespire:Fortify","infinitespire:Gouge"],"picked":"infinitespire:Execution","floor":45}],"player_experience":122634,"relics_obtained":[{"floor":9,"key":"Nunchaku"},{"floor":11,"key":"PreservedInsect"},{"floor":22,"key":"Nilry\u0027s Codex"},{"floor":26,"key":"HollowMod:LifeEnderRelic"},{"floor":43,"key":"Bronze Scales"}],"event_choices":[{"damage_healed":0,"gold_gain":0,"player_choice":"Bought 3 Potions","damage_taken":0,"max_hp_gain":0,"max_hp_loss":0,"event_name":"The Woman in Blue","floor":4,"gold_loss":0},{"damage_healed":0,"gold_gain":0,"player_choice":"Obtained Book","damage_taken":16,"max_hp_gain":0,"max_hp_loss":0,"event_name":"Cursed Tome","floor":22,"gold_loss":0},{"cards_removed":["theVacant:VacantStarterStrike"],"damage_healed":0,"gold_gain":0,"player_choice":"Gave Gold","damage_taken":0,"max_hp_gain":0,"max_hp_loss":0,"event_name":"Beggar","floor":30,"gold_loss":75}],"is_beta":false,"boss_relics":[{"not_picked":["Snecko Eye","Busted Crown"],"picked":"Fusion Hammer"},{"not_picked":["SacredBark","theForsaken:PaleLantern"],"picked":"Empty Cage"}],"items_purged_floors":[10],"is_endless":false,"potions_floor_spawned":[5,7,18,20,33,39,44],"killed_by":"Spire Growth","ascension_level":0}}