{"host":"c6uvvgqwlxq4k23y","time":1607808428,"event":{"mods":["BaseMod","CapriCore","DeckTracker","Hermit","Minty Spire (QoL Compilation)","StSLib","SuperFastMode"],"gold_per_floor":[113,125,145,36,49,49,76,76,123,123,142,173,173,173,173,274,274,274,214,214,214,214,214,214,214,214,214,214,214,214,129,129,129,129,129,79,79,29,29,29,29,29,29,29,29,29,29,29,29,29,29,29,29,29,29],"floor_reached":56,"playtime":1557,"items_purged":["Strike_G","Strike_G","Strike_G"],"score":1282,"play_id":"f0053153-2fd8-4d54-878d-0646f9fdb97e","local_time":"20201213062708","is_ascension_mode":false,"campfire_choices":[{"data":"Footwork","floor":6.0,"key":"SMITH"},{"data":"Blade Dance","floor":8.0,"key":"SMITH"},{"data":"Neutralize","floor":10.0,"key":"SMITH"},{"data":"Blur","floor":13.0,"key":"SMITH"},{"floor":15.0,"key":"REST"},{"data":"Choke","floor":23.0,"key":"SMITH"},{"data":"Adrenaline","floor":25.0,"key":"SMITH"},{"data":"Blade Dance","floor":28.0,"key":"SMITH"},{"floor":32.0,"key":"REST"},{"data":"Envenom","floor":40.0,"key":"SMITH"},{"data":"Night Terror","floor":46.0,"key":"SMITH"},{"floor":49.0,"key":"RECALL"},{"data":"Cloak And Dagger","floor":52,"key":"SMITH"}],"circlet_count":0,"master_deck":["Strike_G","Strike_G+1","Defend_G","Defend_G","Defend_G","Defend_G","Defend_G","Survivor+1","Neutralize+1","Storm of Steel","Blade Dance+1","Acrobatics","Dagger Spray","Footwork+1","Backflip","Blur+1","After Image","Cloak And Dagger+1","PiercingWail","Choke+1","Adrenaline+1","Blade Dance+1","After Image","Envenom+1","Parasite","Cloak And Dagger+1","Night Terror+1","Infinite Blades","Caltrops+1"],"relics":["Ring of the Snake","Mercury Hourglass","Blood Vial","Smiling Mask","Ectoplasm","Du-Vu Doll","Letter Opener","Snake Skull","Paper Crane","WristBlade","White Beast Statue","Shuriken","Unceasing Top","Lantern"],"acts_visited":["Exordium","TheCity","TheBeyond","TheEnding"],"potions_floor_usage":[50,54,55,55,55,55,55],"damage_taken":[{"damage":0.0,"enemies":"Jaw Worm","floor":1.0,"turns":5.0},{"damage":0.0,"enemies":"2 Louse","floor":2.0,"turns":3.0},{"damage":0.0,"enemies":"Cultist","floor":3.0,"turns":4.0},{"damage":5.0,"enemies":"Red Slaver","floor":5.0,"turns":7.0},{"damage":19.0,"enemies":"3 Sentries","floor":7.0,"turns":7.0},{"damage":0.0,"enemies":"3 Louse","floor":11.0,"turns":2.0},{"damage":22.0,"enemies":"Gremlin Nob","floor":12.0,"turns":5.0},{"damage":21.0,"enemies":"Hexaghost","floor":16.0,"turns":11.0},{"damage":1.0,"enemies":"Shell Parasite","floor":18.0,"turns":6.0},{"damage":16.0,"enemies":"2 Thieves","floor":19.0,"turns":3.0},{"damage":14.0,"enemies":"Cultist and Chosen","floor":20.0,"turns":8.0},{"damage":10.0,"enemies":"Sentry and Sphere","floor":21.0,"turns":8.0},{"damage":8.0,"enemies":"Snake Plant","floor":22.0,"turns":8.0},{"damage":8.0,"enemies":"Slavers","floor":24.0,"turns":5.0},{"damage":0.0,"enemies":"Centurion and Healer","floor":27.0,"turns":8.0},{"damage":0.0,"enemies":"Book of Stabbing","floor":29.0,"turns":5.0},{"damage":0.0,"enemies":"Cultist and Chosen","floor":30.0,"turns":5.0},{"damage":26.0,"enemies":"Automaton","floor":33.0,"turns":11.0},{"damage":0.0,"enemies":"Orb Walker","floor":35.0,"turns":3.0},{"damage":7.0,"enemies":"3 Shapes","floor":37.0,"turns":4.0},{"damage":0.0,"enemies":"Writhing Mass","floor":41.0,"turns":5.0},{"damage":7.0,"enemies":"Nemesis","floor":42.0,"turns":5.0},{"damage":0.0,"enemies":"Reptomancer","floor":45.0,"turns":5.0},{"damage":0.0,"enemies":"Transient","floor":47.0,"turns":5.0},{"damage":0.0,"enemies":"Mind Bloom Boss Battle","floor":48.0,"turns":4.0},{"damage":64,"enemies":"Time Eater","floor":50,"turns":12},{"damage":12,"enemies":"Shield and Spear","floor":54,"turns":6},{"damage":35,"enemies":"The Heart","floor":55,"turns":7}],"seed_played":"7486956544445902813","potions_obtained":[{"floor":1.0,"key":"LiquidBronze"},{"floor":7.0,"key":"Poison Potion"},{"floor":11.0,"key":"DuplicationPotion"},{"floor":12.0,"key":"DistilledChaos"},{"floor":16.0,"key":"LiquidMemories"},{"floor":22.0,"key":"DuplicationPotion"},{"floor":27.0,"key":"PowerPotion"},{"floor":42.0,"key":"SkillPotion"},{"floor":45.0,"key":"EntropicBrew"},{"floor":54,"key":"Regen Potion"}],"is_trial":false,"path_per_floor":["M","M","M","$","M","R","E","R","T","R","M","E","R","?","R","B",null,"M","M","M","M","M","R","E","R","T","M","R","E","M","?","R","B",null,"M","$","M","$","?","R","M","E","T","$","E","R","M","?","R","B",null,"R","$","E","B",null],"character_chosen":"THE_SILENT","items_purchased":["Footwork"],"campfire_rested":2,"item_purchase_floors":[4],"current_hp_per_floor":[70,70,70,70,65,65,46,46,46,46,48,28,28,14,35,16,70,69,54,42,34,28,28,22,22,22,24,24,26,28,28,49,25,70,70,70,63,63,63,63,65,60,60,60,62,62,64,66,66,4,70,70,70,58,40],"gold":29,"neow_bonus":"ONE_RANDOM_RARE_CARD","is_daily":false,"chose_seed":false,"campfire_upgraded":10,"win_rate":0.0,"timestamp":1607808428,"path_taken":["M","M","M","$","M","R","E","R","T","R","M","E","R","?","R","BOSS","M","M","M","M","M","R","E","R","T","M","R","E","M","?","R","BOSS","M","$","M","$","?","R","?","E","T","?","E","R","M","?","R","BOSS","R","$","E","BOSS"],"items_purchased_type":["Card"],"build_version":"2020-11-30","purchased_purges":3,"victory":true,"max_hp_per_floor":[70,70,70,70,70,70,70,70,70,70,70,70,70,70,70,70,70,70,70,70,70,70,70,70,70,70,70,70,70,70,70,70,70,70,70,70,70,70,70,70,70,70,70,70,70,70,70,70,70,70,70,70,70,70,70],"card_choices":[{"not_picked":["Finisher","Bane"],"picked":"Blade Dance","floor":1.0},{"not_picked":["Dagger Throw","Deflect"],"picked":"Acrobatics","floor":2.0},{"not_picked":["Backstab","Backflip"],"picked":"Dagger Spray","floor":3.0},{"not_picked":["Concentrate","Skewer"],"picked":"Backflip","floor":5.0},{"not_picked":["Well Laid Plans","Caltrops","Backflip"],"picked":"SKIP","floor":7.0},{"not_picked":["PiercingWail","Sucker Punch","Underhanded Strike"],"picked":"SKIP","floor":11.0},{"not_picked":["Dagger Throw","Well Laid Plans"],"picked":"Blur","floor":12.0},{"not_picked":["Night Terror","Glass Knife"],"picked":"After Image","floor":16.0},{"not_picked":["Deadly Poison","Flechettes","Deflect"],"picked":"SKIP","floor":18.0},{"not_picked":["Dash","Predator"],"picked":"Cloak And Dagger","floor":19.0},{"not_picked":["Flechettes","Flying Knee"],"picked":"PiercingWail","floor":20.0},{"not_picked":["Caltrops+1","PiercingWail+1","Calculated Gamble"],"picked":"SKIP","floor":21.0},{"not_picked":["Setup+1","Distraction"],"picked":"Choke","floor":22.0},{"not_picked":["Acrobatics","Deadly Poison+1"],"picked":"Adrenaline","floor":24.0},{"not_picked":["Flying Knee+1","Predator"],"picked":"Blade Dance","floor":27.0},{"not_picked":["Slice","Well Laid Plans","Deflect+1"],"picked":"SKIP","floor":29.0},{"not_picked":["Endless Agony","Deadly Poison+1","Sucker Punch+1"],"picked":"SKIP","floor":30.0},{"not_picked":["Doppelganger","Storm of Steel"],"picked":"After Image","floor":33.0},{"not_picked":["Leg Sweep+1","Well Laid Plans+1","Choke"],"picked":"SKIP","floor":35.0},{"not_picked":["Dagger Spray","Distraction","Sucker Punch"],"picked":"SKIP","floor":37.0},{"not_picked":["Outmaneuver+1","Poisoned Stab+1"],"picked":"Cloak And Dagger+1","floor":41.0},{"not_picked":["Dodge and Roll","Night Terror","Outmaneuver"],"picked":"SKIP","floor":42.0},{"not_picked":["Dodge and Roll","Outmaneuver"],"picked":"Night Terror","floor":42.0},{"not_picked":["Sucker Punch+1","Heel Hook+1"],"picked":"Infinite Blades","floor":45.0},{"not_picked":["Leg Sweep","Dagger Throw","Outmaneuver+1"],"picked":"SKIP","floor":47.0},{"not_picked":["Predator+1","Flechettes"],"picked":"Caltrops+1","floor":54}],"player_experience":322954,"relics_obtained":[{"floor":7.0,"key":"Mercury Hourglass"},{"floor":9.0,"key":"Blood Vial"},{"floor":12.0,"key":"Smiling Mask"},{"floor":24.0,"key":"Du-Vu Doll"},{"floor":26.0,"key":"Letter Opener"},{"floor":29.0,"key":"Snake Skull"},{"floor":42.0,"key":"White Beast Statue"},{"floor":45.0,"key":"Shuriken"},{"floor":48.0,"key":"Unceasing Top"},{"floor":54,"key":"Lantern"}],"event_choices":[{"damage_healed":0.0,"max_hp_gain":0.0,"max_hp_loss":0.0,"gold_gain":0.0,"event_name":"Shining Light","player_choice":"Entered Light","floor":14.0,"gold_loss":0.0,"damage_taken":14.0,"cards_upgraded":["Strike_G","Survivor"]},{"damage_healed":0.0,"max_hp_gain":0.0,"max_hp_loss":0.0,"gold_gain":0.0,"event_name":"Addict","player_choice":"Obtained Relic","floor":31.0,"gold_loss":85.0,"damage_taken":0.0,"relics_obtained":["Paper Crane"]},{"damage_healed":0.0,"max_hp_gain":0.0,"max_hp_loss":0.0,"gold_gain":0.0,"event_name":"Match and Keep!","player_choice":"1 cards matched","floor":39.0,"gold_loss":0.0,"damage_taken":0.0,"cards_obtained":["Envenom"]},{"damage_healed":0.0,"max_hp_gain":0.0,"max_hp_loss":0.0,"gold_gain":0.0,"event_name":"MindBloom","player_choice":"Fight","floor":48.0,"gold_loss":0.0,"damage_taken":0.0}],"is_beta":false,"boss_relics":[{"not_picked":["Coffee Dripper","Snecko Eye"],"picked":"Ectoplasm"},{"not_picked":["Sozu","Calling Bell"],"picked":"WristBlade"}],"items_purged_floors":[4,36,38],"is_endless":false,"potions_floor_spawned":[1,7,11,12,16,22,27,30,42,45,47,48,54],"ascension_level":0}}