{"host":"8pl220r0zqtv6uof","time":1607762847,"event":{"mods":["BaseMod","Colored Map","DeckTracker","Highlight Path","Keyboard Shortcuts","Minty Spire (QoL Compilation)","Quick Restart","SuperFastMode"],"gold_per_floor":[111,130,130,4403,4418,4418,4454,4454,4480,4520,4543,3604,3619,3653,3653,3776,3776,3791,3816,3816,3731,3731,3766,3766,3809,3809,3809,3809,3822,2807,2834,2834,2939,2939,2954,0,0,17,27,55,55,86,86,101,117,145,145,145,145,145],"floor_reached":51,"playtime":1824,"items_purged":["Strike_G","Strike_G","Strike_G"],"score":1276,"play_id":"a99b1803-f4ff-480a-905e-8c7698dd2589","local_time":"20201212174727","is_ascension_mode":true,"campfire_choices":[{"data":"Crippling Poison","floor":6,"key":"SMITH"},{"data":"A Thousand Cuts","floor":8,"key":"SMITH"},{"data":"Backstab","floor":15,"key":"SMITH"},{"data":"Terror","floor":24,"key":"SMITH"},{"data":"Footwork","floor":28,"key":"SMITH"},{"data":"Accuracy","floor":32,"key":"SMITH"},{"data":"Footwork","floor":47,"key":"SMITH"},{"data":"Venomology","floor":49,"key":"SMITH"}],"circlet_count":0,"master_deck":["Strike_G","Strike_G","Defend_G","Defend_G","Defend_G","Defend_G","Defend_G","Survivor","Neutralize","Acrobatics","Blade Dance+1","Prepared","A Thousand Cuts+1","Crippling Poison+1","Riddle With Holes","Blade Dance","Flying Knee","Footwork+1","Backstab+1","Deep Breath+1","Caltrops","Terror+1","Venomology+1","Deflect","Reflex+1","Writhe","Cloak And Dagger","Outmaneuver+1","Die Die Die","Cloak And Dagger","Accuracy+1","A Thousand Cuts","Blade Dance","Blade Dance+1","Blade Dance+1","Accuracy+1","Accuracy","Footwork+1","Backflip+1","Acrobatics","Accuracy+1","Backstab+1","Cloak And Dagger+1"],"relics":["Ring of the Snake","NeowsBlessing","Bloody Idol","Nunchaku","Anchor","Cauldron","Happy Flower","Potion Belt","Question Card","Juzu Bracelet","Art of War","Lee\u0027s Waffle","Bronze Scales","SacredBark","Orichalcum","Gremlin Horn","Boot","Prayer Wheel","White Beast Statue","Mummified Hand","PreservedInsect","Chemical X","Gambling Chip","Black Star","Red Mask","War Paint","FossilizedHelix","Blood Vial","Mango","Frozen Egg 2","Ancient Tea Set","Shuriken"],"acts_visited":["Exordium","TheCity","TheBeyond"],"potions_floor_usage":[7,10,10,14,14,18,23,23,25,29,31,31,31,31,33,33,33,35,38,38,42,42,44,45,45,50,50,50,50,50],"damage_taken":[{"damage":0,"enemies":"Cultist","floor":1,"turns":1},{"damage":0,"enemies":"Small Slimes","floor":2,"turns":1},{"damage":0,"enemies":"2 Louse","floor":5,"turns":1},{"damage":11,"enemies":"3 Sentries","floor":7,"turns":9},{"damage":10,"enemies":"Lagavulin","floor":10,"turns":6},{"damage":0,"enemies":"Exordium Wildlife","floor":11,"turns":3},{"damage":0,"enemies":"Looter","floor":13,"turns":2},{"damage":0,"enemies":"3 Sentries","floor":14,"turns":3},{"damage":29,"enemies":"The Guardian","floor":16,"turns":7},{"damage":1,"enemies":"2 Thieves","floor":18,"turns":3},{"damage":4,"enemies":"Spheric Guardian","floor":19,"turns":2},{"damage":10,"enemies":"Book of Stabbing","floor":23,"turns":5},{"damage":1,"enemies":"Slavers","floor":25,"turns":3},{"damage":11,"enemies":"Snecko","floor":29,"turns":4},{"damage":0,"enemies":"Gremlin Leader","floor":31,"turns":1},{"damage":13,"enemies":"Champ","floor":33,"turns":9},{"damage":6,"enemies":"3 Darklings","floor":35,"turns":4},{"damage":3,"enemies":"3 Shapes","floor":38,"turns":3},{"damage":11,"enemies":"Sphere and 2 Shapes","floor":39,"turns":4},{"damage":1,"enemies":"Giant Head","floor":40,"turns":5},{"damage":0,"enemies":"Nemesis","floor":42,"turns":3},{"damage":21,"enemies":"Transient","floor":44,"turns":5},{"damage":0,"enemies":"Maw","floor":45,"turns":6},{"damage":0,"enemies":"Reptomancer","floor":46,"turns":3},{"damage":0,"enemies":"Donu and Deca","floor":50,"turns":2}],"seed_played":"8655333641614862805","potions_obtained":[{"floor":2,"key":"ColorlessPotion"},{"floor":4,"key":"CunningPotion"},{"floor":4,"key":"PowerPotion"},{"floor":7,"key":"DistilledChaos"},{"floor":11,"key":"DistilledChaos"},{"floor":13,"key":"Weak Potion"},{"floor":23,"key":"AttackPotion"},{"floor":25,"key":"ColorlessPotion"},{"floor":29,"key":"Strength Potion"},{"floor":31,"key":"AttackPotion"},{"floor":33,"key":"Explosive Potion"},{"floor":35,"key":"EntropicBrew"},{"floor":38,"key":"DuplicationPotion"},{"floor":39,"key":"Energy Potion"},{"floor":45,"key":"SkillPotion"}],"is_trial":false,"path_per_floor":["M","M","?","$","M","R","E","R","T","E","M","$","M","E","R","B",null,"M","M","?","?","?","E","R","E","T","?","R","M","$","E","R","B",null,"M","?","$","M","M","E","?","E","T","M","M","E","R","?","R","B",null],"character_chosen":"THE_SILENT","items_purchased":["Prepared","Nunchaku","Anchor","Cauldron","A Thousand Cuts","Footwork","Backstab","Juzu Bracelet","Art of War","Lee\u0027s Waffle","Deep Breath","LiquidMemories","SpeedPotion","Fire Potion","Cloak And Dagger","Accuracy","Panacea","Mummified Hand","PreservedInsect","Chemical X","LiquidBronze","Dexterity Potion"],"campfire_rested":0,"item_purchase_floors":[4,4,4,4,4,12,12,12,12,12,12,12,12,12,30,30,30,30,30,30,30,30],"current_hp_per_floor":[70,70,65,65,65,65,54,54,54,44,44,72,72,72,72,43,72,71,67,67,67,67,57,57,56,56,56,56,50,50,55,55,47,72,71,71,71,72,66,70,70,86,86,70,77,84,84,84,84,86],"gold":145,"neow_bonus":"THREE_ENEMY_KILL","is_daily":false,"chose_seed":false,"campfire_upgraded":8,"win_rate":0.0,"timestamp":1607762847,"path_taken":["M","M","?","$","M","R","E","R","T","E","M","$","M","E","R","BOSS","M","M","?","?","?","E","R","E","T","?","R","M","$","E","R","BOSS","M","?","$","M","M","E","?","E","T","M","M","E","R","?","R","BOSS"],"items_purchased_type":["Card","Relic","Relic","Relic","Card","Card","Card","Relic","Relic","Relic","Card","Potion","Potion","Potion","Card","Card","Card","Relic","Relic","Relic","Potion","Potion"],"build_version":"2020-11-30","purchased_purges":3,"victory":true,"max_hp_per_floor":[70,70,65,65,65,65,65,65,65,65,65,72,72,72,72,72,72,72,72,72,72,72,72,72,72,72,72,72,72,72,72,72,72,72,72,72,72,72,72,72,72,86,86,86,86,86,86,86,86,86],"card_choices":[{"not_picked":["Well Laid Plans","Setup"],"picked":"Acrobatics","floor":1},{"not_picked":["Dagger Throw","Backflip"],"picked":"Blade Dance","floor":2},{"not_picked":["Quick Slash","Flechettes"],"picked":"Crippling Poison","floor":5},{"not_picked":["Slice","Acrobatics"],"picked":"Riddle With Holes","floor":7},{"not_picked":["Flechettes","Night Terror"],"picked":"Blade Dance","floor":10},{"not_picked":["Skewer","Finisher","Setup"],"picked":"Flying Knee","floor":11},{"not_picked":["Deadly Poison","Slice","Dagger Spray"],"picked":"Caltrops","floor":13},{"not_picked":["Skewer","Slice","Sucker Punch"],"picked":"Terror","floor":14},{"not_picked":["Doppelganger","Phantasmal Killer","Burst"],"picked":"Venomology","floor":16},{"not_picked":["Flying Knee","Dash","Endless Agony+1"],"picked":"Deflect","floor":18},{"not_picked":["Deflect+1","Flying Knee","Catalyst+1"],"picked":"Reflex+1","floor":19},{"not_picked":["Quick Slash","Concentrate","Reflex"],"picked":"Cloak And Dagger","floor":23},{"not_picked":["Underhanded Strike","Dodge and Roll","Acrobatics","Predator+1"],"picked":"SKIP","floor":25},{"not_picked":["Poisoned Stab","Dodge and Roll+1","PiercingWail+1"],"picked":"Outmaneuver+1","floor":29},{"not_picked":["All Out Attack","Dagger Spray+1","Sucker Punch+1"],"picked":"Die Die Die","floor":29},{"not_picked":["Bullet Time","Sucker Punch","Concentrate","Outmaneuver"],"picked":"SKIP","floor":31},{"not_picked":["Grand Finale","Wraith Form v2","Die Die Die"],"picked":"A Thousand Cuts","floor":33},{"not_picked":["Slice+1","Skewer+1","Bane"],"picked":"Blade Dance","floor":35},{"not_picked":["Dagger Spray+1","Acrobatics","Sucker Punch"],"picked":"Blade Dance+1","floor":35},{"not_picked":["Grand Finale","Riddle With Holes","Slice+1","Outmaneuver"],"picked":"SKIP","floor":38},{"not_picked":["Slice+1","Heel Hook+1","Distraction+1","Endless Agony"],"picked":"SKIP","floor":38},{"not_picked":["Flechettes","Poisoned Stab","Underhanded Strike+1"],"picked":"Blade Dance+1","floor":39},{"not_picked":["Backflip+1","Calculated Gamble+1","Dagger Spray+1"],"picked":"Accuracy+1","floor":39},{"not_picked":["Poisoned Stab+1","All Out Attack+1","PiercingWail+1"],"picked":"Accuracy","floor":40},{"not_picked":["Bouncing Flask+1","Predator+1","Tools of the Trade"],"picked":"Footwork","floor":42},{"not_picked":["Blur","Blade Dance","Slice+1"],"picked":"Backflip+1","floor":44},{"not_picked":["Catalyst+1","Outmaneuver","Setup+1"],"picked":"Acrobatics","floor":44},{"not_picked":["Deadly Poison","Flechettes","Slice+1"],"picked":"Accuracy+1","floor":45},{"not_picked":["Flying Knee+1","Sucker Punch+1","Dagger Spray"],"picked":"Backstab+1","floor":45},{"not_picked":["Sucker Punch+1","Terror","Backflip"],"picked":"Cloak And Dagger+1","floor":46}],"player_experience":105236,"relics_obtained":[{"floor":7,"key":"Happy Flower"},{"floor":9,"key":"Potion Belt"},{"floor":10,"key":"Question Card"},{"floor":14,"key":"Bronze Scales"},{"floor":23,"key":"Boot"},{"floor":25,"key":"Prayer Wheel"},{"floor":26,"key":"White Beast Statue"},{"floor":31,"key":"Gambling Chip"},{"floor":40,"key":"War Paint"},{"floor":40,"key":"FossilizedHelix"},{"floor":42,"key":"Blood Vial"},{"floor":42,"key":"Mango"},{"floor":43,"key":"Frozen Egg 2"},{"floor":46,"key":"Ancient Tea Set"},{"floor":46,"key":"Shuriken"}],"event_choices":[{"damage_healed":0,"gold_gain":0,"player_choice":"Lose Max HP","damage_taken":0,"relics_obtained":["Golden Idol"],"max_hp_gain":0,"max_hp_loss":5,"event_name":"Golden Idol","floor":3,"gold_loss":0},{"damage_healed":0,"gold_gain":0,"player_choice":"Ignored","damage_taken":0,"max_hp_gain":0,"max_hp_loss":0,"event_name":"Ghosts","floor":20,"gold_loss":0},{"damage_healed":0,"gold_gain":0,"player_choice":"Obtained Relic","damage_taken":0,"relics_obtained":["Orichalcum"],"max_hp_gain":0,"max_hp_loss":0,"event_name":"Addict","floor":21,"gold_loss":85},{"damage_healed":0,"gold_gain":0,"player_choice":"Opened","damage_taken":0,"relics_obtained":["Gremlin Horn"],"max_hp_gain":0,"max_hp_loss":0,"event_name":"The Mausoleum","floor":22,"gold_loss":0,"cards_obtained":["Writhe"]},{"damage_healed":0,"gold_gain":0,"player_choice":"Gave Idol","damage_taken":0,"relics_obtained":["Bloody Idol"],"max_hp_gain":0,"max_hp_loss":0,"event_name":"Forgotten Altar","floor":27,"relics_lost":["Golden Idol"],"gold_loss":0},{"damage_healed":0,"gold_gain":0,"player_choice":"Paid","damage_taken":0,"relics_obtained":["Red Mask"],"max_hp_gain":0,"max_hp_loss":0,"event_name":"Tomb of Lord Red Mask","floor":36,"gold_loss":2954},{"damage_healed":0,"gold_gain":0,"player_choice":"Ignored","damage_taken":0,"max_hp_gain":0,"max_hp_loss":0,"event_name":"SecretPortal","floor":41,"gold_loss":0},{"cards_removed":["Panacea"],"damage_healed":0,"gold_gain":0,"player_choice":"Removed Skill","damage_taken":0,"max_hp_gain":0,"max_hp_loss":0,"event_name":"Falling","floor":48,"gold_loss":0}],"is_beta":false,"boss_relics":[{"not_picked":["Coffee Dripper","Empty Cage"],"picked":"SacredBark"},{"not_picked":["Tiny House","Runic Dome"],"picked":"Black Star"}],"items_purged_floors":[4,12,30],"is_endless":false,"potions_floor_spawned":[2,7,11,13,23,25,29,31,33,35,38,39,40,42,44,45],"ascension_level":3}}