{"host":"yiit85oc4oi3nqs8","time":1607751186,"event":{"mods":["AchievementEnabler","BaseMod","Better Third Choice","Block Reminder","DeckTracker","Highlight Path","Keyboard Shortcuts","Minty Spire (QoL Compilation)","MonsterHotkey","Quick Restart","Random Character Button","Relic Stats","StSLib"],"gold_per_floor":[115,115,115,40,40,40,81,81,81,125,125,125,125,164,164,184,184,184,199,215,215,233,39,53,67,67,67,67,67,193,256,277,277,277,301,314,345,100,143,143,143,163,120,120,174,197,197,197,218,256,256,171,171,202,202,202,326,326,339,339,339,363,363,283,283,283,324,324,355,355,355,408,431,444,444,444,463,796,796,843,425,425,425,455,455,455,455,455,455,335,195,223,223],"floor_reached":94,"playtime":4890,"items_purged":["Defend_B","Defend_B","Strike_B+1","Defend_B+1","Defend_B+1"],"score":2536,"play_id":"2e45eecd-de68-4ddd-8a57-14dcf6151d63","local_time":"20201212143306","is_ascension_mode":true,"campfire_choices":[{"data":"Gash","floor":8.0,"key":"SMITH"},{"data":"Glacier","floor":9.0,"key":"SMITH"},{"data":"Go for the Eyes","floor":15.0,"key":"SMITH"},{"data":"Zap","floor":17.0,"key":"SMITH"},{"data":"Hologram","floor":27.0,"key":"SMITH"},{"data":"Seek","floor":28.0,"key":"SMITH"},{"data":"Dualcast","floor":29.0,"key":"SMITH"},{"data":"Chill","floor":40.0,"key":"SMITH"},{"data":"Defragment","floor":41.0,"key":"SMITH"},{"data":"Seek","floor":51.0,"key":"SMITH"},{"data":"Machine Learning","floor":53.0,"key":"SMITH"},{"data":"Rebound","floor":55.0,"key":"SMITH"},{"floor":56.0,"key":"REST"},{"data":"Hologram","floor":66,"key":"SMITH"},{"data":"Deep Breath","floor":68,"key":"SMITH"},{"data":"Madness","floor":70,"key":"SMITH"},{"floor":71,"key":"RECALL"},{"floor":75,"key":"REST"},{"data":"Madness","floor":85,"key":"SMITH"},{"data":"Madness","floor":86,"key":"SMITH"},{"floor":89,"key":"REST"}],"circlet_count":0,"master_deck":["AscendersBane","Zap+1","Dualcast+1","Glacier+1","Glacier+1","Gash+1","Rebound+1","Go for the Eyes+1","Seek+1","Machine Learning+1","Hologram+1","Seek+1","Capacitor+1","Defragment+1","Chill+1","Gash+1","Madness+1","Deep Breath+1","Hologram+1","Consume+1","Beam Cell+1","Madness+1","Madness+1"],"relics":["Cracked Core","NeowsBlessing","Oddly Smooth Stone","Lizard Tail","Mercury Hourglass","Letter Opener","Lantern","DataDisk","Runic Capacitor","Tiny House","The Courier","Red Mask","Molten Egg 2","Bottled Flame","Bag of Preparation","Blood Vial","Incense Burner","Calipers","Inserter","InkBottle","Bag of Marbles","Anchor","War Paint","StoneCalendar","Shuriken","Vajra","Thread and Needle","Pantograph","Bird Faced Urn"],"acts_visited":["Exordium","TheCity","TheBeyond","TheEnding"],"potions_floor_usage":[93,93],"damage_taken":[{"damage":0.0,"enemies":"2 Louse","floor":1.0,"turns":1.0},{"damage":0.0,"enemies":"3 Sentries","floor":7.0,"turns":1.0},{"damage":0.0,"enemies":"Gremlin Nob","floor":10.0,"turns":1.0},{"damage":4.0,"enemies":"3 Sentries","floor":14.0,"turns":7.0},{"damage":0.0,"enemies":"Jaw Worm","floor":16.0,"turns":3.0},{"damage":0.0,"enemies":"Small Slimes","floor":19.0,"turns":2.0},{"damage":0.0,"enemies":"Red Slaver","floor":20.0,"turns":2.0},{"damage":0.0,"enemies":"Blue Slaver","floor":22.0,"turns":2.0},{"damage":0.0,"enemies":"3 Louse","floor":24.0,"turns":3.0},{"damage":0.0,"enemies":"Exordium Thugs","floor":25.0,"turns":4.0},{"damage":0.0,"enemies":"Slime Boss","floor":30.0,"turns":8.0},{"damage":1.0,"enemies":"2 Thieves","floor":32.0,"turns":3.0},{"damage":0.0,"enemies":"Chosen","floor":35.0,"turns":3.0},{"damage":17.0,"enemies":"Snake Plant","floor":36.0,"turns":4.0},{"damage":0.0,"enemies":"Masked Bandits","floor":37.0,"turns":4.0},{"damage":21.0,"enemies":"Gremlin Leader","floor":39.0,"turns":7.0},{"damage":2.0,"enemies":"Chosen and Byrds","floor":42.0,"turns":5.0},{"damage":3.0,"enemies":"Snake Plant","floor":49.0,"turns":4.0},{"damage":0.0,"enemies":"Slavers","floor":50.0,"turns":5.0},{"damage":0.0,"enemies":"Gremlin Leader","floor":54.0,"turns":5.0},{"damage":4.0,"enemies":"Collector","floor":57.0,"turns":9.0},{"damage":0.0,"enemies":"3 Shapes","floor":59.0,"turns":3.0},{"damage":0.0,"enemies":"3 Darklings","floor":62.0,"turns":4.0},{"damage":2,"enemies":"Nemesis","floor":67,"turns":9},{"damage":0,"enemies":"Reptomancer","floor":69,"turns":6},{"damage":0,"enemies":"Spire Growth","floor":74,"turns":4},{"damage":0,"enemies":"3 Darklings","floor":77,"turns":3},{"damage":0,"enemies":"2 Orb Walkers","floor":80,"turns":5},{"damage":0,"enemies":"Giant Head","floor":84,"turns":6},{"damage":0,"enemies":"Awakened One","floor":87,"turns":9},{"damage":0,"enemies":"Shield and Spear","floor":92,"turns":6},{"damage":3,"enemies":"The Heart","floor":93,"turns":9}],"seed_played":"7962798102459590774","potions_obtained":[{"floor":1.0,"key":"LiquidBronze"},{"floor":14.0,"key":"FairyPotion"},{"floor":22.0,"key":"SkillPotion"},{"floor":24.0,"key":"ColorlessPotion"},{"floor":31.0,"key":"PotionOfCapacity"},{"floor":37.0,"key":"Block Potion"},{"floor":59.0,"key":"SteroidPotion"}],"is_trial":false,"path_per_floor":["M","?","$","$","?","?","E","R","R","E","T","T","T","E","R","M","R","?","M","M","$","M","$","M","M","M","R","R","R","B",null,"M","?","?","M","M","?","$","E","R","R","M","$","?","T","T","?","?","M","E","R","?","R","E","R","R","B",null,"M","?","?","M","$","?","?","R","E","R","E","R","R","T","T","M","R","?","M","?","M","?","$","?","T","E","R","R","B",null,"R","$","$","E","B",null],"character_chosen":"DEFECT","items_purchased":["Runic Capacitor","Hologram","Molten Egg 2","Defragment","Gash+1","Shuriken","Vajra"],"campfire_rested":3,"item_purchase_floors":[23,23,38,38,43,81,81],"current_hp_per_floor":[68,68,68,68,53,53,53,53,53,53,53,53,53,49,49,49,49,49,49,49,49,49,49,49,49,49,49,49,49,49,69,68,68,68,68,51,51,51,30,30,30,28,28,28,28,28,28,28,25,25,25,25,25,27,27,49,47,67,69,69,69,71,71,71,71,71,71,71,73,73,73,73,73,74,74,74,74,74,74,74,74,65,65,67,67,67,74,74,74,74,74,74,73],"gold":223,"neow_bonus":"THREE_ENEMY_KILL","is_daily":false,"chose_seed":false,"campfire_upgraded":17,"win_rate":0.0,"timestamp":1607751186,"path_taken":["M","?","$","$","?","?","E","R","R","E","T","T","T","E","R","?","R","?","M","?","$","M","$","M","M","M","R","R","R","BOSS","M","?","?","M","M","?","?","E","R","R","?","$","?","T","T","?","?","?","E","R","?","R","E","R","R","BOSS","M","?","?","M","?","?","?","R","E","R","E","R","R","T","T","?","R","?","M","?","M","?","?","?","?","E","R","R","BOSS","R","$","$","E","BOSS"],"items_purchased_type":["Relic","Card","Relic","Card","Card","Relic","Relic"],"build_version":"2020-11-30","purchased_purges":5,"victory":true,"max_hp_per_floor":[75,75,75,75,75,69,69,69,69,69,69,69,69,69,69,69,69,69,69,69,69,69,69,69,69,69,69,69,69,69,74,74,74,74,74,74,74,74,74,74,74,74,74,74,74,74,74,74,74,74,74,74,74,74,74,74,74,74,74,74,74,74,74,74,74,74,74,74,74,74,74,74,74,74,74,74,74,74,74,74,74,74,74,74,74,74,74,74,74,74,74,74,74],"relic_stats":{"Inserter":[24],"counters":[32,144],"StoneCalendar":[52],"Bag of Preparation":[30],"Letter Opener":[556],"War Paint":["Defend_B"],"Mercury Hourglass":[647],"Blood Vial":15,"Lizard Tail":0,"Shuriken":[17],"Pantograph":7,"Bird Faced Urn":[2],"obtain_stats":[{"Lantern":13,"Tiny House":31,"Calipers":54,"Vajra":81,"StoneCalendar":80,"Runic Capacitor":23,"Bag of Preparation":45,"Incense Burner":52,"Blood Vial":50,"Lizard Tail":10,"Pantograph":84,"Red Mask":37,"Cracked Core":0,"InkBottle":67,"Inserter":58,"NeowsBlessing":0,"Golden Idol":6,"Oddly Smooth Stone":7,"Thread and Needle":83,"The Courier":33,"Letter Opener":12,"War Paint":73,"Mercury Hourglass":11,"DataDisk":14,"Bottled Flame":39,"Anchor":72,"Shuriken":81,"Bird Faced Urn":92,"Molten Egg 2":38,"Bag of Marbles":69},{"Lantern":3,"Tiny House":11,"Calipers":20,"Vajra":28,"StoneCalendar":28,"Runic Capacitor":8,"Bag of Preparation":17,"Incense Burner":19,"Blood Vial":19,"Lizard Tail":3,"Pantograph":29,"Red Mask":15,"Cracked Core":0,"InkBottle":24,"Inserter":21,"NeowsBlessing":0,"Golden Idol":1,"Oddly Smooth Stone":2,"Thread and Needle":28,"The Courier":12,"Letter Opener":3,"War Paint":25,"Mercury Hourglass":3,"DataDisk":4,"Bottled Flame":16,"Anchor":25,"Shuriken":28,"Bird Faced Urn":31,"Molten Egg 2":15,"Bag of Marbles":25},{"Lantern":3,"Tiny House":32,"Calipers":71,"Vajra":114,"StoneCalendar":114,"Runic Capacitor":19,"Bag of Preparation":57,"Incense Burner":66,"Blood Vial":66,"Lizard Tail":3,"Pantograph":120,"Red Mask":45,"Cracked Core":0,"InkBottle":96,"Inserter":80,"NeowsBlessing":0,"Golden Idol":1,"Oddly Smooth Stone":2,"Thread and Needle":114,"The Courier":35,"Letter Opener":3,"War Paint":102,"Mercury Hourglass":3,"DataDisk":10,"Bottled Flame":52,"Anchor":102,"Shuriken":114,"Bird Faced Urn":135,"Molten Egg 2":45,"Bag of Marbles":102}],"InkBottle":[33]},"card_choices":[{"not_picked":["Rebound","Coolheaded"],"picked":"Glacier","floor":1.0},{"not_picked":["Rebound","Coolheaded"],"picked":"Glacier","floor":1.0},{"not_picked":["Self Repair","Beam Cell"],"picked":"Gash","floor":7.0},{"not_picked":["Redo","Barrage"],"picked":"Rebound","floor":10.0},{"not_picked":["Redo","Barrage"],"picked":"Go for the Eyes","floor":14.0},{"not_picked":["White Noise","Beam Cell"],"picked":"Seek","floor":16.0},{"not_picked":["Go for the Eyes","Barrage","Conserve Battery"],"picked":"SKIP","floor":19.0},{"not_picked":["Fusion","Cold Snap"],"picked":"Machine Learning","floor":20.0},{"not_picked":["Coolheaded","Leap","Conserve Battery"],"picked":"SKIP","floor":22.0},{"not_picked":["Ball Lightning","Hello World","Sweeping Beam"],"picked":"SKIP","floor":24.0},{"not_picked":["Sweeping Beam","Cold Snap","Heatsinks"],"picked":"SKIP","floor":25.0},{"not_picked":["Amplify","Electrodynamics"],"picked":"Seek","floor":30.0},{"not_picked":["Sweeping Beam+1","Sunder"],"picked":"Scrape","floor":32.0},{"not_picked":["Sunder","Steam Power","Sweeping Beam+1"],"picked":"SKIP","floor":35.0},{"not_picked":["Darkness+1","Chaos+1","Turbo+1"],"picked":"SKIP","floor":36.0},{"not_picked":["Cold Snap","Undo"],"picked":"Capacitor+1","floor":37.0},{"not_picked":["Go for the Eyes+1","Machine Learning"],"picked":"Chill","floor":39.0},{"not_picked":["Cold Snap+1","Barrage+1","Ball Lightning+1"],"picked":"SKIP","floor":42.0},{"not_picked":["Reinforced Body","Steam","Steam Power"],"picked":"SKIP","floor":49.0},{"not_picked":["Go for the Eyes+1","Redo+1","Coolheaded+1"],"picked":"SKIP","floor":50.0},{"not_picked":["Skim","Turbo","Leap"],"picked":"SKIP","floor":54.0},{"not_picked":["Steam+1","Heatsinks","Streamline+1"],"picked":"SKIP","floor":59.0},{"not_picked":["Good Instincts","Flash of Steel+1"],"picked":"Madness","floor":61.0},{"not_picked":["Leap+1","Static Discharge+1","Undo"],"picked":"SKIP","floor":62.0},{"not_picked":["White Noise+1","Meteor Strike+1","Compile Driver+1"],"picked":"SKIP","floor":67},{"not_picked":["Barrage+1","Static Discharge+1","Chill+1"],"picked":"SKIP","floor":69},{"not_picked":["Hologram+1","Go for the Eyes+1"],"picked":"Consume+1","floor":74},{"not_picked":["Sweeping Beam+1","Thunder Strike+1"],"picked":"Beam Cell+1","floor":77},{"not_picked":["Aggregate+1","Double Energy+1","Coolheaded+1"],"picked":"SKIP","floor":84},{"not_picked":["Redo","Hologram+1","Rebound+1"],"picked":"SKIP","floor":92}],"player_experience":384790,"relics_obtained":[{"floor":7.0,"key":"Oddly Smooth Stone"},{"floor":10.0,"key":"Lizard Tail"},{"floor":11.0,"key":"Mercury Hourglass"},{"floor":12.0,"key":"Letter Opener"},{"floor":13.0,"key":"Lantern"},{"floor":14.0,"key":"DataDisk"},{"floor":37.0,"key":"Red Mask"},{"floor":39.0,"key":"Bottled Flame"},{"floor":45.0,"key":"Bag of Preparation"},{"floor":50.0,"key":"Blood Vial"},{"floor":54.0,"key":"Calipers"},{"floor":67,"key":"InkBottle"},{"floor":69,"key":"Bag of Marbles"},{"floor":72,"key":"Anchor"},{"floor":73,"key":"War Paint"},{"floor":80,"key":"StoneCalendar"},{"floor":83,"key":"Thread and Needle"},{"floor":84,"key":"Pantograph"},{"floor":92,"key":"Bird Faced Urn"}],"event_choices":[{"cards_removed":["Strike_B"],"damage_healed":0.0,"max_hp_gain":0.0,"max_hp_loss":0.0,"gold_gain":0.0,"event_name":"Living Wall","player_choice":"Forget","floor":2.0,"gold_loss":0.0,"damage_taken":0.0},{"damage_healed":68.0,"max_hp_gain":0.0,"max_hp_loss":75.0,"gold_gain":0.0,"event_name":"betterThird:BetterShining","player_choice":"Upgrade","floor":5.0,"gold_loss":0.0,"damage_taken":15.0,"cards_upgraded":["Defend_B","Glacier"]},{"damage_healed":0.0,"max_hp_gain":0.0,"max_hp_loss":6.0,"gold_gain":0.0,"event_name":"Golden Idol","player_choice":"Lose Max HP","floor":6.0,"gold_loss":0.0,"damage_taken":0.0,"relics_obtained":["Golden Idol"]},{"cards_removed":["Strike_B"],"damage_healed":0.0,"max_hp_gain":0.0,"max_hp_loss":0.0,"gold_gain":0.0,"event_name":"Purifier","player_choice":"Purged","floor":18.0,"gold_loss":0.0,"damage_taken":0.0},{"damage_healed":0.0,"max_hp_gain":0.0,"max_hp_loss":0.0,"gold_gain":0.0,"event_name":"The Mausoleum","player_choice":"Opened","floor":33.0,"gold_loss":0.0,"damage_taken":0.0,"relics_obtained":["The Courier"]},{"damage_healed":0.0,"max_hp_gain":0.0,"max_hp_loss":0.0,"gold_gain":0.0,"event_name":"Ghosts","player_choice":"Ignored","floor":34.0,"gold_loss":0.0,"damage_taken":0.0},{"damage_healed":0.0,"max_hp_gain":0.0,"max_hp_loss":0.0,"gold_gain":0.0,"event_name":"Masked Bandits","player_choice":"Fought Bandits","floor":37.0,"gold_loss":0.0,"damage_taken":0.0},{"cards_removed":["Strike_B"],"damage_healed":0.0,"max_hp_gain":0.0,"max_hp_loss":0.0,"gold_gain":0.0,"event_name":"betterThird:BetterWriting","player_choice":"Elegance","floor":47.0,"gold_loss":0.0,"damage_taken":0.0},{"damage_healed":0.0,"max_hp_gain":0.0,"max_hp_loss":0.0,"gold_gain":0.0,"event_name":"Lab","player_choice":"Got Potions","floor":48.0,"gold_loss":0.0,"damage_taken":0.0},{"damage_healed":0.0,"max_hp_gain":0.0,"max_hp_loss":0.0,"gold_gain":0.0,"event_name":"Addict","player_choice":"Obtained Relic","floor":52.0,"gold_loss":85.0,"damage_taken":0.0,"relics_obtained":["Incense Burner"]},{"cards_removed":["Scrape"],"damage_healed":0.0,"max_hp_gain":0.0,"max_hp_loss":0.0,"gold_gain":0.0,"event_name":"Falling","player_choice":"Removed Attack","floor":60.0,"gold_loss":0.0,"damage_taken":0.0},{"damage_healed":0.0,"max_hp_gain":0.0,"max_hp_loss":0.0,"gold_gain":0.0,"event_name":"SensoryStone","player_choice":"Memory 1","floor":61.0,"gold_loss":0.0,"damage_taken":0.0},{"damage_healed":0,"gold_gain":0,"player_choice":"2 cards matched","damage_taken":0,"max_hp_gain":0,"max_hp_loss":0,"event_name":"Match and Keep!","floor":65,"gold_loss":0,"cards_obtained":["Deep Breath","Hologram"]},{"damage_healed":0,"gold_gain":333,"player_choice":"Gave Idol","damage_taken":0,"max_hp_gain":0,"max_hp_loss":0,"event_name":"The Moai Head","floor":78,"relics_lost":["Golden Idol"],"gold_loss":0},{"damage_healed":0,"gold_gain":0,"player_choice":"Fight","damage_taken":0,"max_hp_gain":0,"max_hp_loss":0,"event_name":"Mysterious Sphere","floor":80,"gold_loss":0},{"damage_healed":0,"gold_gain":0,"player_choice":"Embrace Madness","damage_taken":9,"max_hp_gain":0,"max_hp_loss":0,"event_name":"Winding Halls","floor":82,"gold_loss":0,"cards_obtained":["Madness","Madness"]}],"is_beta":false,"boss_relics":[{"not_picked":["Busted Crown","SlaversCollar"],"picked":"Tiny House"},{"not_picked":["Astrolabe","Fusion Hammer"],"picked":"Inserter"}],"items_purged_floors":[4,64,81,90,91],"is_endless":false,"potions_floor_spawned":[1,14,22,24,25,30,36,37,39,50,59,69,77,80],"ascension_level":10}}