{"host":"7k2a2omxz3voj5ax","time":1607780771,"event":{"mods":["BaseMod","Marisa£¨ìFÓê¡¡Ä§ÀíÉ³£©","Minty Spire (QoL Compilation)","Quick Restart","Spicy Shops","StSLib","Starting Relic: Pandora\u0027s Box","óô»ðÖ¸ÄÏ"],"gold_per_floor":[115,131,131,131,144,178,201,231,231,231,10,21,21,56,56,181,181,200,200,216,216,141,170,170,204,256,256,256,287,299,299,299,402,402,419,437,492,512,531,556,556,589,641,641,653,359,388,33,33,33,33,33,33,60,60],"floor_reached":56,"playtime":3948,"items_purged":["Dualcast","Barrage"],"score":1602,"play_id":"e6f54293-e2cc-4da0-992d-2323919f68bb","local_time":"20201212224611","is_ascension_mode":true,"campfire_choices":[{"data":"Defragment","floor":10.0,"key":"SMITH"},{"data":"Defragment","floor":15.0,"key":"SMITH"},{"data":"Fission","floor":24.0,"key":"SMITH"},{"data":"Turbo","floor":27.0,"key":"SMITH"},{"data":"Buffer","floor":32.0,"key":"SMITH"},{"data":"Amplify","floor":41.0,"key":"SMITH"},{"floor":49.0,"key":"RECALL"},{"data":"Defragment","floor":52.0,"key":"SMITH"}],"circlet_count":0,"master_deck":["White Noise","Leap","Ball Lightning","BootSequence","Coolheaded+1","Defragment+1","Sunder+1","Defragment+1","Echo Form","Heatsinks","Self Repair","Fission+1","Turbo+1","Necronomicurse","Buffer+1","Tempest","Madness+1","Creative AI","Defragment+1","Fission+1","Amplify+1","Meteor Strike+1","Heatsinks+1","Capacitor","Coolheaded","Coolheaded+1","Double Energy+1"],"relics":["Empty Cage","Ancient Tea Set","Emotion Chip","Odd Mushroom","Thread and Needle","Unceasing Top","Orrery","Bloody Idol","Centennial Puzzle","Runic Pyramid","Necronomicon","Peace Pipe","Smiling Mask","MealTicket","Torii","Black Star","CatCart","PreservedInsect","StrikeDummy","Whetstone","Mercury Hourglass","Bronze Scales","HornCleat","Bird Faced Urn","Potion Belt","War Paint","DollysMirror","Calipers"],"acts_visited":["Exordium","TheCity","TheBeyond","TheEnding"],"potions_floor_usage":[55],"damage_taken":[{"damage":0.0,"enemies":"Small Slimes","floor":1.0,"turns":3.0},{"damage":4.0,"enemies":"2 Louse","floor":2.0,"turns":3.0},{"damage":3.0,"enemies":"Jaw Worm","floor":5.0,"turns":3.0},{"damage":7.0,"enemies":"Lagavulin","floor":6.0,"turns":6.0},{"damage":0.0,"enemies":"The Mushroom Lair","floor":7.0,"turns":3.0},{"damage":16.0,"enemies":"Gremlin Nob","floor":8.0,"turns":4.0},{"damage":0.0,"enemies":"3 Louse","floor":12.0,"turns":3.0},{"damage":0.0,"enemies":"Lagavulin","floor":14.0,"turns":5.0},{"damage":0.0,"enemies":"Hexaghost","floor":16.0,"turns":7.0},{"damage":22.0,"enemies":"Shell Parasite","floor":18.0,"turns":5.0},{"damage":27.0,"enemies":"2 Thieves","floor":20.0,"turns":4.0},{"damage":9.0,"enemies":"Gremlin Leader","floor":23.0,"turns":6.0},{"damage":25.0,"enemies":"Slavers","floor":25.0,"turns":6.0},{"damage":32.0,"enemies":"Gremlin Leader","floor":29.0,"turns":6.0},{"damage":1.0,"enemies":"3 Cultists","floor":30.0,"turns":4.0},{"damage":0.0,"enemies":"Collector","floor":33.0,"turns":7.0},{"damage":1.0,"enemies":"Orb Walker","floor":35.0,"turns":4.0},{"damage":1.0,"enemies":"3 Darklings","floor":36.0,"turns":5.0},{"damage":36.0,"enemies":"Orin","floor":37.0,"turns":9.0},{"damage":11.0,"enemies":"Sphere and 2 Shapes","floor":38.0,"turns":6.0},{"damage":32.0,"enemies":"4 Shapes","floor":39.0,"turns":7.0},{"damage":0.0,"enemies":"Giant Head","floor":40.0,"turns":8.0},{"damage":56.0,"enemies":"Reptomancer","floor":42.0,"turns":10.0},{"damage":19.0,"enemies":"Jaw Worm Horde","floor":45.0,"turns":4.0},{"damage":1.0,"enemies":"Nemesis","floor":47.0,"turns":3.0},{"damage":8.0,"enemies":"Time Eater","floor":50.0,"turns":11.0},{"damage":0.0,"enemies":"Shield and Spear","floor":54.0,"turns":2.0},{"damage":44,"enemies":"The Heart","floor":55,"turns":10}],"seed_played":"6412282308719011180","potions_obtained":[{"floor":5.0,"key":"Energy Potion"},{"floor":6.0,"key":"CultistPotion"},{"floor":7.0,"key":"EssenceOfDarkness"},{"floor":14.0,"key":"AttackPotion"},{"floor":18.0,"key":"DuplicationPotion"},{"floor":20.0,"key":"PowerPotion"},{"floor":33.0,"key":"AttackPotion"},{"floor":36.0,"key":"SkillPotion"},{"floor":40.0,"key":"Dexterity Potion"},{"floor":47.0,"key":"Explosive Potion"}],"is_trial":false,"path_per_floor":["M","M","?","?","M","E","?","E","T","R","$","M","?","E","R","B",null,"M","?","M","?","$","E","R","E","T","R","?","E","M","?","R","B",null,"M","M","?","M","M","E","R","E","T","?","M","R","E","$","R","B",null,"R","$","E","B",null],"character_chosen":"DEFECT","items_purchased":["Unceasing Top","Orrery","HornCleat","War Paint","Coolheaded","DollysMirror"],"campfire_rested":0,"item_purchase_floors":[11,11,46,48,48,48],"current_hp_per_floor":[75,71,68,61,58,51,51,35,35,35,35,35,35,35,35,42,69,54,54,44,28,28,38,38,32,37,37,37,17,28,28,28,40,69,69,69,45,46,26,45,45,23,28,28,28,28,39,54,54,69,69,69,69,69,69],"gold":60,"neow_bonus":"BOSS_RELIC","is_daily":false,"chose_seed":false,"campfire_upgraded":7,"win_rate":0.0,"timestamp":1607780771,"path_taken":["M","M","?","?","?","E","?","E","T","R","$","M","?","E","R","BOSS","M","?","M","?","$","E","R","E","T","R","?","E","?","?","R","BOSS","M","M","?","M","M","E","R","E","T","?","?","R","E","?","R","BOSS","R","$","E","BOSS"],"items_purchased_type":["Relic","Relic","Relic","Relic","Card","Relic"],"build_version":"2020-11-30","purchased_purges":2,"victory":true,"max_hp_per_floor":[75,75,75,75,75,75,75,75,75,75,75,75,69,69,69,69,69,69,69,69,69,69,69,69,69,69,69,69,69,69,69,69,69,69,69,69,69,69,69,69,69,69,69,69,69,69,69,69,69,69,69,69,69,69,69],"card_choices":[{"not_picked":["Genetic Algorithm","Hello World"],"picked":"Defragment","floor":1.0},{"not_picked":["Hello World","Redo","Barrage"],"picked":"SKIP","floor":2.0},{"not_picked":["Redo","Go for the Eyes"],"picked":"Sunder","floor":5.0},{"not_picked":["Barrage","Rip and Tear","Rebound"],"picked":"SKIP","floor":6.0},{"not_picked":["Reboot","Steam"],"picked":"Defragment","floor":8.0},{"not_picked":["Coolheaded","Melter"],"picked":"Echo Form","floor":11.0},{"not_picked":["Consume","Scrape"],"picked":"Heatsinks","floor":12.0},{"not_picked":["Leap","Aggregate"],"picked":"Self Repair","floor":14.0},{"not_picked":["Machine Learning","Hyperbeam"],"picked":"Fission","floor":16.0},{"not_picked":["Leap","FTL"],"picked":"Turbo","floor":18.0},{"not_picked":["Sweeping Beam","Compile Driver","Steam+1"],"picked":"SKIP","floor":20.0},{"not_picked":["Gash","Reinforced Body"],"picked":"Buffer","floor":23.0},{"not_picked":["Reinforced Body","Sunder"],"picked":"Tempest","floor":25.0},{"not_picked":["Loop","Conserve Battery+1","Go for the Eyes"],"picked":"SKIP","floor":29.0},{"not_picked":["Rip and Tear","Turbo+1","Stack"],"picked":"SKIP","floor":30.0},{"not_picked":["Core Surge","All For One"],"picked":"Amplify","floor":33.0},{"not_picked":["Conserve Battery+1","Sweeping Beam","Steam+1"],"picked":"SKIP","floor":35.0},{"not_picked":["Beam Cell","Conserve Battery+1","BootSequence+1"],"picked":"SKIP","floor":36.0},{"not_picked":["Cold Snap+1","Stack+1"],"picked":"Meteor Strike","floor":38.0},{"not_picked":["Loop+1","Conserve Battery+1"],"picked":"Heatsinks+1","floor":39.0},{"not_picked":["Steam+1","Stack"],"picked":"Capacitor","floor":40.0},{"not_picked":["Buffer","Ball Lightning+1","Darkness+1"],"picked":"SKIP","floor":42.0},{"not_picked":["Go for the Eyes+1","Barrage+1","BootSequence+1"],"picked":"SKIP","floor":45.0},{"not_picked":["Static Discharge+1","Barrage","Ball Lightning+1"],"picked":"SKIP","floor":47.0},{"not_picked":["Machine Learning","Leap"],"picked":"Double Energy+1","floor":54.0}],"player_experience":318204,"relics_obtained":[{"floor":6.0,"key":"Emotion Chip"},{"floor":7.0,"key":"Odd Mushroom"},{"floor":8.0,"key":"Thread and Needle"},{"floor":14.0,"key":"Centennial Puzzle"},{"floor":21.0,"key":"Necronomicon"},{"floor":23.0,"key":"Peace Pipe"},{"floor":25.0,"key":"Smiling Mask"},{"floor":26.0,"key":"MealTicket"},{"floor":29.0,"key":"Torii"},{"floor":37.0,"key":"CatCart"},{"floor":40.0,"key":"PreservedInsect"},{"floor":40.0,"key":"StrikeDummy"},{"floor":42.0,"key":"Whetstone"},{"floor":42.0,"key":"Mercury Hourglass"},{"floor":43.0,"key":"Bronze Scales"},{"floor":47.0,"key":"Bird Faced Urn"},{"floor":47.0,"key":"Potion Belt"},{"floor":54.0,"key":"Calipers"}],"event_choices":[{"damage_healed":0.0,"max_hp_gain":0.0,"max_hp_loss":0.0,"gold_gain":0.0,"event_name":"Scrap Ooze","player_choice":"Success","floor":3.0,"gold_loss":0.0,"damage_taken":3.0,"relics_obtained":["Ancient Tea Set"]},{"cards_removed":["Zap"],"damage_healed":0.0,"max_hp_gain":0.0,"max_hp_loss":0.0,"gold_gain":0.0,"event_name":"Golden Wing","player_choice":"Card Removal","floor":4.0,"gold_loss":0.0,"damage_taken":7.0},{"damage_healed":0.0,"max_hp_gain":0.0,"max_hp_loss":0.0,"gold_gain":0.0,"event_name":"Mushrooms","player_choice":"Fought Mushrooms","floor":7.0,"gold_loss":0.0,"damage_taken":0.0},{"damage_healed":0.0,"max_hp_gain":0.0,"max_hp_loss":6.0,"gold_gain":0.0,"event_name":"Golden Idol","player_choice":"Lose Max HP","floor":13.0,"gold_loss":0.0,"damage_taken":0.0,"relics_obtained":["Golden Idol"]},{"damage_healed":0.0,"max_hp_gain":0.0,"max_hp_loss":0.0,"gold_gain":0.0,"event_name":"Forgotten Altar","player_choice":"Gave Idol","floor":19.0,"relics_lost":["Golden Idol"],"gold_loss":0.0,"damage_taken":0.0,"relics_obtained":["Bloody Idol"]},{"damage_healed":0.0,"max_hp_gain":0.0,"max_hp_loss":0.0,"gold_gain":0.0,"event_name":"Cursed Tome","player_choice":"Obtained Book","floor":21.0,"gold_loss":0.0,"damage_taken":16.0},{"damage_healed":0.0,"max_hp_gain":0.0,"max_hp_loss":0.0,"gold_gain":0.0,"event_name":"Match and Keep!","player_choice":"3 cards matched","floor":28.0,"gold_loss":0.0,"damage_taken":0.0,"cards_obtained":["Madness","Creative AI","Defragment"]},{"damage_healed":0.0,"max_hp_gain":0.0,"max_hp_loss":0.0,"gold_gain":0.0,"event_name":"Duplicator","player_choice":"Copied","floor":31.0,"gold_loss":0.0,"damage_taken":0.0,"cards_obtained":["Fission"]},{"damage_healed":0.0,"max_hp_gain":0.0,"max_hp_loss":0.0,"gold_gain":0.0,"event_name":"OrinTheCat","player_choice":"Fight","floor":37.0,"gold_loss":0.0,"damage_taken":0.0},{"damage_healed":0.0,"max_hp_gain":0.0,"max_hp_loss":0.0,"gold_gain":0.0,"event_name":"SecretPortal","player_choice":"Ignored","floor":44.0,"gold_loss":0.0,"damage_taken":0.0}],"is_beta":false,"boss_relics":[{"not_picked":["Tiny House","Fusion Hammer"],"picked":"Runic Pyramid"},{"not_picked":["Busted Crown","SacredBark"],"picked":"Black Star"}],"items_purged_floors":[22,46],"is_endless":false,"potions_floor_spawned":[5,6,7,14,18,20,33,36,40,47],"ascension_level":2}}