{"host":"c5j8t0wyh2hvx9ju","time":1607778850,"event":{"mods":["Astrologer","BaseMod","BetterRewards","HololiveMod","Minty Spire (QoL Compilation)","Prisma Mod","StSLib"],"gold_per_floor":[109,125,75,350,365,365,399,409,409,434,455,630,640,673,673,775,775,788,713,988,639,654,687,687,687,687],"floor_reached":25,"playtime":2229,"items_purged":["Regret"],"score":449,"play_id":"32826fe9-c177-424c-944d-46d4f4588058","local_time":"20201212221410","is_ascension_mode":true,"campfire_choices":[{"data":"Glacier","floor":6.0,"key":"SMITH"},{"data":"Chaos","floor":15.0,"key":"SMITH"},{"data":"Capacitor","floor":24,"key":"SMITH"}],"circlet_count":0,"master_deck":["Strike_B","Strike_B","Strike_B","Defend_B","Defend_B","Defend_B","Defend_B","Zap","Dualcast","Gash","Hologram","Storm","Self Repair","Chaos+1","Glacier+1","Rip and Tear","Leap","BootSequence","Steam","Doubt","Genetic Algorithm","Buffer","Gash","Regret","Capacitor+1","Coolheaded"],"relics":["Cracked Core","Blue Candle","Art of War","Emotion Chip","InkBottle","Bottled Lightning","Odd Mushroom","Eternal Feather","Cursed Key","Lee\u0027s Waffle","DataDisk"],"acts_visited":["Exordium","TheCity"],"potions_floor_usage":[16,16,25],"damage_taken":[{"damage":4.0,"enemies":"Small Slimes","floor":1.0,"turns":4.0},{"damage":4.0,"enemies":"Jaw Worm","floor":2.0,"turns":3.0},{"damage":4.0,"enemies":"Cultist","floor":5.0,"turns":4.0},{"damage":37.0,"enemies":"Gremlin Nob","floor":7.0,"turns":6.0},{"damage":8.0,"enemies":"Large Slime","floor":8.0,"turns":9.0},{"damage":15.0,"enemies":"3 Sentries","floor":10.0,"turns":8.0},{"damage":5.0,"enemies":"The Mushroom Lair","floor":11.0,"turns":5.0},{"damage":5.0,"enemies":"2 Fungi Beasts","floor":13.0,"turns":4.0},{"damage":17.0,"enemies":"Gremlin Nob","floor":14.0,"turns":4.0},{"damage":13,"enemies":"The Guardian","floor":16,"turns":13},{"damage":24,"enemies":"3 Byrds","floor":18,"turns":8},{"damage":8,"enemies":"2 Thieves","floor":19,"turns":5},{"damage":34,"enemies":"Centurion and Healer","floor":22,"turns":9},{"damage":36,"enemies":"Slavers","floor":23,"turns":9},{"damage":57,"enemies":"Gremlin Leader","floor":25,"turns":4}],"seed_played":"-5683908870378511646","potions_obtained":[{"floor":5.0,"key":"SteroidPotion"},{"floor":10.0,"key":"FearPotion"},{"floor":11.0,"key":"LiquidBronze"},{"floor":16,"key":"Fruit Juice"},{"floor":23,"key":"ColorlessPotion"}],"is_trial":false,"path_per_floor":["M","M","?","?","M","R","E","M","T","E","?","?","M","E","R","B",null,"M","M","?","$","M","E","R","E"],"character_chosen":"DEFECT","items_purchased":["Gash","Blue Candle","Art of War","Hologram","Storm","Capacitor","Lee\u0027s Waffle","Coolheaded"],"campfire_rested":0,"item_purchase_floors":[0,0,0,0,0,21,21,21],"current_hp_per_floor":[71,74,74,74,75,75,38,37,37,29,31,31,33,23,35,34,69,52,51,51,87,60,31,46,0,0],"gold":687,"neow_bonus":"","is_daily":false,"chose_seed":false,"campfire_upgraded":3,"win_rate":0.0,"timestamp":1607778850,"path_taken":["M","M","?","?","M","R","E","?","T","E","?","?","M","E","R","BOSS","M","M","?","$","?","E","R","E"],"items_purchased_type":["Card","Relic","Relic","Card","Card","Card","Relic","Card"],"build_version":"2020-11-30","purchased_purges":1,"victory":false,"max_hp_per_floor":[75,75,75,75,75,75,75,75,75,75,75,75,75,75,75,80,80,80,80,80,87,87,87,87,87,87],"card_choices":[{"not_picked":["Reprogram","Beam Cell"],"picked":"Self Repair","floor":1.0},{"not_picked":["Static Discharge","Beam Cell"],"picked":"Chaos","floor":2.0},{"not_picked":["Defragment","Turbo"],"picked":"Glacier","floor":5.0},{"not_picked":["Streamline","Cold Snap"],"picked":"Rip and Tear","floor":7.0},{"not_picked":["Go for the Eyes","Chaos"],"picked":"Leap","floor":8.0},{"not_picked":["Barrage","Rebound"],"picked":"BootSequence","floor":10.0},{"not_picked":["Rainbow","Leap"],"picked":"Steam","floor":11.0},{"not_picked":["Compile Driver","Auto Shields","Lockon"],"picked":"SKIP","floor":13.0},{"not_picked":["Ball Lightning","Coolheaded"],"picked":"Genetic Algorithm","floor":14.0},{"not_picked":["Multi-Cast","Hyperbeam"],"picked":"Buffer","floor":16},{"not_picked":["Heatsinks","Barrage+1","Darkness"],"picked":"SKIP","floor":18},{"not_picked":["FTL","Steam+1"],"picked":"Gash","floor":19},{"not_picked":["Heatsinks","Consume","Barrage"],"picked":"SKIP","floor":22},{"not_picked":["Consume+1","Beam Cell+1","Leap"],"picked":"SKIP","floor":23}],"player_experience":844260,"relics_obtained":[{"floor":7.0,"key":"Emotion Chip"},{"floor":9.0,"key":"InkBottle"},{"floor":10.0,"key":"Bottled Lightning"},{"floor":11.0,"key":"Odd Mushroom"},{"floor":14.0,"key":"Eternal Feather"},{"floor":23,"key":"DataDisk"}],"event_choices":[{"cards_removed":["Strike_B"],"damage_healed":0.0,"max_hp_gain":0.0,"max_hp_loss":0.0,"gold_gain":0.0,"event_name":"The Cleric","player_choice":"Card Removal","floor":3.0,"gold_loss":50.0,"damage_taken":0.0},{"damage_healed":0.0,"max_hp_gain":0.0,"max_hp_loss":0.0,"gold_gain":275.0,"event_name":"Golden Shrine","player_choice":"Desecrate","floor":4.0,"gold_loss":0.0,"damage_taken":0.0,"cards_obtained":["Regret"]},{"damage_healed":0.0,"max_hp_gain":0.0,"max_hp_loss":0.0,"gold_gain":0.0,"event_name":"Mushrooms","player_choice":"Fought Mushrooms","floor":11.0,"gold_loss":0.0,"damage_taken":0.0},{"damage_healed":0.0,"max_hp_gain":0.0,"max_hp_loss":0.0,"gold_gain":175.0,"event_name":"Liars Game","player_choice":"AGREE","floor":12.0,"gold_loss":0.0,"damage_taken":0.0,"cards_obtained":["Doubt"]},{"damage_healed":0,"gold_gain":275,"player_choice":"Desecrate","damage_taken":0,"max_hp_gain":0,"max_hp_loss":0,"event_name":"Golden Shrine","floor":20,"gold_loss":0,"cards_obtained":["Regret"]}],"is_beta":false,"boss_relics":[{"not_picked":["Runic Dome","Hololive_TopUpMoneyS"],"picked":"Cursed Key"}],"items_purged_floors":[21],"is_endless":false,"potions_floor_spawned":[5,10,11,16,23],"killed_by":"Gremlin Leader","ascension_level":5}}