{"host":"4nqeo0vu1vuav7gg","time":1607769245,"event":{"mods":["AchievementEnabler","BaseMod","Block Reminder","Colored Map","Colored Powertips","Highlight Path","Minty Spire (QoL Compilation)","Quick Restart","Rare Cards Sparkle","Relic Relevance Reorder","StSLib"],"gold_per_floor":[361,375,390,7,21,21,36,47,47,47,72,72,87,87,87,184,184,198,198,215,225,242,242,270,26,50,2,2,2],"floor_reached":28,"playtime":1266,"items_purged":["Pain"],"score":363,"play_id":"4d777dcf-695e-4b5c-ab6f-960b74178674","local_time":"20201212113405","is_ascension_mode":true,"campfire_choices":[{"data":"Defragment","floor":6.0,"key":"SMITH"},{"floor":12.0,"key":"REST"},{"floor":15.0,"key":"REST"},{"floor":23.0,"key":"REST"}],"circlet_count":0,"master_deck":["AscendersBane","Strike_B","Defend_B","Defend_B","Defend_B","Defend_B","Zap","Dualcast","Defragment+1","Go for the Eyes","Darkness","Seek+1","Conserve Battery","Biased Cognition","Chaos","Compile Driver","Electrodynamics+1","Melter","Chaos+1","Lockon","Coolheaded","Chaos"],"relics":["Cracked Core","Ornamental Fan","DataDisk","Bottled Tornado","Bag of Marbles","Frozen Egg 2","Eternal Feather","Empty Cage"],"acts_visited":["Exordium","TheCity"],"potions_floor_usage":[24,28,28],"damage_taken":[{"damage":3.0,"enemies":"Cultist","floor":1.0,"turns":3.0},{"damage":11.0,"enemies":"Jaw Worm","floor":2.0,"turns":4.0},{"damage":12.0,"enemies":"Small Slimes","floor":3.0,"turns":3.0},{"damage":11.0,"enemies":"2 Fungi Beasts","floor":5.0,"turns":4.0},{"damage":0.0,"enemies":"Gremlin Gang","floor":7.0,"turns":4.0},{"damage":10.0,"enemies":"Red Slaver","floor":8.0,"turns":3.0},{"damage":11.0,"enemies":"Lagavulin","floor":11.0,"turns":5.0},{"damage":15.0,"enemies":"Large Slime","floor":13.0,"turns":4.0},{"damage":45.0,"enemies":"Slime Boss","floor":16.0,"turns":10.0},{"damage":3.0,"enemies":"Chosen","floor":18.0,"turns":4.0},{"damage":12.0,"enemies":"3 Byrds","floor":20.0,"turns":2.0},{"damage":23.0,"enemies":"Snecko","floor":21.0,"turns":4.0},{"damage":22.0,"enemies":"Centurion and Healer","floor":22.0,"turns":3.0},{"damage":21,"enemies":"Book of Stabbing","floor":24,"turns":5},{"damage":19,"enemies":"Snake Plant","floor":28,"turns":1}],"seed_played":"-7674566375992442384","potions_obtained":[{"floor":2.0,"key":"ColorlessPotion"},{"floor":5.0,"key":"Block Potion"},{"floor":7.0,"key":"Block Potion"},{"floor":11.0,"key":"DuplicationPotion"},{"floor":16.0,"key":"Fruit Juice"},{"floor":20.0,"key":"Dexterity Potion"},{"floor":22.0,"key":"Ancient Potion"},{"floor":24,"key":"Regen Potion"}],"is_trial":false,"path_per_floor":["M","M","M","$","M","R","M","M","T","?","E","R","M","?","R","B",null,"M","?","M","M","M","R","E","$","T","$","M"],"character_chosen":"DEFECT","items_purchased":["DataDisk","Seek","Eternal Feather","FocusPotion"],"campfire_rested":3,"item_purchase_floors":[4,4,25,27],"current_hp_per_floor":[65,54,42,42,31,31,31,21,21,14,3,25,10,35,57,12,64,61,61,49,26,4,28,7,7,7,7,0,0],"gold":2,"neow_bonus":"TWO_FIFTY_GOLD","is_daily":false,"chose_seed":false,"campfire_upgraded":1,"win_rate":0.0,"timestamp":1607769245,"path_taken":["M","?","M","$","M","R","M","M","T","?","E","R","M","?","R","BOSS","M","?","M","M","M","R","E","$","T","$","?"],"items_purchased_type":["Relic","Card","Relic","Potion"],"build_version":"2020-11-30","purchased_purges":1,"victory":false,"max_hp_per_floor":[75,75,75,75,75,75,75,75,75,75,75,75,75,75,75,75,80,80,80,80,80,80,80,80,80,80,80,80,80],"card_choices":[{"not_picked":["Cold Snap","Compile Driver"],"picked":"Defragment","floor":1.0},{"not_picked":["Stack","Beam Cell"],"picked":"Go for the Eyes","floor":2.0},{"not_picked":["Storm","Turbo"],"picked":"Darkness","floor":3.0},{"not_picked":["Steam Power","Rebound"],"picked":"Conserve Battery","floor":5.0},{"not_picked":["Conserve Battery","Consume"],"picked":"Biased Cognition","floor":7.0},{"not_picked":["Streamline","Hello World","Conserve Battery"],"picked":"SKIP","floor":8.0},{"not_picked":["All For One","Hologram"],"picked":"Chaos","floor":11.0},{"not_picked":["Turbo","Rebound"],"picked":"Compile Driver","floor":13.0},{"not_picked":["Meteor Strike","Machine Learning+1"],"picked":"Electrodynamics+1","floor":16.0},{"not_picked":["Gash+1","Scrape"],"picked":"Melter","floor":18.0},{"not_picked":["Ball Lightning","Sunder"],"picked":"Chaos+1","floor":20.0},{"not_picked":["Gash+1","Hello World+1"],"picked":"Lockon","floor":21.0},{"not_picked":["Stack","Double Energy"],"picked":"Coolheaded","floor":22.0},{"not_picked":["Stack","Steam Power+1"],"picked":"Chaos","floor":24}],"player_experience":875734,"relics_obtained":[{"floor":9.0,"key":"Frozen Egg 2"},{"floor":11.0,"key":"Bottled Tornado"},{"floor":24,"key":"Ornamental Fan"},{"floor":26,"key":"Bag of Marbles"}],"event_choices":[{"cards_removed":["Strike_B"],"damage_healed":0.0,"max_hp_gain":0.0,"max_hp_loss":0.0,"gold_gain":0.0,"event_name":"Golden Wing","player_choice":"Card Removal","floor":10.0,"gold_loss":0.0,"damage_taken":7.0},{"damage_healed":25.0,"max_hp_gain":0.0,"max_hp_loss":0.0,"gold_gain":0.0,"event_name":"Big Fish","player_choice":"Banana","floor":14.0,"gold_loss":0.0,"damage_taken":0.0},{"damage_healed":0.0,"max_hp_gain":0.0,"max_hp_loss":0.0,"gold_gain":0.0,"event_name":"Accursed Blacksmith","player_choice":"Forge","floor":19.0,"gold_loss":0.0,"damage_taken":0.0,"cards_upgraded":["Seek"]}],"is_beta":false,"boss_relics":[{"not_picked":["SacredBark","Coffee Dripper"],"picked":"Empty Cage"}],"items_purged_floors":[4],"is_endless":false,"potions_floor_spawned":[2,5,7,11,16,20,22,24],"killed_by":"Snake Plant","ascension_level":10}}