{"host":"njruw0b0uprlitpx","time":1607789490,"event":{"mods":["2.2 Compatiblity","AchievementEnabler","Aspiration","BaseMod","Beaked The Cultist","Block Reminder","Colored Map","Colored Powertips","Jedi Mod","Keyboard Shortcuts","Minty Spire (QoL Compilation)","Replay The Spire","Spicy Shops","StSLib","SuperFastMode"],"gold_per_floor":[116,116,28,46,46,46,81,92,166,166,198,198,210,224,224,320,320,332,332,343,360,377,377,140,140,140,174,174,187,187,287,287,386,386,406,1405,1375,596,607,607,149,149,149,149,167,180,180,1,1,1],"floor_reached":51,"playtime":5598,"items_purged":["Voices","Normality","Normality","Spreading Infection"],"score":850,"play_id":"08851d07-6513-4f59-89ab-c1ff133fdbb2","local_time":"20201212101130","is_ascension_mode":false,"campfire_choices":[{"data":"ReplayTheSpireMod:Wings of Steel","floor":6,"key":"SMITH"},{"data":"beaked:StickSmack","floor":10,"key":"SMITH"},{"data":"beaked:MachineEssence","floor":23,"key":"SMITH"},{"data":"beaked:Insight","floor":28,"key":"SMITH"},{"data":"beaked:WindBringer","floor":30,"key":"SMITH"},{"data":"beaked:CheekyTricks","floor":40,"key":"SMITH"},{"data":"beaked:FakeOut","floor":44,"key":"SMITH"},{"data":"beaked:Overpower","floor":47,"key":"SMITH"},{"data":"beaked:DesperateSwing","floor":49,"key":"SMITH"}],"circlet_count":0,"master_deck":["beaked:Strike_Y","beaked:Strike_Y","beaked:Strike_Y","beaked:Strike_Y","beaked:Strike_Y","beaked:Defend_Y","beaked:Defend_Y","beaked:Defend_Y","beaked:Defend_Y","beaked:Ceremony","beaked:Ceremony","beaked:Ceremony","ReplayTheSpireMod:Wings of Steel+1","Trip+1","beaked:Cower+1","beaked:StickSmack+1","ReplayTheSpireMod:Owlgaze+1","beaked:BounceBack+1","beaked:Overpower+1","beaked:WindBringer+1","beaked:MachineEssence+1","beaked:WarriorEssence+1","beaked:Overexert+1","beaked:DesperateSwing+1","beaked:Insight+1","jedi:forcepull+1","ReplayTheSpireMod:RavenHex+1","beaked:CursingBlood+1","beaked:DigDeep+1","beaked:CheekyTricks+1","beaked:Brace+1","beaked:HuntressEssence+1","Apotheosis+1","beaked:Roost+1","Trip+1","beaked:FakeOut+1","Voices","beaked:HuntressSpirit+1","beaked:Flinch+1","Secret Technique+1"],"relics":["beaked:MendingPlumage","Toxic Egg 2","Replay:Rubber Ducky","Kunai","Matryoshka","Cursed Key","ReplayTheSpireMod:Ring of Collecting","ReplayTheSpireMod:Ring of Addiction","White Beast Statue","Toy Ornithopter","Vajra","Ring of Misfortune","aspiration:HummingbirdHeart","Snack Pack","Calipers","StrikeDummy","jedi:paperlyon","Mango","Omamori","ReplayTheSpireMod:CursedCoin","Ancient Tea Set","BargainBundle","Replay:Baseball","Centennial Puzzle","Ring of Searing","Garlic"],"acts_visited":["Exordium","TheCity","TheBeyond"],"potions_floor_usage":[7,7,16,16,20,20,21,27,31,33,33,42,50,50,50],"damage_taken":[{"damage":8,"enemies":"Small Slimes","floor":1,"turns":4},{"damage":15,"enemies":"Cultist","floor":4,"turns":4},{"damage":10,"enemies":"3 Sentries","floor":7,"turns":6},{"damage":3,"enemies":"2 Louse","floor":8,"turns":3},{"damage":0,"enemies":"Gremlin Nob","floor":11,"turns":6},{"damage":2,"enemies":"Red Slaver","floor":13,"turns":5},{"damage":8,"enemies":"Blue Slaver","floor":14,"turns":3},{"damage":10,"enemies":"Hexaghost","floor":16,"turns":9},{"damage":16,"enemies":"Chosen","floor":18,"turns":6},{"damage":18,"enemies":"2 Thieves","floor":20,"turns":5},{"damage":33,"enemies":"Sentry and Sphere","floor":21,"turns":5},{"damage":29,"enemies":"Centurion and Healer","floor":22,"turns":8},{"damage":0,"enemies":"Book of Stabbing","floor":27,"turns":1},{"damage":0,"enemies":"Snake Plant","floor":29,"turns":4},{"damage":4,"enemies":"Colosseum Slavers","floor":31,"turns":6},{"damage":2,"enemies":"Colosseum Nobs","floor":31,"turns":5},{"damage":3,"enemies":"Collector","floor":33,"turns":9},{"damage":10,"enemies":"Orb Walker","floor":35,"turns":3},{"damage":11,"enemies":"3 Darklings","floor":39,"turns":6},{"damage":0,"enemies":"Writhing Mass","floor":42,"turns":1},{"damage":51,"enemies":"4 Shapes","floor":45,"turns":4},{"damage":6,"enemies":"Transient","floor":46,"turns":5},{"damage":43,"enemies":"Awakened One","floor":50,"turns":10}],"seed_played":"1649689615936368304","potions_obtained":[{"floor":1,"key":"jedi:StrikingPotion"},{"floor":5,"key":"Adrenaline Potion"},{"floor":5,"key":"GamblersBrew"},{"floor":8,"key":"Swift Potion"},{"floor":19,"key":"Swift Potion"},{"floor":19,"key":"Languid Potion"},{"floor":19,"key":"SkillPotion"},{"floor":20,"key":"SmokeBomb"},{"floor":21,"key":"CultistPotion"},{"floor":22,"key":"EssenceOfSteel"},{"floor":27,"key":"jedi:wingpotion"},{"floor":29,"key":"GamblersBrew"},{"floor":31,"key":"BlessingOfTheForge"},{"floor":33,"key":"Strength Potion"},{"floor":35,"key":"DuplicationPotion"},{"floor":37,"key":"PowerPotion"},{"floor":45,"key":"Strength Potion"},{"floor":46,"key":"DistilledChaos"}],"is_trial":false,"path_per_floor":["M","?","$","M","?","R","E","M","T","R","E","?","M","M","R","B",null,"M","?","M","M","M","R","$","?","T","E","R","M","R","?","R","B",null,"M","?","?","$","M","R","$","M","T","R","M","M","R","$","R","B",null],"character_chosen":"BEAKED_THE_CULTIST","items_purchased":["Trip+1","jedi:forcepull+1","jedi:StrikingPotion","Mango","Omamori","ReplayTheSpireMod:CursedCoin","beaked:HuntressEssence+1","Apotheosis+1","jedi:wingpotion","Ancient Tea Set","BargainBundle","Replay:Baseball","DuplicationPotion","beaked:Roost+1","Trip+1","beaked:FakeOut","Secret Technique+1"],"campfire_rested":0,"item_purchase_floors":[3,24,24,38,38,38,38,38,38,38,41,41,41,41,41,41,48],"current_hp_per_floor":[53,53,53,46,46,46,55,55,55,55,55,55,55,54,54,55,55,50,50,52,47,42,42,42,42,42,48,48,53,53,51,51,51,51,51,51,49,63,63,61,61,61,61,61,28,59,59,59,57,57],"gold":1,"neow_bonus":"TEN_PERCENT_HP_BONUS","is_daily":false,"chose_seed":false,"campfire_upgraded":9,"win_rate":0.0,"timestamp":1607789490,"path_taken":["M","?","$","M","?","R","E","?","T","R","E","?","M","?","R","BOSS","M","?","M","M","M","R","$","?","T","E","R","?","R","?","R","BOSS","M","?","?","$","M","R","$","M","T","R","M","M","R","$","R","BOSS"],"items_purchased_type":["Card","Card","Potion","Relic","Relic","Relic","Card","Card","Potion","Relic","Relic","Relic","Potion","Card","Card","Card","Card"],"build_version":"2020-11-30","purchased_purges":4,"victory":true,"max_hp_per_floor":[55,55,55,55,55,55,55,55,55,55,55,55,55,55,55,55,55,55,55,55,55,55,55,55,53,53,53,53,53,53,51,51,51,51,51,51,49,63,63,61,61,61,61,61,61,59,59,59,57,57],"card_choices":[{"not_picked":["beaked:Poke","beaked:TuckingFeathers"],"picked":"ReplayTheSpireMod:Wings of Steel","floor":1},{"not_picked":["beaked:VigorBurst+1","beaked:Brace+1"],"picked":"beaked:Cower+1","floor":4},{"not_picked":["beaked:FeelMyPain+1","beaked:Brace+1"],"picked":"beaked:StickSmack","floor":7},{"not_picked":["ReplayTheSpireMod:Prepare the Ceremony+1","beaked:Brace+1"],"picked":"ReplayTheSpireMod:Owlgaze+1","floor":8},{"not_picked":["beaked:Evade+1","ReplayTheSpireMod:Prepare the Ceremony+1"],"picked":"beaked:BounceBack+1","floor":11},{"not_picked":["beaked:CrazyRituals","beaked:Poke"],"picked":"beaked:Overpower","floor":13},{"not_picked":["beaked:Devastation","beaked:WarriorEssence"],"picked":"beaked:WindBringer","floor":14},{"not_picked":["beaked:Caw","ReplayTheSpireMod:Owlgaze+1"],"picked":"beaked:MachineEssence","floor":16},{"not_picked":["beaked:Daydream+1","beaked:BloodForTheGods+1"],"picked":"beaked:WarriorEssence+1","floor":18},{"not_picked":["beaked:Tweet+1","beaked:Evade+1"],"picked":"beaked:Overexert+1","floor":20},{"not_picked":["beaked:FeelMyPain+1","beaked:BraceForImpact+1"],"picked":"beaked:DesperateSwing","floor":21},{"not_picked":["beaked:TuckingFeathers+1","beaked:MimicHuntress+1"],"picked":"beaked:Insight","floor":22},{"not_picked":["beaked:Poke+1","beaked:Insight"],"picked":"ReplayTheSpireMod:RavenHex+1","floor":27},{"not_picked":["beaked:SacrificialAttack","beaked:WarriorEssence"],"picked":"beaked:CursingBlood+1","floor":29},{"not_picked":["beaked:FakeOut","beaked:Foresight+1"],"picked":"beaked:DigDeep+1","floor":31},{"not_picked":["beaked:FakeOut","beaked:ShadowFade+1"],"picked":"beaked:CheekyTricks","floor":33},{"not_picked":["beaked:CrazyRituals","beaked:Foresight+1"],"picked":"beaked:Brace+1","floor":35},{"not_picked":["beaked:Poke+1","beaked:Tradeoff+1","beaked:SacrificialDive+1"],"picked":"SKIP","floor":39},{"not_picked":["beaked:BraceForImpact+1","beaked:DigDeep+1"],"picked":"beaked:HuntressSpirit+1","floor":45},{"not_picked":["beaked:CursingBlood+1","beaked:Insight+1"],"picked":"beaked:Flinch+1","floor":46}],"player_experience":1046616,"relics_obtained":[{"floor":7,"key":"Replay:Rubber Ducky"},{"floor":9,"key":"Kunai"},{"floor":11,"key":"Matryoshka"},{"floor":19,"key":"ReplayTheSpireMod:Ring of Collecting"},{"floor":19,"key":"ReplayTheSpireMod:Ring of Addiction"},{"floor":19,"key":"White Beast Statue"},{"floor":19,"key":"Toy Ornithopter"},{"floor":26,"key":"Vajra"},{"floor":26,"key":"Ring of Misfortune"},{"floor":26,"key":"aspiration:HummingbirdHeart"},{"floor":27,"key":"Snack Pack"},{"floor":31,"key":"Calipers"},{"floor":31,"key":"StrikeDummy"},{"floor":43,"key":"Centennial Puzzle"},{"floor":43,"key":"Ring of Searing"},{"floor":43,"key":"Garlic"}],"event_choices":[{"damage_healed":0,"gold_gain":0,"player_choice":"Got Potions","damage_taken":0,"max_hp_gain":0,"max_hp_loss":0,"event_name":"Lab","floor":5,"gold_loss":0},{"cards_removed":["Injury"],"damage_healed":0,"gold_gain":0,"player_choice":"Purged","damage_taken":0,"max_hp_gain":0,"max_hp_loss":0,"event_name":"Purifier","floor":12,"gold_loss":0},{"cards_removed":["beaked:Strike_Y"],"damage_healed":0,"gold_gain":0,"player_choice":"Purged","damage_taken":0,"max_hp_gain":0,"max_hp_loss":0,"event_name":"Purifier","floor":25,"gold_loss":0},{"damage_healed":0,"gold_gain":0,"player_choice":"Fight","damage_taken":0,"max_hp_gain":0,"max_hp_loss":0,"event_name":"Colosseum","floor":31,"gold_loss":0},{"damage_healed":0,"gold_gain":0,"player_choice":"Fought Nobs","damage_taken":0,"max_hp_gain":0,"max_hp_loss":0,"event_name":"Colosseum","floor":31,"gold_loss":0},{"damage_healed":0,"gold_gain":999,"player_choice":"Gold","damage_taken":0,"max_hp_gain":0,"max_hp_loss":0,"event_name":"MindBloom","floor":36,"gold_loss":0,"cards_obtained":["Normality","Normality"]},{"damage_healed":0,"gold_gain":0,"player_choice":"Bought 2 Potions","damage_taken":0,"max_hp_gain":0,"max_hp_loss":0,"event_name":"The Woman in Blue","floor":37,"gold_loss":0}],"is_beta":false,"boss_relics":[{"not_picked":["Busted Crown","aspiration:RitualDagger"],"picked":"Cursed Key"},{"not_picked":["Snecko Heart","Black Star"],"picked":"jedi:paperlyon"}],"items_purged_floors":[24,38,41,41],"is_endless":false,"potions_floor_spawned":[1,8,20,21,22,27,29,31,31,33,35,39,42,45,46],"ascension_level":0}}