{"host":"4ag909k4xupnj24b","time":1607776061,"event":{"mods":["BaseMod","Minty Spire (QoL Compilation)","StSLib"],"gold_per_floor":[114,125,3,3,30,30,47,47,73,26,26,36,47,47,47,150,150,160,178,22,0,20,20,34,34,34,34,45,45,45,45,45],"floor_reached":31,"playtime":1068,"items_purged":["Strike_B"],"score":360,"play_id":"b07cc5e5-09a1-494d-9301-bd193ae46867","local_time":"20201212042741","is_ascension_mode":true,"campfire_choices":[{"data":"Consume","floor":6,"key":"SMITH"},{"data":"Fusion","floor":8,"key":"SMITH"},{"floor":15,"key":"REST"},{"data":"Creative AI","floor":23,"key":"SMITH"},{"data":"Self Repair","floor":27,"key":"SMITH"}],"circlet_count":0,"master_deck":["AscendersBane","Strike_B","Strike_B","Defend_B","Defend_B","Defend_B","Defend_B","Zap","Dualcast","Fusion+1","Consume+1","Ball Lightning","Static Discharge","Cold Snap","Leap","Ball Lightning","Creative AI+1","Self Repair+1","Coolheaded","Glacier+1"],"relics":["Inserter","Potion Belt","Regal Pillow","The Courier","Nuclear Battery","Lee\u0027s Waffle","Toxic Egg 2"],"acts_visited":["Exordium","TheCity"],"potions_floor_usage":[28,31],"damage_taken":[{"damage":10,"enemies":"Cultist","floor":1,"turns":4},{"damage":8,"enemies":"Jaw Worm","floor":2,"turns":4},{"damage":9,"enemies":"Small Slimes","floor":7,"turns":4},{"damage":20,"enemies":"3 Louse","floor":12,"turns":4},{"damage":7,"enemies":"2 Fungi Beasts","floor":13,"turns":3},{"damage":26,"enemies":"Hexaghost","floor":16,"turns":7},{"damage":6,"enemies":"Spheric Guardian","floor":18,"turns":4},{"damage":38,"enemies":"Shell Parasite","floor":19,"turns":5},{"damage":29,"enemies":"Snake Plant","floor":22,"turns":4},{"damage":11,"enemies":"Snecko","floor":24,"turns":4},{"damage":33,"enemies":"Centurion and Healer","floor":28,"turns":8},{"damage":35,"enemies":"Shelled Parasite and Fungi","floor":31,"turns":3}],"seed_played":"-3291694799697170290","potions_obtained":[{"floor":12,"key":"Strength Potion"},{"floor":16,"key":"Strength Potion"},{"floor":19,"key":"Explosive Potion"},{"floor":28,"key":"Dexterity Potion"}],"is_trial":false,"path_per_floor":["M","M","$","?","T","R","M","R","T","$","?","M","M","?","R","B",null,"M","M","$","?","M","R","M","?","T","R","M","?","?","M"],"character_chosen":"DEFECT","items_purchased":["Ball Lightning","Cold Snap","Lee\u0027s Waffle","Self Repair"],"campfire_rested":1,"item_purchase_floors":[3,10,20,20],"current_hp_per_floor":[58,50,50,43,43,43,34,34,34,34,59,39,32,29,66,40,66,60,22,82,82,60,60,56,56,56,56,33,33,33,0,0],"gold":45,"neow_bonus":"BOSS_RELIC","is_daily":false,"chose_seed":false,"campfire_upgraded":4,"win_rate":0.0,"timestamp":1607776061,"path_taken":["M","M","$","?","?","R","M","R","T","$","?","M","M","?","R","BOSS","M","M","$","?","M","R","M","?","T","R","M","?","?","M"],"items_purchased_type":["Card","Card","Relic","Card"],"build_version":"2020-11-30","purchased_purges":1,"victory":false,"max_hp_per_floor":[75,75,75,75,75,75,75,75,75,75,75,75,75,75,75,75,75,75,75,82,82,82,82,82,82,82,82,82,82,82,82,82],"card_choices":[{"not_picked":["Redo","BootSequence"],"picked":"Fusion","floor":1},{"not_picked":["Stack","Hologram"],"picked":"Consume","floor":2},{"not_picked":["Force Field","Go for the Eyes"],"picked":"Static Discharge","floor":7},{"not_picked":["Rebound","Compile Driver"],"picked":"Leap","floor":12},{"not_picked":["Steam","Redo"],"picked":"Ball Lightning","floor":13},{"not_picked":["Rainbow","All For One"],"picked":"Creative AI","floor":16},{"not_picked":["Storm","Conserve Battery","Sweeping Beam"],"picked":"SKIP","floor":18},{"not_picked":["Sweeping Beam","Doom and Gloom","Sunder"],"picked":"SKIP","floor":19},{"not_picked":["Skim","Conserve Battery"],"picked":"Coolheaded","floor":22},{"not_picked":["FTL","Beam Cell","Scrape"],"picked":"SKIP","floor":24},{"not_picked":["Skim+1","Compile Driver","Cold Snap"],"picked":"SKIP","floor":28}],"player_experience":771555,"relics_obtained":[{"floor":5,"key":"Potion Belt"},{"floor":9,"key":"Regal Pillow"},{"floor":26,"key":"Toxic Egg 2"}],"event_choices":[{"cards_removed":["Strike_B"],"damage_healed":0,"gold_gain":0,"player_choice":"Card Removal","damage_taken":7,"max_hp_gain":0,"max_hp_loss":0,"event_name":"Golden Wing","floor":4,"gold_loss":0},{"damage_healed":25,"gold_gain":0,"player_choice":"Banana","damage_taken":0,"max_hp_gain":0,"max_hp_loss":0,"event_name":"Big Fish","floor":11,"gold_loss":0},{"damage_healed":0,"gold_gain":0,"player_choice":"Success","damage_taken":3,"relics_obtained":["The Courier"],"max_hp_gain":0,"max_hp_loss":0,"event_name":"Scrap Ooze","floor":14,"gold_loss":0},{"damage_healed":0,"gold_gain":0,"player_choice":"Paid Fearfully","damage_taken":0,"max_hp_gain":0,"max_hp_loss":0,"event_name":"Masked Bandits","floor":21,"gold_loss":22},{"damage_healed":0,"gold_gain":0,"player_choice":"Ignored","damage_taken":0,"max_hp_gain":0,"max_hp_loss":0,"event_name":"Vampires","floor":25,"gold_loss":0},{"damage_healed":0,"gold_gain":0,"player_choice":"Ignored","damage_taken":0,"max_hp_gain":0,"max_hp_loss":0,"event_name":"Cursed Tome","floor":29,"gold_loss":0},{"damage_healed":0,"gold_gain":0,"player_choice":"Read","damage_taken":0,"max_hp_gain":0,"max_hp_loss":0,"event_name":"The Library","floor":30,"gold_loss":0,"cards_obtained":["Glacier"]}],"is_beta":false,"boss_relics":[{"not_picked":["SlaversCollar","Pandora\u0027s Box"],"picked":"Nuclear Battery"}],"items_purged_floors":[3],"is_endless":false,"potions_floor_spawned":[12,16,19,28],"killed_by":"Shelled Parasite and Fungi","ascension_level":12}}