{"host":"pl1fbpkom0aq337f","time":1607771601,"event":{"mods":["AchievementEnabler","BaseMod","Colored Map","Marisa????????","Minty Spire (QoL Compilation)"],"gold_per_floor":[113,126,137,137,137,171,171,191,191,191,210,210,228,228,241,241,337,337,352,352,352,376,391,391,137,137,137],"floor_reached":26,"playtime":1023,"items_purged":["MysteriousBeam"],"score":347,"play_id":"5c7c7b7b-2380-472c-895c-0c0b76c556d7","local_time":"20201212121321","is_ascension_mode":true,"campfire_choices":[{"data":"StarBarrage","floor":7,"key":"SMITH"},{"data":"EventHorizon","floor":14,"key":"SMITH"},{"floor":16,"key":"REST"}],"circlet_count":0,"master_deck":["AscendersBane","MasterSpark+1","UpSweep","StarBarrage+1","EventHorizon+1","GrandCross","MagicAbsorber","NonDirectionalLaser","SprinkleStarSeal","FairyDestructionRay","Occultation","EventHorizon","PulseMagic","GrandCross","AsteroidBelt","AsteroidBelt"],"relics":["MiniHakkero","Golden Idol","Kunai","HornCleat","Sundial","Pandora\u0027s Box","MutagenicStrength","Pantograph","TheAbacus"],"acts_visited":["Exordium","TheCity"],"potions_floor_usage":[17,17],"damage_taken":[{"damage":0,"enemies":"Cultist","floor":1,"turns":3},{"damage":0,"enemies":"2 Louse","floor":2,"turns":2},{"damage":7,"enemies":"Jaw Worm","floor":3,"turns":3},{"damage":30,"enemies":"3 Sentries","floor":6,"turns":7},{"damage":12,"enemies":"Looter","floor":8,"turns":3},{"damage":4,"enemies":"3 Louse","floor":11,"turns":2},{"damage":3,"enemies":"Blue Slaver","floor":13,"turns":3},{"damage":10,"enemies":"Exordium Thugs","floor":15,"turns":3},{"damage":28,"enemies":"The Guardian","floor":17,"turns":8},{"damage":10,"enemies":"Shell Parasite","floor":19,"turns":4},{"damage":0,"enemies":"Spheric Guardian","floor":22,"turns":2},{"damage":24,"enemies":"Snake Plant","floor":23,"turns":3},{"damage":26,"enemies":"Gremlin Leader","floor":26,"turns":2}],"seed_played":"8758251442556384672","potions_obtained":[{"floor":1,"key":"Ancient Potion"},{"floor":11,"key":"DistilledChaos"},{"floor":13,"key":"LiquidMemories"}],"is_trial":false,"path_per_floor":["M","M","M","?","?","E","R","M","T","T","M","?","M","R","M","R","B",null,"M","?","?","M","M","?","$","E"],"character_chosen":"MARISA","items_purchased":["AsteroidBelt","TheAbacus"],"campfire_rested":1,"item_purchase_floors":[25,25],"current_hp_per_floor":[75,75,68,68,68,38,38,26,26,26,22,22,19,19,9,31,3,58,48,48,48,48,24,24,24,0,0],"gold":137,"neow_bonus":"TEN_PERCENT_HP_BONUS","is_daily":false,"chose_seed":false,"campfire_upgraded":2,"win_rate":0.0,"timestamp":1607771601,"path_taken":["M","?","M","?","?","E","R","M","T","T","M","?","M","R","M","R","BOSS","M","?","?","?","M","?","?","E"],"items_purchased_type":["Card","Relic"],"build_version":"2020-11-30","purchased_purges":1,"victory":false,"max_hp_per_floor":[82,82,82,82,76,76,76,76,76,76,76,76,76,76,76,76,76,76,76,76,76,76,76,76,76,76,76],"card_choices":[{"not_picked":["EarthLightRay","Occultation","Singularity"],"picked":"SKIP","floor":1},{"not_picked":["OrrerysSun","WitchLeyline"],"picked":"StarBarrage","floor":2},{"not_picked":["6A","MilkyWay"],"picked":"EventHorizon","floor":3},{"not_picked":["GalacticHalo","Acceleration"],"picked":"MysteriousBeam","floor":6},{"not_picked":["EscapeVelocity","Acceleration"],"picked":"GrandCross","floor":8},{"not_picked":["WitchLeyline","6A","RefractionSpark"],"picked":"SKIP","floor":11},{"not_picked":["OpenUniverse","WitchOfGreed"],"picked":"MagicAbsorber","floor":13},{"not_picked":["AlicesGift","IllusionStar","6A"],"picked":"SKIP","floor":15},{"not_picked":["UnstableBomb","Orbital"],"picked":"GrandCross","floor":19},{"not_picked":["LuminesStrike","PowerUp","UnstableBomb"],"picked":"SKIP","floor":22},{"not_picked":["ChargeUpSpray+1","NonDirectionalLaser"],"picked":"AsteroidBelt","floor":23}],"player_experience":445952,"relics_obtained":[{"floor":6,"key":"Kunai"},{"floor":9,"key":"HornCleat"},{"floor":10,"key":"Sundial"}],"event_choices":[{"damage_healed":0,"gold_gain":0,"player_choice":"Grow","damage_taken":0,"max_hp_gain":0,"max_hp_loss":0,"event_name":"Living Wall","floor":4,"gold_loss":0,"cards_upgraded":["MasterSpark"]},{"damage_healed":0,"gold_gain":0,"player_choice":"Lose Max HP","damage_taken":0,"relics_obtained":["Golden Idol"],"max_hp_gain":0,"max_hp_loss":6,"event_name":"Golden Idol","floor":5,"gold_loss":0},{"damage_healed":0,"gold_gain":0,"player_choice":"Ignored","damage_taken":0,"max_hp_gain":0,"max_hp_loss":0,"event_name":"Liars Game","floor":12,"gold_loss":0},{"damage_healed":0,"gold_gain":0,"player_choice":"Inject Mutagens","damage_taken":0,"relics_obtained":["MutagenicStrength"],"max_hp_gain":0,"max_hp_loss":0,"event_name":"Drug Dealer","floor":20,"gold_loss":0},{"cards_removed":["AbsoluteMagnitude"],"damage_healed":0,"gold_gain":0,"player_choice":"Purged","damage_taken":0,"max_hp_gain":0,"max_hp_loss":0,"event_name":"Purifier","floor":21,"gold_loss":0},{"cards_removed":["BlazingStar"],"damage_healed":0,"gold_gain":0,"player_choice":"Gave Card","damage_taken":0,"relics_obtained":["Pantograph"],"max_hp_gain":0,"max_hp_loss":0,"event_name":"WeMeetAgain","floor":24,"gold_loss":0}],"is_beta":false,"boss_relics":[{"not_picked":["Fusion Hammer","Tiny House"],"picked":"Pandora\u0027s Box"}],"items_purged_floors":[25],"is_endless":false,"potions_floor_spawned":[1,11,13,15],"killed_by":"Gremlin Leader","ascension_level":13}}