{"host":"6p0attdrtjqaih7v","time":1607769179,"event":{"mods":["2.2 Compatiblity","AchievementEnabler","Bard","BaseMod","Better Skull","Better Third Choice","Colored Powertips","Hermit","Highlight Path","Jorbs\u0027s Wanderer Trilogy","Key Reminder","Minty Spire (QoL Compilation)","Permanent Neow","Quick Restart","Random Character Button","Relic Stats","Replay The Spire","StSLib","The Construct"],"gold_per_floor":[115,265,13,13,24,24,49,49,49,77,94,94,107,127,127,127,127],"floor_reached":16,"playtime":773,"items_purged":["Doubt"],"score":204,"play_id":"4e72e8a6-93ac-4b05-8106-80fe796b4e52","local_time":"20201212053259","is_ascension_mode":true,"campfire_choices":[{"data":"hermit:Snapshot","floor":6,"key":"SMITH"},{"floor":8,"key":"REST"},{"data":"hermit:CursedWeapon","floor":12,"key":"SMITH"},{"data":"hermit:Horror","floor":15,"key":"SMITH"}],"circlet_count":0,"master_deck":["AscendersBane","hermit:Strike_Hermit","hermit:Strike_Hermit","hermit:Strike_Hermit","hermit:Strike_Hermit","hermit:Defend_Hermit","hermit:Defend_Hermit","hermit:Defend_Hermit","hermit:Defend_Hermit","hermit:Snapshot+1","hermit:Covet","hermit:Deadeye","hermit:Spite","hermit:Determination","hermit:Horror+1","hermit:CursedWeapon+1","hermit:Spite","hermit:GhostlyPresence"],"relics":["hermit:Momento","hermit:RedScarf","Akabeko","Lantern","Gremlin Horn","hermit:Spyglass"],"acts_visited":["Exordium"],"potions_floor_usage":[16,16],"damage_taken":[{"damage":1,"enemies":"Small Slimes","floor":1,"turns":3},{"damage":0,"enemies":"Cultist","floor":5,"turns":2},{"damage":25,"enemies":"Lagavulin","floor":7,"turns":6},{"damage":15,"enemies":"3 Sentries","floor":10,"turns":7},{"damage":2,"enemies":"Jaw Worm","floor":11,"turns":2},{"damage":3,"enemies":"Exordium Thugs","floor":13,"turns":3},{"damage":2,"enemies":"Exordium Wildlife","floor":14,"turns":2},{"damage":22,"enemies":"Hexaghost","floor":16,"turns":9}],"seed_played":"-2776174911253393968","potions_obtained":[{"floor":1,"key":"hermit:Tonic"},{"floor":11,"key":"BlessingOfTheForge"},{"floor":13,"key":"Swift Potion"},{"floor":14,"key":"Strength Potion"}],"is_trial":false,"path_per_floor":["M","?","$","?","M","R","E","R","T","E","M","R","M","M","R","B"],"character_chosen":"HERMIT","items_purchased":["hermit:Deadeye","hermit:Spite"],"campfire_rested":1,"item_purchase_floors":[3,3],"current_hp_per_floor":[45,45,45,45,45,45,20,41,41,26,24,24,21,19,19,0,0],"gold":127,"neow_bonus":"ONE_RARE_RELIC","is_daily":false,"chose_seed":false,"campfire_upgraded":3,"win_rate":0.0,"timestamp":1607769179,"path_taken":["M","?","$","?","M","R","E","R","T","E","M","R","?","M","R","BOSS"],"items_purchased_type":["Card","Card"],"build_version":"2020-11-30","purchased_purges":1,"victory":false,"max_hp_per_floor":[71,71,71,71,71,71,71,71,71,71,71,71,71,71,71,71,71],"relic_stats":{"Gremlin Horn":[4,4],"counters":[8,34],"obtain_stats":[{"Lantern":7,"Gremlin Horn":9,"hermit:RedScarf":0,"hermit:Momento":0,"Akabeko":4,"hermit:Spyglass":10},{"Lantern":3,"Gremlin Horn":3,"hermit:RedScarf":0,"hermit:Momento":0,"Akabeko":1,"hermit:Spyglass":4},{"Lantern":11,"Gremlin Horn":11,"hermit:RedScarf":0,"hermit:Momento":0,"Akabeko":3,"hermit:Spyglass":18}]},"card_choices":[{"not_picked":["hermit:TakeAim","hermit:Glare","hermit:Coalescence"],"picked":"SKIP","floor":1},{"not_picked":["hermit:SprayPray","hermit:Virtue"],"picked":"hermit:Determination","floor":5},{"not_picked":["hermit:ItchyTrigger","hermit:Dive"],"picked":"hermit:Horror","floor":7},{"not_picked":["hermit:ItchyTrigger","hermit:RoundhouseKick"],"picked":"hermit:CursedWeapon","floor":10},{"not_picked":["hermit:Desperado","hermit:Scavenge"],"picked":"hermit:Spite","floor":11},{"not_picked":["hermit:BigShot","hermit:Enervate","hermit:ItchyTrigger"],"picked":"SKIP","floor":13},{"not_picked":["hermit:Misfire","hermit:SprayPray"],"picked":"hermit:GhostlyPresence","floor":14}],"player_experience":827597,"relics_obtained":[{"floor":7,"key":"Lantern"},{"floor":9,"key":"Gremlin Horn"},{"floor":10,"key":"hermit:Spyglass"}],"event_choices":[{"damage_healed":0,"gold_gain":150,"player_choice":"AGREE","damage_taken":0,"max_hp_gain":0,"max_hp_loss":0,"event_name":"Liars Game","floor":2,"gold_loss":0,"cards_obtained":["Doubt"]},{"damage_healed":0,"gold_gain":0,"player_choice":"Gave Potion","damage_taken":0,"relics_obtained":["Akabeko"],"max_hp_gain":0,"max_hp_loss":0,"event_name":"WeMeetAgain","floor":4,"gold_loss":0}],"is_beta":false,"boss_relics":[],"items_purged_floors":[3],"is_endless":false,"potions_floor_spawned":[1,11,13,14],"killed_by":"Hexaghost","ascension_level":17}}