{"host":"tehwqczjgu3fth90","time":1607740165,"event":{"mods":["AchievementEnabler","BaseMod","BetterRewards","Colored Powertips","Highlight Path","Infinite Spire","Minty Spire (QoL Compilation)","Shop Mod","StSLib","The Bug Knight","The Runesmith","vexMod"],"gold_per_floor":[119,136,136,148,168,168,186,186,212,212,222,222,232,153,153,254,254,267,280,299,299,142,142,142,142,165,180,180,195,207,219,219,219,219],"floor_reached":33,"playtime":2044,"items_purged":[],"score":293,"play_id":"f283c37e-bb79-4fae-907f-c08970685e45","local_time":"20201211202925","is_ascension_mode":false,"campfire_choices":[{"floor":6,"key":"REST"},{"floor":10,"key":"REST"},{"floor":15,"key":"REST"},{"floor":23,"key":"REST"},{"floor":25,"key":"REST"},{"floor":28,"key":"REST"},{"floor":32,"key":"REST"}],"circlet_count":0,"master_deck":["Strike_R","Strike_R","Strike_R","Strike_R","Strike_R","Defend_R","Defend_R","Defend_R","Defend_R","Bash","Twin Strike","Armaments","infinitespire:Starlight","Pommel Strike","Twin Strike","Twin Strike","Inflame","Shrug It Off","Feed","Pummel","Searing Blow","Twin Strike+1","Entrench","Twin Strike","infinitespire:SevenWalls","Flex+1","Intimidate","Anger","Pommel Strike","Inflame","Disarm"],"relics":["Black Blood","Dream Catcher","Nloth\u0027s Gift","Strawberry","Centennial Puzzle"],"acts_visited":["Exordium","TheCity"],"potions_floor_usage":[2,16,16,19,29,33],"damage_taken":[{"damage":1,"enemies":"Cultist","floor":1,"turns":4},{"damage":6,"enemies":"2 Louse","floor":2,"turns":4},{"damage":13,"enemies":"Jaw Worm","floor":4,"turns":4},{"damage":10,"enemies":"Looter","floor":5,"turns":3},{"damage":34,"enemies":"Exordium Thugs","floor":7,"turns":6},{"damage":7,"enemies":"3 Louse","floor":11,"turns":4},{"damage":11,"enemies":"Large Slime","floor":13,"turns":4},{"damage":78,"enemies":"The Guardian","floor":16,"turns":18},{"damage":25,"enemies":"Spheric Guardian","floor":18,"turns":4},{"damage":61,"enemies":"Shell Parasite","floor":19,"turns":8},{"damage":21,"enemies":"Centurion and Healer","floor":20,"turns":7},{"damage":38,"enemies":"Shelled Parasite and Fungi","floor":27,"turns":5},{"damage":31,"enemies":"Snecko","floor":29,"turns":5},{"damage":33,"enemies":"Snake Plant","floor":30,"turns":5},{"damage":7,"enemies":"Centurion and Healer","floor":31,"turns":5},{"damage":158,"enemies":"Collector","floor":33,"turns":7}],"seed_played":"-5336681682909509362","potions_obtained":[{"floor":1,"key":"SteroidPotion"},{"floor":2,"key":"Fruit Juice"},{"floor":7,"key":"BlessingOfTheForge"},{"floor":16,"key":"FairyPotion"},{"floor":18,"key":"Weak Potion"},{"floor":27,"key":"SteroidPotion"},{"floor":31,"key":"ColorlessPotion"}],"is_trial":false,"path_per_floor":["M","M","?","M","M","R","M","$","T","R","M","?","M","$","R","B",null,"M","M","M","?","$","R","AVR","R","T","M","R","M","M","M","R","B"],"character_chosen":"IRONCLAD","items_purchased":["Feed","Strawberry"],"campfire_rested":7,"item_purchase_floors":[14,22],"current_hp_per_floor":[80,85,64,67,78,85,67,67,67,85,84,84,79,79,85,23,85,72,36,40,40,47,76,76,98,98,72,98,82,71,76,101,0,0],"gold":219,"neow_bonus":"RANDOM_COMMON_RELIC","is_daily":false,"chose_seed":false,"campfire_upgraded":0,"win_rate":0.0,"timestamp":1607740165,"path_taken":["M","?","?","M","M","R","M","$","T","R","M","?","M","?","R","BOSS","M","M","M","?","?","R","AVR","R","T","M","R","M","M","M","R","BOSS"],"items_purchased_type":["Card","Relic"],"build_version":"2020-11-30","purchased_purges":0,"victory":false,"max_hp_per_floor":[80,85,85,85,85,85,85,85,85,85,85,85,85,85,85,85,85,85,88,91,91,98,98,98,98,98,98,98,101,101,101,101,101,101],"card_choices":[{"not_picked":["Heavy Blade","Clash"],"picked":"Twin Strike","floor":1},{"not_picked":["Power Through","Flame Barrier"],"picked":"Armaments","floor":2},{"not_picked":["infinitespire:Punishment","infinitespire:Menacing"],"picked":"infinitespire:Starlight","floor":3},{"not_picked":["Dropkick","Corruption"],"picked":"Pommel Strike","floor":4},{"not_picked":["Combust","Perfected Strike","Body Slam"],"picked":"SKIP","floor":5},{"not_picked":["Spot Weakness","Clash"],"picked":"Twin Strike","floor":7},{"not_picked":["Rage","Disarm"],"picked":"Twin Strike","floor":10},{"not_picked":["Flex","True Grit"],"picked":"Inflame","floor":11},{"not_picked":["Reckless Charge","Clothesline"],"picked":"Shrug It Off","floor":13},{"not_picked":["Headbutt","Body Slam"],"picked":"Pummel","floor":15},{"not_picked":["Perfected Strike","Reckless Charge"],"picked":"Searing Blow","floor":18},{"not_picked":["Clothesline","Thunderclap"],"picked":"Twin Strike+1","floor":19},{"not_picked":["Metallicize+1","Sever Soul"],"picked":"Entrench","floor":20},{"not_picked":["Havoc","Shrug It Off"],"picked":"Twin Strike","floor":23},{"not_picked":["Sentinel","Blood for Blood"],"picked":"Flex+1","floor":25},{"not_picked":["Searing Blow","Limit Break"],"picked":"Intimidate","floor":27},{"not_picked":["Entrench","Blood for Blood+1"],"picked":"Anger","floor":28},{"not_picked":["Headbutt","Body Slam"],"picked":"Pommel Strike","floor":29},{"not_picked":["Bloodletting","Cleave"],"picked":"Inflame","floor":30},{"not_picked":["Iron Wave","Perfected Strike+1"],"picked":"Disarm","floor":31}],"player_experience":474816,"relics_obtained":[{"floor":9,"key":"Dream Catcher"},{"floor":26,"key":"Centennial Puzzle"}],"event_choices":[{"damage_healed":0,"gold_gain":0,"player_choice":"Ignored","damage_taken":0,"max_hp_gain":0,"max_hp_loss":0,"event_name":"Liars Game","floor":12,"gold_loss":0},{"damage_healed":0,"gold_gain":0,"player_choice":"Traded Relic","damage_taken":0,"relics_obtained":["Nloth\u0027s Gift"],"max_hp_gain":0,"max_hp_loss":0,"event_name":"N\u0027loth","floor":21,"relics_lost":["Ancient Tea Set"],"gold_loss":0}],"is_beta":false,"boss_relics":[{"not_picked":["Snecko Eye","vexMod:RockOfEvil"],"picked":"Black Blood"}],"items_purged_floors":[],"is_endless":false,"potions_floor_spawned":[1,2,7,16,18,27,31],"killed_by":"Collector","ascension_level":0}}