{"host":"htrf3ac8hcpiz3aq","time":1607748772,"event":{"mods":["Act Like it!","BaseMod","Colored Map","Colored Powertips","Highlight Path","Marisa£®ÏF”Í°°ƒß¿Ì…≥£©","Minty Spire (QoL Compilation)","Reimu£®≤©¿ˆ¡È√Œ£©","Replay The Spire","StSLib"],"gold_per_floor":[115,95,58,68,86,119,119,152,226,226,246,279,279,298,298,298,298],"floor_reached":16,"playtime":337,"items_purged":[],"score":240,"play_id":"aefbfc24-5567-4c4e-8255-7e2b6a7a61ab","local_time":"20201212125252","is_ascension_mode":true,"campfire_choices":[{"floor":7,"key":"REST"},{"floor":10,"key":"REST"},{"floor":15,"key":"REST"}],"circlet_count":0,"master_deck":["AscendersBane","Strike_R","Strike_R","Strike_R","Strike_R","Strike_R","Defend_R","Defend_R","Defend_R","Bash","ReplayTheSpireMod:LeadingStrike","Fire Breathing","Heavy Blade","Clash","Limit Break","ReplayTheSpireMod:Limb From Limb","Uppercut","Infernal Blade+1","Metallicize"],"relics":["Burning Blood","Shovel","Bag of Preparation","Matryoshka","Omamori"],"acts_visited":["Exordium"],"potions_floor_usage":[6,14],"damage_taken":[{"damage":9,"enemies":"2 Louse","floor":1,"turns":3},{"damage":7,"enemies":"Cultist","floor":4,"turns":4},{"damage":19,"enemies":"Jaw Worm","floor":5,"turns":4},{"damage":15,"enemies":"3 Sentries","floor":6,"turns":4},{"damage":59,"enemies":"Gremlin Nob","floor":8,"turns":5},{"damage":0,"enemies":"Large Slime","floor":11,"turns":4},{"damage":30,"enemies":"Lagavulin","floor":12,"turns":6},{"damage":8,"enemies":"Blue Slaver","floor":14,"turns":3},{"damage":0,"enemies":"Hexaghost","floor":16,"turns":2}],"seed_played":"7336865050307330266","potions_obtained":[{"floor":1,"key":"ZuzhouPotion:ReiMu"},{"floor":2,"key":"SneckoOil"},{"floor":4,"key":"Elixir"},{"floor":14,"key":"Swift Potion"}],"is_trial":false,"path_per_floor":["M","?","$","M","M","E","R","E","T","R","M","E","?","M","R","B"],"character_chosen":"IRONCLAD","items_purchased":["Fire Breathing"],"campfire_rested":3,"item_purchase_floors":[3],"current_hp_per_floor":[72,72,72,71,58,49,73,20,20,44,50,26,26,24,48,48,48],"gold":298,"neow_bonus":"TEN_PERCENT_HP_BONUS","is_daily":false,"chose_seed":false,"campfire_upgraded":0,"win_rate":0.0,"timestamp":1607748772,"path_taken":["M","?","$","M","M","E","R","E","T","R","?","E","?","M","R","BOSS"],"items_purchased_type":["Card"],"build_version":"2020-11-30","purchased_purges":0,"victory":false,"max_hp_per_floor":[82,82,82,82,82,82,82,82,82,82,82,82,82,82,82,82,82],"card_choices":[{"not_picked":["Headbutt","Thunderclap"],"picked":"ReplayTheSpireMod:LeadingStrike","floor":1},{"not_picked":["ReplayTheSpireMod:Stacked","Thunderclap"],"picked":"Heavy Blade","floor":4},{"not_picked":["ReplayTheSpireMod:Stacked","Warcry"],"picked":"Clash","floor":5},{"not_picked":["Ghostly Armor","Perfected Strike"],"picked":"Limit Break","floor":6},{"not_picked":["Wild Strike","Metallicize"],"picked":"ReplayTheSpireMod:Limb From Limb","floor":8},{"not_picked":["Whirlwind","Headbutt"],"picked":"Uppercut","floor":11},{"not_picked":["Replay:Undeath\u0027s Touch","True Grit","Whirlwind"],"picked":"SKIP","floor":12},{"not_picked":["Clash","Heavy Blade"],"picked":"Metallicize","floor":14}],"player_experience":458327,"relics_obtained":[{"floor":6,"key":"Shovel"},{"floor":8,"key":"Bag of Preparation"},{"floor":9,"key":"Matryoshka"},{"floor":12,"key":"Omamori"}],"event_choices":[{"damage_healed":0,"gold_gain":0,"player_choice":"Bought 1 Potion","damage_taken":0,"max_hp_gain":0,"max_hp_loss":0,"event_name":"The Woman in Blue","floor":2,"gold_loss":0}],"is_beta":false,"boss_relics":[],"items_purged_floors":[],"is_endless":false,"potions_floor_spawned":[1,4,14],"killed_by":"Hexaghost","ascension_level":20}}