{"host":"f1yp41yk4w46r4xn","time":1607744363,"event":{"mods":["AchievementEnabler","Act Like it!","BaseMod","BetterRewards","Block Reminder","Conspire","Downfall","GifTheSpireLib","Highlight Path","Hubris","Infinite Spire","Jedi Mod","Minty Spire (QoL Compilation)","Pale of the Ancients","Replay The Spire","StSLib","Stuff the Spire"],"gold_per_floor":[119,132,142,176,176,176,208,208,257,257,275,350,350,366,366,563,613,627,627,627,627],"floor_reached":20,"playtime":1936,"items_purged":[],"score":189,"play_id":"78d421de-f204-48d3-aea4-1a897ac40b61","local_time":"20201212013923","is_ascension_mode":true,"campfire_choices":[{"data":"ReplayTheSpireMod:Brewmster","floor":6.0,"key":"SMITH"},{"floor":8.0,"key":"REST"},{"floor":13.0,"key":"REST"},{"floor":15.0,"key":"REST"}],"circlet_count":0,"master_deck":["Defend_P","Defend_P","Defend_P","Defend_P","Eruption","Vigilance","ReplayTheSpireMod:Brewmster+1","WheelKick","TalkToTheHand","Consecrate","ClearTheMind","ConjureBlade","Tantrum","FlurryOfBlows","FearNoEvil","jedi:nirvanicrebirth+1","Perseverance","Replay:DivineShield","Wallop","Brilliance"],"relics":["PureWater","Replay:PocketPolymizer","hubris:BundleOfHerbs","hubris:OldNail","hubris:Icosahedron","Ice Cream","StuffTheSpire:Mouthbags","ReplayFunnel","Tiny House"],"acts_visited":["Exordium","TheCity"],"potions_floor_usage":[18,18,18,18],"damage_taken":[{"damage":5.0,"enemies":"Small Slimes","floor":1.0,"turns":3.0},{"damage":1.0,"enemies":"2 Louse","floor":2.0,"turns":3.0},{"damage":0.0,"enemies":"Jaw Worm","floor":3.0,"turns":4.0},{"damage":18.0,"enemies":"conspire:MimicChest","floor":4.0,"turns":6.0},{"damage":15.0,"enemies":"3 Sentries","floor":7.0,"turns":8.0},{"damage":9.0,"enemies":"Exordium Thugs","floor":11.0,"turns":4.0},{"damage":23.0,"enemies":"Gremlin Gang","floor":14.0,"turns":6.0},{"damage":4.0,"enemies":"Hexaghost","floor":16.0,"turns":8.0},{"damage":9,"enemies":"Chosen","floor":18,"turns":5},{"damage":0,"enemies":"conspire:FuzzyDice","floor":20,"turns":1}],"seed_played":"2913782823013417304","potions_obtained":[{"floor":1.0,"key":"PowerPotion"},{"floor":2.0,"key":"PowerPotion"},{"floor":11.0,"key":"Fruit Juice"}],"is_trial":false,"path_per_floor":["M","M","M","?","?","R","E","R","T","?","M","?","R","M","R","B",null,"M","?","M"],"character_chosen":"WATCHER","items_purchased":["ReplayTheSpireMod:Brewmster","hubris:BundleOfHerbs","WheelKick"],"campfire_rested":3,"item_purchase_floors":[0,0,0],"current_hp_per_floor":[35,34,34,34,34,34,19,40,40,33,29,18,41,18,41,51,82,73,73,73,73],"gold":627,"neow_bonus":"","is_daily":false,"chose_seed":false,"campfire_upgraded":1,"win_rate":0.0,"timestamp":1607744363,"path_taken":["M","M","M","?","?","R","E","R","T","?","M","?","R","?","R","BOSS","M","?","?"],"items_purchased_type":["Card","Relic","Card"],"build_version":"2020-11-30","purchased_purges":0,"victory":false,"max_hp_per_floor":[72,72,72,72,72,72,72,72,72,72,77,77,77,77,77,77,82,82,82,82,82],"card_choices":[{"not_picked":["ForeignInfluence","Adaptation"],"picked":"TalkToTheHand","floor":1.0},{"not_picked":["Replay:AtTheReady","EmptyMind"],"picked":"Consecrate","floor":2.0},{"not_picked":["Collect","Replay:ManipulateFuture"],"picked":"ClearTheMind","floor":3.0},{"not_picked":["WreathOfFlame","FlyingSleeves"],"picked":"Perseverance","floor":4.0},{"not_picked":["FlyingSleeves","WreathOfFlame","Replay:Cycle"],"picked":"SKIP","floor":7.0},{"not_picked":["Meditate","Replay:BluntJabs","CutThroughFate"],"picked":"SKIP","floor":11.0},{"not_picked":["Scrawl","Fasting2","CrushJoints"],"picked":"SKIP","floor":14.0},{"not_picked":["Scrawl","Omniscience"],"picked":"jedi:nirvanicrebirth","floor":16.0},{"not_picked":["Replay:ManipulateFuture","CutThroughFate"],"picked":"Replay:DivineShield","floor":17},{"not_picked":["ThirdEye+1","BowlingBash"],"picked":"Wallop","floor":18}],"player_experience":196225,"relics_obtained":[{"floor":4.0,"key":"hubris:OldNail"},{"floor":7.0,"key":"Ice Cream"},{"floor":9.0,"key":"StuffTheSpire:Mouthbags"}],"event_choices":[{"damage_healed":0.0,"max_hp_gain":0.0,"max_hp_loss":0.0,"gold_gain":0.0,"event_name":"Scrap Ooze","player_choice":"Success","floor":10.0,"gold_loss":0.0,"damage_taken":7.0,"relics_obtained":["ReplayFunnel"]},{"damage_healed":0.0,"max_hp_gain":0.0,"max_hp_loss":0.0,"gold_gain":75.0,"event_name":"World of Goop","player_choice":"Gather Gold","floor":12.0,"gold_loss":0.0,"damage_taken":11.0},{"damage_healed":0,"gold_gain":0,"player_choice":"1 cards matched","damage_taken":0,"max_hp_gain":0,"max_hp_loss":0,"event_name":"Match and Keep!","floor":19,"gold_loss":0,"cards_obtained":["Brilliance"]}],"is_beta":false,"boss_relics":[{"not_picked":["conspire:SeveredTorchhead","hubris:VirtuousBlindfold"],"picked":"Tiny House"}],"items_purged_floors":[],"is_endless":false,"potions_floor_spawned":[1,2,7,11,14],"killed_by":"conspire:FuzzyDice","ascension_level":2}}