{"host":"xd92u7alcwi518yp","time":1607754748,"event":{"mods":["Aspiration","BaseMod","BetterRewards","Colored Map","Colored Powertips","Hubris","Minty Spire (QoL Compilation)","Quick Restart","StSLib"],"gold_per_floor":[114,130,144,154,171,203,217,217,217,217,234,234,245,280,280,280,280],"floor_reached":16,"playtime":1090,"items_purged":[],"score":116,"play_id":"fb1e28f4-e702-49bc-82a1-a44775a0d7bb","local_time":"20201211223228","is_ascension_mode":false,"campfire_choices":[{"data":"Armaments","floor":8,"key":"SMITH"},{"data":"Infernal Blade","floor":12,"key":"SMITH"},{"floor":15,"key":"RECALL"}],"circlet_count":0,"master_deck":["Strike_R","Strike_R","Strike_R","Strike_R","Strike_R","Defend_R","Defend_R+1","Defend_R","Defend_R","Bash","Armaments+1","Body Slam","Twin Strike+1","Headbutt","Twin Strike","Cleave","Infernal Blade+1","Thunderclap","Battle Trance"],"relics":["Burning Blood","Lantern","Charon\u0027s Ashes","Sundial"],"acts_visited":["Exordium"],"potions_floor_usage":[5,7,16],"damage_taken":[{"damage":1,"enemies":"Jaw Worm","floor":1,"turns":3},{"damage":1,"enemies":"2 Louse","floor":2,"turns":3},{"damage":2,"enemies":"Small Slimes","floor":3,"turns":4},{"damage":2,"enemies":"3 Louse","floor":4,"turns":4},{"damage":0,"enemies":"2 Fungi Beasts","floor":5,"turns":2},{"damage":17,"enemies":"Gremlin Nob","floor":6,"turns":4},{"damage":0,"enemies":"Lots of Slimes","floor":7,"turns":2},{"damage":0,"enemies":"Exordium Wildlife","floor":11,"turns":3},{"damage":0,"enemies":"Looter","floor":13,"turns":2},{"damage":27,"enemies":"Lagavulin","floor":14,"turns":4},{"damage":67,"enemies":"Hexaghost","floor":16,"turns":10}],"seed_played":"-803269371628471900","potions_obtained":[{"floor":1,"key":"ColorlessPotion"},{"floor":2,"key":"Fire Potion"},{"floor":11,"key":"SpeedPotion"},{"floor":14,"key":"BloodPotion"}],"is_trial":false,"path_per_floor":["M","M","M","M","M","E","M","R","T","?","M","R","M","E","R","B"],"character_chosen":"IRONCLAD","items_purchased":[],"campfire_rested":0,"item_purchase_floors":[],"current_hp_per_floor":[80,80,80,80,80,69,75,75,75,59,65,65,71,50,50,0,0],"gold":280,"neow_bonus":"RANDOM_COMMON_RELIC","is_daily":false,"chose_seed":false,"campfire_upgraded":2,"win_rate":0.0,"timestamp":1607754748,"path_taken":["M","M","M","M","M","E","M","R","T","?","M","R","M","E","R","BOSS"],"items_purchased_type":[],"build_version":"2020-11-30","purchased_purges":0,"victory":false,"max_hp_per_floor":[80,80,80,80,80,80,80,80,80,80,80,80,80,80,80,80,80],"card_choices":[{"not_picked":["Carnage","Flame Barrier"],"picked":"Armaments","floor":1},{"not_picked":["Reckless Charge","Warcry"],"picked":"Body Slam","floor":2},{"not_picked":["Warcry","Clash"],"picked":"Twin Strike","floor":3},{"not_picked":["Dark Embrace","Havoc"],"picked":"Headbutt","floor":4},{"not_picked":["Sever Soul","Reckless Charge"],"picked":"Twin Strike","floor":5},{"not_picked":["Hemokinesis","Power Through","Sentinel"],"picked":"SKIP","floor":6},{"not_picked":["Wild Strike","Flame Barrier"],"picked":"Cleave","floor":7},{"not_picked":["Armaments","Pummel"],"picked":"Infernal Blade","floor":11},{"not_picked":["Wild Strike","Feel No Pain"],"picked":"Thunderclap","floor":13},{"not_picked":["Hemokinesis","hubris:SharpeningStone"],"picked":"Battle Trance","floor":14}],"player_experience":307037,"relics_obtained":[{"floor":6,"key":"Charon\u0027s Ashes"},{"floor":14,"key":"Sundial"}],"event_choices":[{"damage_healed":0,"gold_gain":0,"player_choice":"Entered Light","damage_taken":16,"max_hp_gain":0,"max_hp_loss":0,"event_name":"Shining Light","floor":10,"gold_loss":0,"cards_upgraded":["Defend_R","Twin Strike"]}],"is_beta":false,"boss_relics":[],"items_purged_floors":[],"is_endless":false,"potions_floor_spawned":[1,2,11,14],"killed_by":"Hexaghost","ascension_level":0}}