{"host":"npubv26u89aif4fa","time":1607763913,"event":{"mods":["Bard","BaseMod","Better Vampires","Colored Powertips","GifTheSpireLib","GungeonMod","Hubris","Luminous","Marisa£®ÏF”Í°°ƒß¿Ì…≥£©","Minty Spire (QoL Compilation)","Reimu£®≤©¿ˆ¡È√Œ£©","Remilia£®¿Ÿ√◊¿Ú—«£©","Replay The Spire","StSLib","Td1madao Mod","The Bug Knight","The Construct","The Cursed","The Hierophant","The Runesmith","Youmu£®ªÍ∆«—˝√Œ£©","[µÿæ´ ◊¡Ï≈¿À˛]The Maniac"],"gold_per_floor":[119,134,134,147,161,192,192,192,192,226,245,245,245],"floor_reached":12,"playtime":1011,"items_purged":[],"score":115,"play_id":"2e7b7e7b-b6b8-4c57-8ce8-8bb14a30ae7d","local_time":"20201212170512","is_ascension_mode":false,"campfire_choices":[{"data":"construct:ModeShift","floor":8,"key":"SMITH"}],"circlet_count":0,"master_deck":["construct:Strike_Gold","construct:Strike_Gold","construct:Strike_Gold","construct:Strike_Gold","construct:Defend_Gold","construct:Defend_Gold","construct:Defend_Gold","construct:Defend_Gold","construct:Defend_Gold","construct:AttackMode","construct:DefenseMode","construct:ModeShift+1","construct:SuppressiveFire","construct:LongRangeLance","construct:ShiftGuard","construct:Missile","construct:Synchronize","construct:FlakBarrage"],"relics":["construct:Cogwheel","Replay:Mystery Machine","Pear","MealTicket","ReplayTheSpireMod:Shallot"],"acts_visited":["Exordium"],"potions_floor_usage":[],"damage_taken":[{"damage":0,"enemies":"Small Slimes","floor":1,"turns":3},{"damage":0,"enemies":"Cultist","floor":2,"turns":4},{"damage":4,"enemies":"Jaw Worm","floor":4,"turns":5},{"damage":7,"enemies":"3 Louse","floor":5,"turns":4},{"damage":42,"enemies":"Gremlin Nob","floor":6,"turns":5},{"damage":12,"enemies":"Lagavulin","floor":10,"turns":11},{"damage":13,"enemies":"Exordium Thugs","floor":11,"turns":4},{"damage":29,"enemies":"Gremlin Nob","floor":12,"turns":5}],"seed_played":"-7015152347774121652","potions_obtained":[{"floor":5,"key":"ZuzhouPotion:ReiMu"},{"floor":10,"key":"Elixir"}],"is_trial":false,"path_per_floor":["M","M","?","M","M","E","T","R","T","E","M","E"],"character_chosen":"THE_CONSTRUCT_MOD","items_purchased":[],"campfire_rested":0,"item_purchase_floors":[],"current_hp_per_floor":[93,93,93,89,82,40,50,50,50,38,25,0,0],"gold":245,"neow_bonus":"TEN_PERCENT_HP_BONUS","is_daily":false,"chose_seed":false,"campfire_upgraded":1,"win_rate":0.0,"timestamp":1607763912,"path_taken":["M","M","?","?","?","E","?","R","T","E","M","E"],"items_purchased_type":[],"build_version":"2020-11-30","purchased_purges":0,"victory":false,"max_hp_per_floor":[93,93,93,93,93,93,103,103,103,103,103,103,103],"card_choices":[{"not_picked":["construct:HeavyBolt","construct:Impenetrable"],"picked":"construct:ModeShift","floor":1},{"not_picked":["construct:Anticipate","construct:SweepLaser"],"picked":"construct:SuppressiveFire","floor":2},{"not_picked":["construct:FlakBarrage","construct:ClusterMines"],"picked":"construct:LongRangeLance","floor":4},{"not_picked":["construct:SuppressiveFire","construct:Reinforce"],"picked":"construct:ShiftGuard","floor":5},{"not_picked":["construct:ShiftingStance","construct:ShiftStrike"],"picked":"construct:Missile","floor":6},{"not_picked":["construct:Autoturret","construct:ShiftGuard"],"picked":"construct:Synchronize","floor":10},{"not_picked":["construct:ScrapCannon","construct:ModeShift"],"picked":"construct:FlakBarrage","floor":11}],"player_experience":30021,"relics_obtained":[{"floor":6,"key":"Replay:Mystery Machine"},{"floor":7,"key":"Pear"},{"floor":9,"key":"MealTicket"},{"floor":10,"key":"ReplayTheSpireMod:Shallot"}],"event_choices":[{"cards_removed":["construct:Strike_Gold"],"damage_healed":0,"gold_gain":0,"player_choice":"Purged","damage_taken":0,"max_hp_gain":0,"max_hp_loss":0,"event_name":"Purifier","floor":3,"gold_loss":0}],"is_beta":false,"boss_relics":[],"items_purged_floors":[],"is_endless":false,"potions_floor_spawned":[5,10],"killed_by":"Gremlin Nob","ascension_level":0}}