{"host":"is2s59edl8twrhoj","time":1607786853,"event":{"mods":["BaseMod","Colored Map","Colored Powertips","DeckTracker","Minty Spire (QoL Compilation)","StSLib"],"gold_per_floor":[20,35,55,65,75,75,104,104,180,8,37,47,47,64,64,137,137,149,161,174,185,185,185,220,231,256,206,223,247,247,264,264,337,337,348,348,368,65,76,109,109,109],"floor_reached":41,"playtime":2339,"items_purged":["Bite","Dagger Spray+1"],"score":805,"play_id":"bfa58725-f7a7-48e7-a09b-92c63143dd3c","local_time":"20201212152733","is_ascension_mode":true,"campfire_choices":[{"data":"Dagger Spray","floor":6,"key":"SMITH"},{"data":"Neutralize","floor":8,"key":"SMITH"},{"floor":15,"key":"REST"},{"data":"Apotheosis","floor":23,"key":"SMITH"},{"data":"Noxious Fumes","floor":32,"key":"SMITH"}],"circlet_count":0,"master_deck":["AscendersBane","Defend_G","Defend_G","Defend_G","Defend_G","Survivor","Neutralize+1","Prepared","Footwork","Poisoned Stab","Poisoned Stab","Apotheosis+1","Calculated Gamble","Backflip","Tools of the Trade","Catalyst","Bite","Bite","Bite","Bite","A Thousand Cuts","Noxious Fumes+1","Poisoned Stab","The Bomb"],"relics":["Ring of the Snake","Centennial Puzzle","Pantograph","TungstenRod","Smiling Mask","Coffee Dripper","Regal Pillow","Bronze Scales","Omamori","Unceasing Top","HoveringKite","Shuriken"],"acts_visited":["Exordium","TheCity","TheBeyond"],"potions_floor_usage":[11,12,16,24,33,40,40,41],"damage_taken":[{"damage":0,"enemies":"2 Louse","floor":1,"turns":3},{"damage":2,"enemies":"Cultist","floor":2,"turns":4},{"damage":0,"enemies":"Jaw Worm","floor":3,"turns":4},{"damage":0,"enemies":"3 Louse","floor":4,"turns":5},{"damage":4,"enemies":"Exordium Wildlife","floor":5,"turns":4},{"damage":22,"enemies":"Gremlin Nob","floor":7,"turns":5},{"damage":5,"enemies":"Lagavulin","floor":11,"turns":5},{"damage":7,"enemies":"Gremlin Gang","floor":12,"turns":6},{"damage":7,"enemies":"Looter","floor":14,"turns":3},{"damage":10,"enemies":"The Guardian","floor":16,"turns":10},{"damage":0,"enemies":"Chosen","floor":18,"turns":5},{"damage":0,"enemies":"3 Byrds","floor":19,"turns":5},{"damage":21,"enemies":"Snake Plant","floor":20,"turns":3},{"damage":11,"enemies":"Shelled Parasite and Fungi","floor":21,"turns":6},{"damage":17,"enemies":"Slavers","floor":24,"turns":10},{"damage":9,"enemies":"Cultist and Chosen","floor":25,"turns":7},{"damage":24,"enemies":"Sentry and Sphere","floor":28,"turns":5},{"damage":2,"enemies":"Chosen and Byrds","floor":31,"turns":4},{"damage":31,"enemies":"Collector","floor":33,"turns":7},{"damage":11,"enemies":"Orb Walker","floor":35,"turns":4},{"damage":0,"enemies":"3 Shapes","floor":37,"turns":5},{"damage":5,"enemies":"Writhing Mass","floor":39,"turns":5},{"damage":40,"enemies":"Reptomancer","floor":40,"turns":6},{"damage":21,"enemies":"Jaw Worm Horde","floor":41,"turns":2}],"seed_played":"-2061317721323780075","potions_obtained":[{"floor":1,"key":"FearPotion"},{"floor":2,"key":"GhostInAJar"},{"floor":14,"key":"Poison Potion"},{"floor":16,"key":"Dexterity Potion"},{"floor":18,"key":"Strength Potion"},{"floor":33,"key":"EssenceOfSteel"},{"floor":40,"key":"PowerPotion"}],"is_trial":false,"path_per_floor":["M","M","M","M","M","R","E","R","T","$","E","M","?","M","R","B",null,"M","M","M","M","?","R","E","M","T","$","M","T","?","M","R","B",null,"M","?","M","$","M","E","M"],"character_chosen":"THE_SILENT","items_purchased":["Apotheosis","The Bomb","EssenceOfSteel"],"campfire_rested":1,"item_purchase_floors":[10,38,38],"current_hp_per_floor":[59,57,57,57,53,53,31,31,31,31,26,19,19,12,31,46,61,61,61,40,29,29,29,45,46,46,46,34,34,34,41,41,33,43,37,37,43,43,41,13,0,0],"gold":109,"neow_bonus":"REMOVE_TWO","is_daily":false,"chose_seed":false,"campfire_upgraded":4,"win_rate":0.0,"timestamp":1607786853,"path_taken":["M","M","M","M","M","R","E","R","T","$","E","M","?","?","R","BOSS","M","M","M","M","?","R","E","M","T","$","M","?","?","?","R","BOSS","M","?","?","$","M","E","M"],"items_purchased_type":["Card","Card","Potion"],"build_version":"2020-11-30","purchased_purges":2,"victory":false,"max_hp_per_floor":[66,66,66,66,66,66,66,66,66,66,66,66,66,66,66,66,66,66,66,66,66,46,46,46,46,46,46,46,46,46,46,46,46,46,46,46,46,46,46,46,46,46],"card_choices":[{"not_picked":["Choke","Deflect"],"picked":"Dagger Spray","floor":1},{"not_picked":["PiercingWail","Catalyst"],"picked":"Prepared","floor":2},{"not_picked":["Finisher","All Out Attack"],"picked":"Footwork","floor":3},{"not_picked":["Cloak And Dagger","Blade Dance"],"picked":"Dagger Spray","floor":4},{"not_picked":["Night Terror","Deadly Poison"],"picked":"Poisoned Stab","floor":5},{"not_picked":["Sucker Punch","Dagger Spray"],"picked":"Poisoned Stab","floor":7},{"not_picked":["PiercingWail","Unload","Endless Agony"],"picked":"SKIP","floor":11},{"not_picked":["Blade Dance","Acrobatics"],"picked":"Calculated Gamble","floor":12},{"not_picked":["Outmaneuver","Calculated Gamble"],"picked":"Backflip","floor":14},{"not_picked":["Wraith Form v2","Bullet Time"],"picked":"Tools of the Trade","floor":16},{"not_picked":["Deflect","Endless Agony","Prepared"],"picked":"SKIP","floor":18},{"not_picked":["Cloak And Dagger","Backflip+1"],"picked":"Catalyst","floor":19},{"not_picked":["Prepared","Dagger Throw","Underhanded Strike"],"picked":"SKIP","floor":20},{"not_picked":["Prepared","Underhanded Strike","Flying Knee"],"picked":"SKIP","floor":21},{"not_picked":["Sucker Punch","Cloak And Dagger","Masterful Stab"],"picked":"SKIP","floor":24},{"not_picked":["Sucker Punch","Cloak And Dagger","Masterful Stab"],"picked":"SKIP","floor":24},{"not_picked":["Acrobatics","Backstab"],"picked":"A Thousand Cuts","floor":25},{"not_picked":["Prepared","Heel Hook"],"picked":"Noxious Fumes","floor":28},{"not_picked":["PiercingWail","Poisoned Stab","Flying Knee+1"],"picked":"SKIP","floor":31},{"not_picked":["Blade Dance","Backstab","Acrobatics"],"picked":"SKIP","floor":35},{"not_picked":["Deflect","Dodge and Roll+1"],"picked":"Poisoned Stab","floor":37},{"not_picked":["Quick Slash","Concentrate+1","Leg Sweep"],"picked":"SKIP","floor":39},{"not_picked":["Blade Dance+1","Cloak And Dagger","Dagger Throw+1"],"picked":"SKIP","floor":40}],"player_experience":603304,"relics_obtained":[{"floor":7,"key":"Centennial Puzzle"},{"floor":9,"key":"Pantograph"},{"floor":11,"key":"TungstenRod"},{"floor":24,"key":"Regal Pillow"},{"floor":26,"key":"Bronze Scales"},{"floor":29,"key":"Omamori"},{"floor":40,"key":"Shuriken"}],"event_choices":[{"cards_removed":["Dagger Spray"],"damage_healed":0,"gold_gain":0,"player_choice":"Gave Card","damage_taken":0,"relics_obtained":["Smiling Mask"],"max_hp_gain":0,"max_hp_loss":0,"event_name":"WeMeetAgain","floor":13,"gold_loss":0},{"damage_healed":0,"gold_gain":0,"player_choice":"Became a vampire","damage_taken":0,"max_hp_gain":0,"max_hp_loss":20,"event_name":"Vampires","floor":22,"gold_loss":0,"cards_obtained":["Bite","Bite","Bite","Bite","Bite"]},{"damage_healed":0,"gold_gain":0,"player_choice":"Opened","damage_taken":0,"relics_obtained":["Unceasing Top"],"max_hp_gain":0,"max_hp_loss":0,"event_name":"The Mausoleum","floor":30,"gold_loss":0,"cards_obtained":["Writhe"]},{"damage_healed":0,"gold_gain":0,"player_choice":"Ignored","damage_taken":0,"max_hp_gain":0,"max_hp_loss":0,"event_name":"SecretPortal","floor":36,"gold_loss":0}],"is_beta":false,"boss_relics":[{"not_picked":["Philosopher\u0027s Stone","Black Star"],"picked":"Coffee Dripper"},{"not_picked":["Fusion Hammer","Cursed Key"],"picked":"HoveringKite"}],"items_purged_floors":[27,38],"is_endless":false,"potions_floor_spawned":[1,2,14,16,18,20,33,39,40],"killed_by":"Jaw Worm Horde","ascension_level":14}}