{"host":"7zb9v22qptw5vuf6","time":1607768658,"event":{"mods":["BaseMod","Luminous","Marisa（F雨　魔理沙）","Minty Spire (QoL Compilation)","Reimu（博丽灵梦）","Replay The Spire","Say the Spire","StSLib","The Jungle","Yuyuko","【东方二次创作】八云紫mod"],"gold_per_floor":[138,313,326,103,119,152,152,172,172,172,197,197,197,207,207,310,310,326,24,24,24,34,34,34,34,34,61,79,25,42,62,62,180,180,192,209,250,303,314,314,28,46,46,56,56,73,89,104,104,104,104,104,52,87,87],"floor_reached":56,"playtime":3554,"items_purged":["Doubt","Delirium","Delirium"],"score":1008,"play_id":"a89daed9-f222-4d0a-a37a-01cd1c40dd0c","local_time":"20201212182418","is_ascension_mode":false,"campfire_choices":[{"floor":7.0,"key":"REST"},{"data":"Shallow_ocean_purpleEX","floor":10.0,"key":"SMITH"},{"floor":13.0,"key":"REST"},{"floor":15.0,"key":"REST"},{"data":"Monsters_DoubleDeathButterfly_purple","floor":23.0,"key":"SMITH"},{"data":"Mirror_FourBoundary_purple","floor":23.0,"key":"SMITH"},{"data":"Fantasy_PerpetualMotionMachine_purple","floor":25.0,"key":"SMITH"},{"data":"Charmbait_purple","floor":25.0,"key":"SMITH"},{"floor":40.0,"key":"REST"},{"data":"WangLiang_OokamiKakushi_purple","floor":45.0,"key":"SMITH"},{"data":"Fantasy_PerpetualMotionMachine_purple","floor":45.0,"key":"SMITH"},{"floor":49,"key":"RECALL"},{"data":"BarrageBoundary_PipeDream_purple","floor":52,"key":"SMITH"},{"data":"Observe_purple_2","floor":52,"key":"SMITH"}],"circlet_count":0,"master_deck":["AT_purpleEX","AT_purpleEX","AT_purpleEX","AT_purpleEX","Defend_purpleEX","Defend_purpleEX","Defend_purpleEX","Defend_purpleEX","Observe_purple_1","Observe_purple_2+1","Shallow_ocean_purpleEX+1","Mirror_FourBoundary_purple+1","FragmentationRealm_purple","Monsters_DoubleDeathButterfly_purple+1","Charmbait_purple+1","Boundary_LifeAndDeath_purple+1","Doubt","Replay:Sluggish","Mirror_FormAndEmptin_purple+1","Fantasy_PerpetualMotionMachine_purple+1","OmniscientAndOmnipotent_Monster_purple","SharpContractionReality_purple","Shame","Fantasy_PerpetualMotionMachine_purple+1","Mirror_FourBoundary_purple+1","StretchesForeverDream_purple+1","DimensionStaggered_purple+1","WatchEChange_purple+1","WangLiang_OokamiKakushi_purple+1","MNeedle_purple+1","Line_surface_state_purple+1","Fantasy_PerpetualMotionMachine_purple+1","DimensionStaggered_purple+1","Bait_Toxicbait_purple+1","BarrageBoundary_PipeDream_purple+1","Charmbait_purple+1","DimensionStaggered_purple+1","ExternalForce_HighSpeedFlying_purple+1","Mirror_FormAndEmptin_purple+1"],"relics":["Boundary_crack","Memoryfragments_purpleEX","Anchor","Mummified Hand","ReplayTheSpireMod:Shallot","Replay:Ancient Bell","Bag of Preparation","Toxic Egg 2","Replay:Arrowhead","BargainBundle","theJungle:PaperFaux","ReplayTheSpireMod:Ring of Addiction","ReplayTheSpireMod:Ring of Challenge","Potion Belt","White Beast Statue","Shuriken","CaptainsWheel","Replay:Bronze Core","CatCart","Tea:ReiMu","Replay:Bottled Flurry"],"acts_visited":["Exordium","Exordium","TheBeyond","TheEnding"],"potions_floor_usage":[47,54,55,55,55,55,55],"damage_taken":[{"damage":4.0,"enemies":"2 Louse","floor":1.0,"turns":3.0},{"damage":7.0,"enemies":"Small Slimes","floor":3.0,"turns":5.0},{"damage":7.0,"enemies":"Jaw Worm","floor":5.0,"turns":4.0},{"damage":43.0,"enemies":"3 Sentries","floor":6.0,"turns":12.0},{"damage":10.0,"enemies":"2 Fungi Beasts","floor":8.0,"turns":4.0},{"damage":31.0,"enemies":"Gremlin Nob","floor":11.0,"turns":6.0},{"damage":16.0,"enemies":"Exordium Thugs","floor":14.0,"turns":4.0},{"damage":36.0,"enemies":"The Guardian","floor":16.0,"turns":14.0},{"damage":7.0,"enemies":"theJungle:MUSHROOMGANG","floor":18.0,"turns":3.0},{"damage":10.0,"enemies":"Shell Parasite","floor":22.0,"turns":4.0},{"damage":33.0,"enemies":"theJungle:MamaSnecko","floor":27.0,"turns":9.0},{"damage":0.0,"enemies":"theJungle:JungleHuntersEncounter","floor":28.0,"turns":5.0},{"damage":22.0,"enemies":"theJungle:2_Snecko_Cultists","floor":30.0,"turns":3.0},{"damage":0.0,"enemies":"theJungle:Lyon","floor":31.0,"turns":4.0},{"damage":3.0,"enemies":"theJungle:QueenSpyder","floor":33.0,"turns":9.0},{"damage":12.0,"enemies":"3 Shapes","floor":35.0,"turns":6.0},{"damage":11.0,"enemies":"3 Darklings","floor":36.0,"turns":5.0},{"damage":0.0,"enemies":"Spire Growth","floor":37.0,"turns":4.0},{"damage":22.0,"enemies":"Orin","floor":38.0,"turns":9.0},{"damage":0.0,"enemies":"Maw","floor":39.0,"turns":3.0},{"damage":0.0,"enemies":"Transient","floor":42.0,"turns":5.0},{"damage":0.0,"enemies":"Sphere and 2 Shapes","floor":44.0,"turns":3.0},{"damage":0.0,"enemies":"Maw","floor":46.0,"turns":6.0},{"damage":0,"enemies":"Writhing Mass","floor":47,"turns":2},{"damage":0,"enemies":"Sphere and 2 Shapes","floor":48,"turns":1},{"damage":0,"enemies":"Replay:Hell Engine","floor":50,"turns":7},{"damage":20,"enemies":"Shield and Spear","floor":54,"turns":6},{"damage":21,"enemies":"The Heart","floor":55,"turns":6}],"seed_played":"-469392264707467965","potions_obtained":[{"floor":1.0,"key":"Adrenaline Potion"},{"floor":3.0,"key":"Reflective Coating"},{"floor":8.0,"key":"Flashbang"},{"floor":16.0,"key":"SpeedPotion"},{"floor":24.0,"key":"Dexterity Potion"},{"floor":24.0,"key":"Reflective Coating"},{"floor":27.0,"key":"ColorlessPotion"},{"floor":28.0,"key":"SteroidPotion"},{"floor":30.0,"key":"SkillPotion"},{"floor":31.0,"key":"BlessingOfTheForge"},{"floor":33.0,"key":"Swift Potion"},{"floor":35.0,"key":"FearPotion"},{"floor":36.0,"key":"Flashbang"},{"floor":37.0,"key":"Strength Potion"},{"floor":38.0,"key":"Weak Potion"},{"floor":39.0,"key":"Regen Potion"},{"floor":42.0,"key":"GrandPatriotsElixir:ReiMu"},{"floor":44.0,"key":"ColorlessPotion"},{"floor":46.0,"key":"Energy Potion"},{"floor":47,"key":"Weak Potion"},{"floor":48,"key":"Strength Potion"},{"floor":54,"key":"Swift Potion"}],"is_trial":false,"path_per_floor":["M","?","M","$","M","E","R","M","T","R","E","?","R","M","R","B",null,"M","$","?","?","M","R","?","R","T","E","M","$","M","M","R","B",null,"M","M","M","?","M","R","$","M","T","M","R","M","M","M","R","B",null,"R","$","E","B",null],"character_chosen":"Youkari","items_purchased":["Anchor","BargainBundle","Fantasy_PerpetualMotionMachine_purple","OmniscientAndOmnipotent_Monster_purple","SharpContractionReality_purple","Block Potion","GamblersBrew","DimensionStaggered_purple+1","BarrageBoundary_PipeDream_purple","Mirror_FormAndEmptin_purple+1"],"campfire_rested":4,"item_purchase_floors":[4,19,19,19,19,19,19,29,41,53],"current_hp_per_floor":[74,74,68,68,63,24,47,39,39,39,9,9,32,17,40,4,77,71,71,71,73,63,63,63,63,63,32,33,33,15,19,41,39,75,64,54,57,36,36,57,57,57,57,58,58,58,58,59,59,60,67,67,67,48,45],"gold":87,"neow_bonus":"TEN_PERCENT_HP_BONUS","is_daily":false,"chose_seed":false,"campfire_upgraded":9,"win_rate":0.0,"timestamp":1607768658,"path_taken":["M","?","M","$","M","E","R","M","T","R","E","?","R","M","R","BOSS","M","$","?","?","?","R","?","R","T","E","M","$","M","M","R","BOSS","M","M","M","?","M","R","$","M","T","M","R","M","M","M","R","BOSS","R","$","E","BOSS"],"items_purchased_type":["Relic","Relic","Card","Card","Card","Potion","Potion","Card","Card","Card"],"build_version":"2020-11-30","purchased_purges":3,"victory":true,"max_hp_per_floor":[77,77,77,77,77,77,77,77,77,77,77,77,77,77,77,77,77,77,77,77,77,77,77,77,77,77,77,77,77,77,75,75,75,75,75,75,73,73,73,73,73,73,71,71,71,69,69,69,69,69,67,67,67,65,65],"card_choices":[{"not_picked":["Boundary_DynamicStaticEquilibrium_purple","RuptureOfTimeAndSpace_purple"],"picked":"Shallow_ocean_purpleEX","floor":1.0},{"not_picked":["WatchEChange_purple","Nest_LightFlightworm_purple","MetroBOOM_purple"],"picked":"SKIP","floor":3.0},{"not_picked":["Realm_recovery_purpleEX","ExistenceContinue_purple","MeetDecomposer_purple"],"picked":"SKIP","floor":5.0},{"not_picked":["SharpContractionReality_purple","Bait_HighSpeedFlying_purple"],"picked":"Mirror_FourBoundary_purple","floor":6.0},{"not_picked":["MeetDecomposer_purple","Boundary_DreamRealityDamnation_purple"],"picked":"FragmentationRealm_purple","floor":8.0},{"not_picked":["ExistenceContinue_purple","Boundary_DynamicStaticEquilibrium_purple"],"picked":"Monsters_DoubleDeathButterfly_purple","floor":11.0},{"not_picked":["Line_surface_state_purple","Boundary_LightAndDark_purple"],"picked":"Charmbait_purple","floor":14.0},{"not_picked":["MagicEyes_LaplaceDemon_purple","WangLiang_LineAndCurveDreams_purple"],"picked":"Boundary_LifeAndDeath_purple","floor":16.0},{"not_picked":["Spreading Infection","Regret"],"picked":"Doubt","floor":17.0},{"not_picked":["Regret","Wraith"],"picked":"Delirium","floor":17.0},{"not_picked":["Doubt","Injury"],"picked":"Replay:Sluggish","floor":17.0},{"not_picked":["Line_surface_state_purple+1","Boundary_DreamRealityDamnation_purple"],"picked":"Mirror_FormAndEmptin_purple+1","floor":18.0},{"not_picked":["SharpContractionReality_purple+1","Mirror_Drifter_purple+1"],"picked":"Fantasy_PerpetualMotionMachine_purple","floor":22.0},{"not_picked":["StateDuplicate_purple+1","Shallow_ocean_purpleEX"],"picked":"Mirror_FourBoundary_purple+1","floor":27.0},{"not_picked":["D_absorption_purple+1","MeetDecomposer_purple+1"],"picked":"StretchesForeverDream_purple+1","floor":28.0},{"not_picked":["EighthInstrument_OneDividesIntoTwo_purple","AdvanceAttack_purple","SharpContractionReality_purple"],"picked":"SKIP","floor":30.0},{"not_picked":["OmniscientAndOmnipotent_Monster_purple","ExistenceContinue_purple+1"],"picked":"WatchEChange_purple+1","floor":31.0},{"not_picked":["WasteWire_Metro_purple","BarrageBoundary_PipeDream_purple"],"picked":"WangLiang_OokamiKakushi_purple","floor":33.0},{"not_picked":["StateDuplicate_purple+1","PurpleNeedle_purple+1"],"picked":"MNeedle_purple+1","floor":35.0},{"not_picked":["Mirror_Drifter_purple","Realm_recovery_purpleEX+1"],"picked":"Line_surface_state_purple+1","floor":36.0},{"not_picked":["Charmbait_purple+1","SfantasyHide_purple+1"],"picked":"Fantasy_PerpetualMotionMachine_purple+1","floor":37.0},{"not_picked":["AdvanceAttack_purple+1","ExistenceContinue_purple"],"picked":"DimensionStaggered_purple+1","floor":38.0},{"not_picked":["Boundary_ObjectiveBoundary_purple+1","SharpContractionReality_purple"],"picked":"Bait_Toxicbait_purple+1","floor":39.0},{"not_picked":["Realm_recovery_purpleEX+1","MetroBOOM_purple+1","Erosivefilter_purple+1"],"picked":"SKIP","floor":42.0},{"not_picked":["MeetDecomposer_purple+1","MNeedle_purple"],"picked":"Charmbait_purple+1","floor":44.0},{"not_picked":["Charmbait_purple","EighthInstrument_OneDividesIntoTwo_purple"],"picked":"DimensionStaggered_purple+1","floor":46.0},{"not_picked":["Boundary_of_Extermination_purpleEX+1","Boundary_ObjectiveBoundary_purple+1","SharpContractionReality_purple"],"picked":"SKIP","floor":47},{"not_picked":["Umbrella_purple","StateDuplicate_purple+1"],"picked":"ExternalForce_HighSpeedFlying_purple+1","floor":48},{"not_picked":["AdvanceAttack_purple","Shallow_ocean_purpleEX","Boundary_of_Extermination_purpleEX"],"picked":"SKIP","floor":54}],"player_experience":223972,"relics_obtained":[{"floor":6.0,"key":"Mummified Hand"},{"floor":11.0,"key":"ReplayTheSpireMod:Shallot"},{"floor":24.0,"key":"ReplayTheSpireMod:Ring of Addiction"},{"floor":24.0,"key":"ReplayTheSpireMod:Ring of Challenge"},{"floor":24.0,"key":"Potion Belt"},{"floor":24.0,"key":"White Beast Statue"},{"floor":26.0,"key":"Shuriken"},{"floor":27.0,"key":"CaptainsWheel"},{"floor":38.0,"key":"CatCart"},{"floor":43.0,"key":"Tea:ReiMu"},{"floor":54,"key":"Replay:Bottled Flurry"}],"event_choices":[{"damage_healed":0.0,"max_hp_gain":0.0,"max_hp_loss":0.0,"gold_gain":175.0,"event_name":"Liars Game","player_choice":"AGREE","floor":2.0,"gold_loss":0.0,"damage_taken":0.0,"cards_obtained":["Doubt"]},{"damage_healed":0.0,"max_hp_gain":0.0,"max_hp_loss":0.0,"gold_gain":0.0,"event_name":"Scrap Ooze","player_choice":"Fled","floor":12.0,"gold_loss":0.0,"damage_taken":0.0},{"damage_healed":0.0,"max_hp_gain":0.0,"max_hp_loss":0.0,"gold_gain":0.0,"event_name":"OrinTheCat","player_choice":"Fight","floor":38.0,"gold_loss":0.0,"damage_taken":0.0}],"is_beta":false,"boss_relics":[{"not_picked":["Velvet Choker","Ectoplasm"],"picked":"Replay:Ancient Bell"},{"not_picked":["Bronze Scales","Centennial Puzzle"],"picked":"Bag of Preparation"},{"not_picked":["Snack Pack","Ornamental Fan"],"picked":"Toxic Egg 2"},{"not_picked":["Prayer Wheel","TungstenRod"],"picked":"Replay:Arrowhead"},{"not_picked":["Honey Jar","ReplayTheSpireMod:DimensionalGlitch"],"picked":"Replay:Bronze Core"}],"items_purged_floors":[4,19,41],"is_endless":false,"potions_floor_spawned":[1,3,8,16,27,28,30,31,33,35,36,37,38,39,42,44,46,47,48,54],"ascension_level":0}}