{"host":"6jcxerjfmuawfds2","time":1607768856,"event":{"mods":["BaseMod","Minty Spire (QoL Compilation)","StSLib"],"gold_per_floor":[116,116,38,53,66,66,76,89,112,132,151,163,163,195,195,297,297,308,322,272,272,272],"floor_reached":21,"playtime":911,"items_purged":[],"score":194,"play_id":"79174edc-a0ab-4ae0-9a1c-f21bb442d42e","local_time":"20201212192736","is_ascension_mode":true,"campfire_choices":[{"data":"Static Discharge","floor":6,"key":"SMITH"},{"data":"Beam Cell","floor":13,"key":"SMITH"},{"data":"Hologram","floor":15,"key":"SMITH"}],"circlet_count":0,"master_deck":["Defend_B","Defend_B","Defend_B","Defend_B","Zap","Dualcast","Chill","Static Discharge+1","BootSequence","Turbo","Beam Cell+1","Scrape","Steam","Scrape","Hologram+1","Amplify+1","Undo+1","Storm+1","Hologram"],"relics":["Cracked Core","NeowsBlessing","Regal Pillow","Bag of Marbles","Astrolabe"],"acts_visited":["Exordium","TheCity"],"potions_floor_usage":[14,14,16,19,21],"damage_taken":[{"damage":0,"enemies":"Small Slimes","floor":1,"turns":1},{"damage":0,"enemies":"Cultist","floor":4,"turns":1},{"damage":0,"enemies":"Jaw Worm","floor":5,"turns":1},{"damage":7,"enemies":"Gremlin Gang","floor":7,"turns":3},{"damage":9,"enemies":"Large Slime","floor":8,"turns":7},{"damage":4,"enemies":"2 Fungi Beasts","floor":10,"turns":4},{"damage":1,"enemies":"3 Louse","floor":11,"turns":4},{"damage":0,"enemies":"Looter","floor":12,"turns":3},{"damage":16,"enemies":"Lagavulin","floor":14,"turns":8},{"damage":13,"enemies":"Slime Boss","floor":16,"turns":7},{"damage":16,"enemies":"Shell Parasite","floor":18,"turns":11},{"damage":12,"enemies":"2 Thieves","floor":19,"turns":5},{"damage":5,"enemies":"Centurion and Healer","floor":21,"turns":7}],"seed_played":"-2761610273344703503","potions_obtained":[{"floor":1,"key":"PowerPotion"},{"floor":8,"key":"Regen Potion"},{"floor":12,"key":"PowerPotion"},{"floor":16,"key":"SneckoOil"},{"floor":18,"key":"Regen Potion"}],"is_trial":false,"path_per_floor":["M","?","$","M","M","R","M","M","T","M","M","M","R","E","R","B",null,"M","M","?","M"],"character_chosen":"DEFECT","items_purchased":["Static Discharge"],"campfire_rested":0,"item_purchase_floors":[3],"current_hp_per_floor":[75,75,75,75,75,75,68,59,59,55,54,54,54,47,47,34,75,59,59,59,54,54],"gold":272,"neow_bonus":"THREE_ENEMY_KILL","is_daily":false,"chose_seed":false,"campfire_upgraded":3,"win_rate":0.0,"timestamp":1607768856,"path_taken":["M","?","$","M","M","R","?","?","T","M","M","?","R","E","R","BOSS","M","M","?","M"],"items_purchased_type":["Card"],"build_version":"2020-11-30","purchased_purges":0,"victory":false,"max_hp_per_floor":[75,75,75,75,75,75,75,75,75,75,75,75,75,75,75,75,75,75,75,75,75,75],"card_choices":[{"not_picked":["Capacitor","Leap","Rip and Tear"],"picked":"SKIP","floor":1},{"not_picked":["White Noise","Sunder"],"picked":"BootSequence","floor":4},{"not_picked":["Genetic Algorithm","Coolheaded","Defragment"],"picked":"SKIP","floor":5},{"not_picked":["Aggregate","Fusion"],"picked":"Turbo","floor":7},{"not_picked":["Undo","Fusion"],"picked":"Beam Cell","floor":8},{"not_picked":["Force Field","Stack"],"picked":"Scrape","floor":10},{"not_picked":["Conserve Battery","Cold Snap"],"picked":"Steam","floor":11},{"not_picked":["Sunder","Hologram"],"picked":"Scrape","floor":12},{"not_picked":["Melter","Blizzard"],"picked":"Hologram","floor":14},{"not_picked":["Coolheaded","Doom and Gloom"],"picked":"Hologram","floor":18},{"not_picked":["Hologram","Ball Lightning","Static Discharge"],"picked":"SKIP","floor":19},{"not_picked":["Hologram","Ball Lightning","Static Discharge"],"picked":"SKIP","floor":19}],"player_experience":125841,"relics_obtained":[{"floor":9,"key":"Regal Pillow"},{"floor":14,"key":"Bag of Marbles"}],"event_choices":[{"damage_healed":0,"gold_gain":0,"cards_transformed":["Strike_B"],"player_choice":"Transformed","damage_taken":0,"max_hp_gain":0,"max_hp_loss":0,"event_name":"Transmorgrifier","floor":2,"gold_loss":0,"cards_obtained":["Chill"]},{"damage_healed":0,"gold_gain":0,"player_choice":"Bet on Owner","damage_taken":0,"max_hp_gain":0,"max_hp_loss":0,"event_name":"The Joust","floor":20,"gold_loss":50}],"is_beta":false,"boss_relics":[{"not_picked":["Velvet Choker","Pandora\u0027s Box"],"picked":"Astrolabe"}],"items_purged_floors":[],"is_endless":false,"potions_floor_spawned":[1,8,12,16,18],"killed_by":"Centurion and Healer","ascension_level":1}}