{"host":"5pvsezzv96u4cz40","time":1607785613,"event":{"mods":["Act Like it!","BaseMod","BetterRewards","CapriCore","Colored Map","Colored Powertips","GifTheSpireLib","Hubris","Menagerie","Minty Spire (QoL Compilation)","Replay The Spire","Shop Mod","StSLib","The Necromancer"],"gold_per_floor":[110,0,13,26,40,40,40,50,50,61,61,61,88,98,98,196,196,180,105,105,5,25,40,58,58,82,31,44,44,69,80,80,80,80],"floor_reached":33,"playtime":6067,"items_purged":["Regret","Decay"],"score":296,"play_id":"b1f1119e-c039-4c3e-9e19-eb06b464ab61","local_time":"20201212160653","is_ascension_mode":false,"campfire_choices":[{"data":"Slay_Living","floor":7,"key":"SMITH"},{"data":"Summon_Death_Knight","floor":11,"key":"SMITH"},{"data":"Death_March_Dance","floor":15,"key":"SMITH"},{"floor":25,"key":"REST"},{"data":"Toxic_Smoke_Screen","floor":29,"key":"SMITH"},{"floor":32,"key":"DIG"}],"circlet_count":0,"master_deck":["Strike_W+1","Strike_W+1","Strike_W+1","Strike_W+1","Defend_W","Defend_W+1","Defend_W","Defend_W","Negative_Energy_Arrows","Bone_Wall+1","Negative_Energy_Sphere","Life_Drain","Uncharnel","Consume_Illness","Negative_Energy_Javelin","Slay_Living+1","Death_March_Dance+1","Summon_Death_Knight+1","Bone_Spikes","Corrupt","Bone_Armor","Skeleton_Dragon","Clumsy","Scare","Vampiric_Strike","Negative_Energy_Sphere","Toxic_Smoke_Screen+1","Bone_Armor","Bone_Spikes+1","Detonate_Bones","Spectral_Armor"],"relics":["Vampire_Amulet","NeowsBlessing","War Paint","Question Card","Replay:Ancient Bell","Happy Flower","Replay:Bottled Eggs","Replay:Multitool","hubris:Icosahedron","Bag of Marbles","Iron Hammer","Boot"],"acts_visited":["Menagerie:Menagerie","TheCity"],"potions_floor_usage":[13,16,16,16,22,23,24,31],"damage_taken":[{"damage":0,"enemies":"Menagerie:2_RABBITS","floor":1,"turns":1},{"damage":0,"enemies":"Menagerie:StygianBoar","floor":3,"turns":1},{"damage":1,"enemies":"Menagerie:MonstrousExperiment","floor":4,"turns":1},{"damage":7,"enemies":"Menagerie:DREAD_MOTH_AND_GRAFTED_WORMS","floor":5,"turns":3},{"damage":16,"enemies":"Menagerie:3_RABBITS","floor":8,"turns":5},{"damage":9,"enemies":"Menagerie:EntropyWarlock","floor":10,"turns":4},{"damage":10,"enemies":"Menagerie:Hydra","floor":13,"turns":5},{"damage":2,"enemies":"Menagerie:MENAGERIE_WILDLIFE","floor":14,"turns":4},{"damage":19,"enemies":"Menagerie:Suneater","floor":16,"turns":9},{"damage":24,"enemies":"2 Thieves","floor":18,"turns":4},{"damage":13,"enemies":"Spheric Guardian","floor":22,"turns":4},{"damage":34,"enemies":"Snake Plant","floor":23,"turns":5},{"damage":39,"enemies":"Cultist and Chosen","floor":24,"turns":8},{"damage":13,"enemies":"Chosen and Byrds","floor":28,"turns":9},{"damage":32,"enemies":"Gremlin Leader","floor":30,"turns":8},{"damage":0,"enemies":"Snecko","floor":31,"turns":4},{"damage":88,"enemies":"Pondfish","floor":33,"turns":18}],"seed_played":"2716438091630335429","potions_obtained":[{"floor":1,"key":"Swift Potion"},{"floor":3,"key":"ColorlessPotion"},{"floor":8,"key":"PowerPotion"},{"floor":14,"key":"Strength Potion"},{"floor":18,"key":"ColorlessPotion"},{"floor":22,"key":"AttackPotion"},{"floor":23,"key":"Toxic Potion"},{"floor":30,"key":"Block Potion"}],"is_trial":false,"path_per_floor":["M","$","M","M","M","?","R","M","T","M","R","?","E","M","R_BF","B",null,"M","$","?","$","M","M","M","R","T","$","M","R","E","M","R","B"],"character_chosen":"NECROMANCER","items_purchased":["Life_Drain","Uncharnel","Bone_Armor"],"campfire_rested":1,"item_purchase_floors":[2,2,27],"current_hp_per_floor":[75,75,75,75,75,75,75,69,69,68,68,68,66,75,75,75,75,59,59,59,59,57,31,8,30,30,30,69,69,58,69,69,0,0],"gold":80,"neow_bonus":"THREE_ENEMY_KILL","is_daily":false,"chose_seed":false,"campfire_upgraded":4,"win_rate":0.0,"timestamp":1607785613,"path_taken":["M","$","M","?","M","?","R","M","T","M","R","?","E","M","R_BF","BOSS","M","$","?","$","M","M","M","R","T","$","M","R","E","M","R","BOSS"],"items_purchased_type":["Card","Card","Card"],"build_version":"2020-11-30","purchased_purges":2,"victory":false,"max_hp_per_floor":[75,75,75,75,75,75,75,75,75,75,75,75,75,75,75,75,75,75,75,75,75,75,75,75,75,75,75,75,75,75,75,75,75,75],"card_choices":[{"not_picked":["Summon_Undead_Army","Corrupt"],"picked":"Negative_Energy_Sphere","floor":1},{"not_picked":["Bone_Armory","Life_Tap"],"picked":"Consume_Illness","floor":3},{"not_picked":["Negative_Energy_Sphere","Necromantic_Selection"],"picked":"Negative_Energy_Javelin","floor":4},{"not_picked":["Shackles_Of_Pain","Chill_Blood"],"picked":"Slay_Living","floor":5},{"not_picked":["Slay_Living","Negative_Energy_Mist"],"picked":"Death_March_Dance","floor":8},{"not_picked":["Negative_Energy_Sphere","Epidemic"],"picked":"Summon_Death_Knight","floor":10},{"not_picked":["Shackles_Of_Pain","Death_March_Dance"],"picked":"Corrupt","floor":13},{"not_picked":["Negative_Energy_Javelin","Death_Coil","Chill_Blood"],"picked":"Bone_Armor","floor":14},{"not_picked":["Blood_Wake","Blood_Magic","Summon_Death_Knight"],"picked":"Skeleton_Dragon","floor":16},{"not_picked":["Delirium","Menagerie:BloodySpellbook","Shame"],"picked":"Clumsy","floor":17},{"not_picked":["hubris:Lust","Parasite","Overencumbered"],"picked":"Regret","floor":17},{"not_picked":["hubris:Envy","ReplayTheSpireMod:Restless Dread","hubris:Wrath"],"picked":"Decay","floor":17},{"not_picked":["Deaths_Shadow","Death_March_Dance","Corrupt"],"picked":"Scare","floor":18},{"not_picked":["Corrupt","Spectral_Walk+1","Blood_Shield"],"picked":"Vampiric_Strike","floor":22},{"not_picked":["Negative_Energy_Mist","Epidemic","Blood_Whip"],"picked":"Negative_Energy_Sphere","floor":23},{"not_picked":["Thousand_Bone_Knives+1","Vampiric_Strike+1","Exploit"],"picked":"Toxic_Smoke_Screen","floor":24},{"not_picked":["Chill_Blood","Negative_Energy_Mist","Blood_Curse"],"picked":"Bone_Spikes+1","floor":28},{"not_picked":["Summon_Undead_Army","Negative_Energy_Sphere","Blood_Is_Power"],"picked":"Detonate_Bones","floor":30},{"not_picked":["Death_Knell","Toxic_Smoke_Screen","Bone_Bullets"],"picked":"Spectral_Armor","floor":31}],"player_experience":28843,"relics_obtained":[{"floor":9,"key":"War Paint"},{"floor":13,"key":"Question Card"},{"floor":26,"key":"Bag of Marbles"},{"floor":30,"key":"Iron Hammer"},{"floor":32,"key":"Boot"}],"event_choices":[{"damage_healed":0,"gold_gain":0,"player_choice":"Ignored","damage_taken":0,"max_hp_gain":0,"max_hp_loss":0,"event_name":"Menagerie:CorruptingLight","floor":6,"gold_loss":0}],"is_beta":false,"boss_relics":[{"not_picked":["SacredBark","Astrolabe"],"picked":"Replay:Ancient Bell"},{"not_picked":["hubris:TenFootPole","Toy Ornithopter"],"picked":"Happy Flower"},{"not_picked":["Kunai","hubris:SphereOfDissonance"],"picked":"Replay:Bottled Eggs"},{"not_picked":["Girya","hubris:Spice"],"picked":"Replay:Multitool"}],"items_purged_floors":[19,21],"is_endless":false,"potions_floor_spawned":[1,3,8,10,14,18,22,23,30],"killed_by":"Pondfish","ascension_level":0}}