{"host":"bc298c4gavna5tx2","time":1607736252,"event":{"mods":["Act Like it!","Ascension Reborn","BaseMod","Challenge The Spire","Minty Spire (QoL Compilation)","MostiFishMod","Quick Restart","Spicy Shops","StSLib","TestMod","vexMod","【功能Mod】混沌之环修复补丁","【功能Mod】聪明的最终Boss","【遗物卡牌】REMEMod"],"gold_per_floor":[31,31,144,271,392,392,392,29,168,293,419,419,339,9,142,264,402,523],"floor_reached":19,"playtime":586,"items_purged":["Strike_B","Defend_B"],"score":3115,"play_id":"387da4c6-ef86-4a56-bbc3-3a6a9f13acfe","local_time":"20201212092412","daily_mods":["challengethespire:Platinum Difficulty","challengethespire:Boss Rush","Uncertain Future"],"is_ascension_mode":true,"campfire_choices":[{"data":"Zap","floor":2.0,"key":"SMITH"},{"data":"Dualcast+1","floor":7.0,"key":"SMITH"}],"circlet_count":0,"master_deck":["Strike_B","Strike_B","Strike_B","Defend_B+1","Defend_B","Defend_B+1","Zap+1","Dualcast+1","MostiFishMod:FrostNova+1","MostiFishMod:WinterMarkForm+1","A Thousand Cuts+1","Capacitor+1","Capacitor+1","Dualcast+1","MostiFishMod:FourSeasons+1","Echo Form+1","REME_Shoggoth+1"],"relics":["Cracked Core","The Courier","Molten Egg 2","Toxic Egg 2","Frozen Egg 2","DaveBox","testmod-TestBox","REME_ComplimentaryCards","FrostBlade","testmod-Déjàvu","REME_HandOfSuture","Strange Spoon","MealTicket","Blood Vial","HandDrill","testmod-TheFather","Kunai","Akabeko","testmod-SaigiyounoYou","Unceasing Top","testmod-TurbochargingSystem","War Paint","testmod-Maize","Vajra","Pantograph","testmod-ArcanaOfDestiny","Dodecahedron","testmod-RealStoneCalender","Boot","ImportantClient","Nunchaku","Toy Ornithopter"],"acts_visited":["Exordium"],"potions_floor_usage":[18,18],"damage_taken":[{"damage":32.0,"enemies":"Hexaghost","floor":3.0,"turns":4.0},{"damage":9.0,"enemies":"The Guardian","floor":4.0,"turns":3.0},{"damage":0.0,"enemies":"Slime Boss","floor":5.0,"turns":3.0},{"damage":14.0,"enemies":"Automaton","floor":9.0,"turns":4.0},{"damage":0.0,"enemies":"Collector","floor":10.0,"turns":3.0},{"damage":29,"enemies":"Champ","floor":11,"turns":4},{"damage":18,"enemies":"Donu and Deca","floor":15,"turns":3},{"damage":47,"enemies":"Time Eater","floor":16,"turns":5},{"damage":21,"enemies":"Awakened One","floor":17,"turns":3},{"damage":61,"enemies":"The Heart","floor":18,"turns":5}],"seed_played":"2648089706425364461","potions_obtained":[{"floor":3.0,"key":"testmod-TimePotion"},{"floor":10.0,"key":"Ancient Potion"},{"floor":15,"key":"Swift Potion"},{"floor":18,"key":"testmod-SpacePotion"}],"is_trial":true,"path_per_floor":["$","R","M","M","M","T","R","$","M","M","M","T","$","$","M","M","M","M",null],"character_chosen":"DEFECT","items_purchased":["Capacitor+1","REME_HandOfSuture","Strange Spoon","MealTicket","Blood Vial","HandDrill","Unceasing Top","testmod-TurbochargingSystem","testmod-ArcanaOfDestiny","Dodecahedron"],"campfire_rested":0,"item_purchase_floors":[1,1,1,1,1,1,8,8,14,14],"current_hp_per_floor":[75,75,43,36,38,38,38,53,75,75,75,75,75,75,75,75,75,75],"gold":523,"neow_bonus":"","is_daily":false,"chose_seed":false,"campfire_upgraded":2,"win_rate":0.0,"timestamp":1607736252,"path_taken":["$","R","M","M","M","T","R","$","M","M","M","T","$","$","M","M","M","M"],"items_purchased_type":["Card","Relic","Relic","Relic","Relic","Relic","Relic","Relic","Relic","Relic"],"build_version":"2020-11-30","purchased_purges":2,"victory":true,"max_hp_per_floor":[75,75,75,75,75,75,75,75,75,75,75,75,75,75,75,75,75,75],"card_choices":[],"player_experience":60488,"relics_obtained":[{"floor":3.0,"key":"testmod-TheFather"},{"floor":4.0,"key":"Kunai"},{"floor":5.0,"key":"Akabeko"},{"floor":9.0,"key":"War Paint"},{"floor":10.0,"key":"testmod-Maize"},{"floor":11,"key":"Vajra"},{"floor":15,"key":"testmod-RealStoneCalender"},{"floor":16,"key":"Boot"},{"floor":16,"key":"ImportantClient"},{"floor":17,"key":"Nunchaku"},{"floor":18,"key":"Toy Ornithopter"}],"event_choices":[],"is_beta":false,"boss_relics":[{"not_picked":["EE1DDrone","JellyFishMachine"],"picked":"testmod-SaigiyounoYou"},{"not_picked":["Ectoplasm","Sozu"],"picked":"Pantograph"}],"items_purged_floors":[1,13],"is_endless":false,"potions_floor_spawned":[3,10,15,18],"ascension_level":0}}