{"host":"u0pt4wuoyrjgzhh2","time":1607778007,"event":{"mods":["AchievementEnabler","Act Like it!","Aspiration","BaseMod","Better Note","Better Vampires","Better-Laid Plans","BetterRewards","Block Reminder","Challenge The Spire","Colored Map","Colored Powertips","Conspire","Dota2Spire","Downfall-Rebalance","Highlight Path","Hubris","Minty Spire (QoL Compilation)","MostiFishMod","Quarter Circle Forward PUNCH!","Quick Restart","Relic Stats","Replay The Spire","Robot Space Explorer","RumiaBox-露米娅的神秘盒子","Shop Mod","Spicy Shops","StSLib","SuperFastMode","TestMod","The Dragon Tamer","The Jungle","vexMod","【功能Mod】混沌之环修复补丁","【遗物卡牌】REMEMod"],"gold_per_floor":[113,13,13,13,13,13,13,13],"floor_reached":6,"playtime":3199,"items_purged":["DTMod:Strike"],"score":32,"play_id":"45241c10-c309-401a-89ba-a43a29ed5ae1","local_time":"20201212210007","is_ascension_mode":false,"metric_token":2263,"campfire_choices":[],"dtmod_dragon_data":[0,50,-1,-1,0,0],"circlet_count":0,"master_deck":["DTMod:Strike","DTMod:Strike","DTMod:Strike","DTMod:DoubleHit","DTMod:TargetDefense","DTMod:TargetDefense","DTMod:TargetDefense","DTMod:TargetDefense","DTMod:SwitchingTactic","DTMod:Hide","MostiFishMod:Confrontation","Dark Embrace","DTMod:Weaken","Ghostly","DTMod:Conduct"],"relics":["DTMod:PactStone","testmod-TestBox","REME_ComplimentaryCards","DaveBox","qcfpunch:School_Backpack","BionicSphere","MerchantsRug","Dota2Spire:AssaultCuirass","OrangePellets","Question Card"],"acts_visited":["Exordium"],"potions_floor_usage":[],"damage_taken":[{"damage":0,"enemies":"2 Louse","floor":1,"turns":3},{"damage":30,"enemies":"Gremlin Nob","floor":6,"turns":7}],"seed_played":"-1721858037693647058","potions_obtained":[],"is_trial":false,"path_per_floor":["M","?","?","$","?","E"],"character_chosen":"THE_DT","items_purchased":["qcfpunch:School_Backpack","BionicSphere","DTMod:Hide","MerchantsRug"],"campfire_rested":0,"item_purchase_floors":[0,0,0,0],"current_hp_per_floor":[23,23,23,23,23,0,0,0],"gold":13,"neow_bonus":"","is_daily":false,"chose_seed":false,"campfire_upgraded":0,"win_rate":0.0,"timestamp":1607778007,"path_taken":["M","?","?","$","?","E"],"items_purchased_type":["Relic","Relic","Card","Relic"],"build_version":"2020-11-30","purchased_purges":1,"victory":false,"max_hp_per_floor":[45,45,45,45,45,45,45,45],"relic_stats":{"OrangePellets":[0],"counters":[29,70],"Question Card":57,"obtain_stats":[{"Ying":39,"DaveBox":0,"SecretRecord":40,"testmod-BloodSacrificeSpiritualization":0,"SynthV:C4":0,"Replay:Rubber Ducky":0,"testmod-Fanaticism":0,"hubris:Icosahedron":44,"aspiration:DefectSkillbook":34,"hubris:AstralHammer":23,"Ccalipers":46,"DollysMirror":53,"Prayer Wheel":18,"DaCapo":8,"REME_ArchaeologicalTools":54,"Dota2Spire:ArcaneBoots":43,"Dota2Spire:AssaultCuirass":0,"Toxic Egg 2":12,"ImportantClient":16,"MerchantsRug":0,"testmod-TestBox":0,"NeowsBlessing":0,"vexMod:ScavengeHelm":26,"testmod-CardMagician":0,"RobotSpaceExplorer:RoboCore":0,"testmod-TurbochargingSystem":0,"hubris:Towel":30,"Question Card":1,"ThornShield":6,"TimeFreeze":11,"RhineCircuit":0,"vexMod:GhostlyGear":0,"OrangePellets":1,"qcfpunch:School_Backpack":0,"BionicSphere":0,"Orrery":25,"Molten Egg 2":9,"Simple Rune":39,"REME_HandOfSuture":45,"Garlic":27,"PureWater":0,"testmod-EnergyCheck":17,"REME_ComplimentaryCards":0},{"Ying":19,"DaveBox":0,"SecretRecord":20,"testmod-BloodSacrificeSpiritualization":1,"SynthV:C4":1,"Replay:Rubber Ducky":1,"testmod-Fanaticism":1,"hubris:Icosahedron":21,"aspiration:DefectSkillbook":16,"hubris:AstralHammer":14,"Ccalipers":22,"DollysMirror":24,"Prayer Wheel":10,"DaCapo":7,"REME_ArchaeologicalTools":25,"Dota2Spire:ArcaneBoots":21,"Dota2Spire:AssaultCuirass":27,"Toxic Egg 2":7,"ImportantClient":9,"MerchantsRug":1,"testmod-TestBox":0,"NeowsBlessing":0,"vexMod:ScavengeHelm":14,"testmod-CardMagician":1,"RobotSpaceExplorer:RoboCore":0,"testmod-TurbochargingSystem":1,"hubris:Towel":15,"Question Card":2,"ThornShield":6,"TimeFreeze":7,"RhineCircuit":1,"vexMod:GhostlyGear":1,"OrangePellets":28,"qcfpunch:School_Backpack":27,"BionicSphere":27,"Orrery":14,"Molten Egg 2":7,"Simple Rune":19,"REME_HandOfSuture":21,"Garlic":15,"PureWater":0,"testmod-EnergyCheck":9,"REME_ComplimentaryCards":0},{"Ying":43,"DaveBox":0,"SecretRecord":45,"testmod-BloodSacrificeSpiritualization":1,"SynthV:C4":1,"Replay:Rubber Ducky":1,"testmod-Fanaticism":1,"hubris:Icosahedron":46,"aspiration:DefectSkillbook":37,"hubris:AstralHammer":31,"Ccalipers":50,"DollysMirror":53,"Prayer Wheel":23,"DaCapo":17,"REME_ArchaeologicalTools":54,"Dota2Spire:ArcaneBoots":46,"Dota2Spire:AssaultCuirass":60,"Toxic Egg 2":17,"ImportantClient":22,"MerchantsRug":1,"testmod-TestBox":0,"NeowsBlessing":0,"vexMod:ScavengeHelm":31,"testmod-CardMagician":1,"RobotSpaceExplorer:RoboCore":0,"testmod-TurbochargingSystem":1,"hubris:Towel":33,"Question Card":4,"ThornShield":13,"TimeFreeze":17,"RhineCircuit":1,"vexMod:GhostlyGear":1,"OrangePellets":61,"qcfpunch:School_Backpack":60,"BionicSphere":60,"Orrery":31,"Molten Egg 2":17,"Simple Rune":43,"REME_HandOfSuture":46,"Garlic":33,"PureWater":0,"testmod-EnergyCheck":22,"REME_ComplimentaryCards":0}]},"card_choices":[{"not_picked":["Rampage","Clash"],"picked":"Dark Embrace","floor":1},{"not_picked":["DTMod:MasterPlan","DTMod:InvisibleFlame"],"picked":"DTMod:Weaken","floor":1}],"player_experience":125152,"relics_obtained":[{"floor":1,"key":"Question Card"}],"event_choices":[{"damage_healed":0,"gold_gain":0,"player_choice":"Argue","damage_taken":0,"max_hp_gain":0,"max_hp_loss":0,"event_name":"conspire:LoneGhost","floor":2,"gold_loss":0},{"damage_healed":0,"gold_gain":0,"player_choice":"Leave","damage_taken":0,"max_hp_gain":0,"max_hp_loss":0,"event_name":"conspire:Investor","floor":5,"gold_loss":0}],"is_beta":false,"boss_relics":[],"items_purged_floors":[0],"is_endless":false,"potions_floor_spawned":[],"killed_by":"Gremlin Nob","ascension_level":0}}