{"host":"pletss163z7s8pvv","time":1607740470,"event":{"mods":["AchievementEnabler","BaseMod","Colored Map","Colored Powertips","Minty Spire (QoL Compilation)"],"gold_per_floor":[144,189,189,214,214,304,349,394,444,444,534,559,559,604,604,904,904,949,974,281,281,281,371,416,461,486,523,535,535],"floor_reached":28,"playtime":898,"items_purged":[],"score":296,"play_id":"0c2171d2-1887-4792-b7e5-3d380734e4f5","local_time":"20201211203430","daily_mods":["Chimera","ControlledChaos","Midas"],"is_ascension_mode":false,"campfire_choices":[{"floor":10,"key":"REST"},{"floor":13,"key":"REST"},{"floor":15,"key":"REST"}],"circlet_count":0,"master_deck":["Bash","Survivor","Zap","Eruption","Strike_R+1","Strike_G","Strike_B","Defend_R","Defend_G","Defend_P","FlyingSleeves+1","TalkToTheHand","FlurryOfBlows","FearNoEvil","JustLucky","TalkToTheHand","CutThroughFate","MasterReality","Worship","FlyingSleeves","Scrawl","CurseOfTheBell","SashWhip+1","Omniscience","ReachHeaven","Writhe","BowlingBash","Devotion"],"relics":["PureWater","Frozen Eye","Tiny Chest","Dream Catcher","Strawberry","Oddly Smooth Stone","Bag of Preparation","Smiling Mask","Calling Bell","Bag of Marbles","Yang","Calipers","Whetstone","MealTicket","Blood Vial","Regal Pillow","Nloth\u0027s Gift","Orichalcum","MawBank","PreservedInsect"],"acts_visited":["Exordium","TheCity"],"potions_floor_usage":[18,20,28],"damage_taken":[{"damage":0,"enemies":"Jaw Worm","floor":1,"turns":3},{"damage":0,"enemies":"Small Slimes","floor":2,"turns":2},{"damage":66,"enemies":"3 Sentries","floor":6,"turns":7},{"damage":0,"enemies":"Cultist","floor":7,"turns":2},{"damage":0,"enemies":"Large Slime","floor":8,"turns":2},{"damage":13,"enemies":"Gremlin Nob","floor":11,"turns":4},{"damage":9,"enemies":"Red Slaver","floor":14,"turns":3},{"damage":17,"enemies":"The Guardian","floor":16,"turns":10},{"damage":0,"enemies":"Spheric Guardian","floor":18,"turns":3},{"damage":28,"enemies":"Book of Stabbing","floor":23,"turns":6},{"damage":26,"enemies":"2 Thieves","floor":24,"turns":4},{"damage":12,"enemies":"Snake Plant","floor":25,"turns":6},{"damage":35,"enemies":"Snecko","floor":28,"turns":3}],"seed_played":"-2740983366772686195","potions_obtained":[{"floor":1,"key":"SteroidPotion"},{"floor":2,"key":"Strength Potion"},{"floor":5,"key":"StancePotion"},{"floor":5,"key":"DuplicationPotion"},{"floor":14,"key":"DistilledChaos"},{"floor":18,"key":"Fruit Juice"},{"floor":24,"key":"Fire Potion"},{"floor":25,"key":"DuplicationPotion"}],"is_trial":false,"path_per_floor":["M","M","?","T","?","E","M","M","T","R","E","T","R","M","R","B",null,"M","T","$","?","?","E","M","M","T","T","M"],"character_chosen":"WATCHER","items_purchased":["Fruit Juice","Strange Spoon","MealTicket","Blood Vial","Omniscience","ReachHeaven"],"campfire_rested":3,"item_purchase_floors":[20,20,20,20,20,20],"current_hp_per_floor":[72,72,69,69,69,10,10,10,10,33,20,20,43,34,57,40,79,84,84,89,89,89,61,37,27,27,27,0,0],"gold":535,"neow_bonus":"","is_daily":true,"chose_seed":false,"campfire_upgraded":0,"win_rate":0.0,"timestamp":1607740470,"path_taken":["M","M","?","?","?","E","M","?","T","R","E","?","R","M","R","BOSS","M","?","$","?","?","E","M","M","T","?","M"],"items_purchased_type":["Potion","Relic","Relic","Relic","Card","Card"],"build_version":"2020-11-30","purchased_purges":0,"victory":false,"max_hp_per_floor":[72,72,72,72,72,79,79,79,79,79,79,79,79,79,79,79,79,84,84,89,89,89,89,89,89,89,89,89,89],"card_choices":[{"not_picked":["InnerPeace","Perseverance"],"picked":"FlyingSleeves","floor":1},{"not_picked":["WheelKick","Crescendo"],"picked":"TalkToTheHand","floor":2},{"not_picked":["EmptyFist","BowlingBash"],"picked":"FlurryOfBlows","floor":6},{"not_picked":["Pray","EmptyFist"],"picked":"FearNoEvil","floor":7},{"not_picked":["ThirdEye","WindmillStrike"],"picked":"JustLucky","floor":8},{"not_picked":["WindmillStrike","ThirdEye"],"picked":"TalkToTheHand","floor":10},{"not_picked":["Pray","SignatureMove"],"picked":"CutThroughFate","floor":11},{"not_picked":["InnerPeace","Indignation"],"picked":"MasterReality","floor":13},{"not_picked":["EmptyFist","CutThroughFate"],"picked":"Worship","floor":14},{"not_picked":["BowlingBash","WindmillStrike"],"picked":"FlyingSleeves","floor":15},{"not_picked":["SpiritShield","ConjureBlade"],"picked":"Scrawl","floor":16},{"not_picked":["Weave","PathToVictory+1"],"picked":"SashWhip+1","floor":18},{"not_picked":["Sanctity","Blasphemy","Evaluate"],"picked":"SKIP","floor":23},{"not_picked":["Swivel+1","Sanctity"],"picked":"BowlingBash","floor":24},{"not_picked":["FearNoEvil","SashWhip"],"picked":"Devotion","floor":25}],"player_experience":376507,"relics_obtained":[{"floor":4,"key":"Dream Catcher"},{"floor":6,"key":"Strawberry"},{"floor":9,"key":"Oddly Smooth Stone"},{"floor":11,"key":"Bag of Preparation"},{"floor":12,"key":"Smiling Mask"},{"floor":17,"key":"Bag of Marbles"},{"floor":17,"key":"Yang"},{"floor":17,"key":"Calipers"},{"floor":19,"key":"Whetstone"},{"floor":23,"key":"Orichalcum"},{"floor":26,"key":"MawBank"},{"floor":27,"key":"PreservedInsect"}],"event_choices":[{"damage_healed":0,"gold_gain":0,"player_choice":"Success","damage_taken":3,"relics_obtained":["Tiny Chest"],"max_hp_gain":0,"max_hp_loss":0,"event_name":"Scrap Ooze","floor":3,"gold_loss":0},{"damage_healed":0,"gold_gain":0,"player_choice":"Got Potions","damage_taken":0,"max_hp_gain":0,"max_hp_loss":0,"event_name":"Lab","floor":5,"gold_loss":0},{"damage_healed":0,"gold_gain":0,"player_choice":"Opened","damage_taken":0,"relics_obtained":["Regal Pillow"],"max_hp_gain":0,"max_hp_loss":0,"event_name":"The Mausoleum","floor":21,"gold_loss":0,"cards_obtained":["Writhe"]},{"damage_healed":0,"gold_gain":0,"player_choice":"Traded Relic","damage_taken":0,"relics_obtained":["Nloth\u0027s Gift"],"max_hp_gain":0,"max_hp_loss":0,"event_name":"N\u0027loth","floor":22,"relics_lost":["Strange Spoon"],"gold_loss":0}],"is_beta":false,"boss_relics":[{"not_picked":["HolyWater","Snecko Eye"],"picked":"Calling Bell"}],"items_purged_floors":[],"is_endless":false,"potions_floor_spawned":[1,2,8,14,18,24,25],"killed_by":"Snecko","ascension_level":0}}