{"host":"ssqg06p4hogpulti","time":1607807149,"event":{"mods":["BaseMod","Minty Spire (QoL Compilation)","StSLib","The Exalted"],"gold_per_floor":[114,114,37,49,49,75,75,85,85,85,99,110,127,127,127,127,127],"floor_reached":16,"playtime":522,"items_purged":[],"score":127,"play_id":"029cc7e8-849a-4fb7-8a14-b39a05ad9cca","local_time":"20201212220549","is_ascension_mode":false,"campfire_choices":[{"floor":7,"key":"RECALL"},{"data":"Bromod:FashionFrame","floor":15,"key":"SMITH"}],"circlet_count":0,"master_deck":["Bromod:Strike_Bro","Bromod:Strike_Bro","Bromod:Defend_Bro","Bromod:Defend_Bro","Bromod:Defend_Bro","Bromod:Defend_Bro","Bromod:SlashDash","Bromod:SlashDash","Bromod:SlashDash","Bromod:Serration","Bromod:FashionFrame+1","Bromod:OrganShatter","Bromod:ReflexCoil","Bromod:OrganShatter","Bromod:Flow","Bromod:Stormbringer","Bromod:EnergySiphon","Bromod:BodyCount"],"relics":["Bromod:Ordis","Bromod:AscarisDevice","NeowsBlessing","FaceOfCleric","Sundial","Golden Idol"],"acts_visited":["Exordium"],"potions_floor_usage":[16],"damage_taken":[{"damage":0,"enemies":"Jaw Worm","floor":1,"turns":1},{"damage":0,"enemies":"Cultist","floor":4,"turns":1},{"damage":0,"enemies":"Lagavulin","floor":6,"turns":1},{"damage":5,"enemies":"Small Slimes","floor":8,"turns":2},{"damage":1,"enemies":"Exordium Thugs","floor":11,"turns":4},{"damage":4,"enemies":"Blue Slaver","floor":12,"turns":3},{"damage":1,"enemies":"3 Louse","floor":13,"turns":3},{"damage":61,"enemies":"The Guardian","floor":16,"turns":9}],"seed_played":"2120302312583907210","potions_obtained":[{"floor":1,"key":"Energy Potion"},{"floor":6,"key":"FearPotion"},{"floor":8,"key":"Energy Potion"}],"is_trial":false,"path_per_floor":["M","?","$","M","?","E","R","M","T","?","M","M","M","?","R","B"],"character_chosen":"THE_EXALTED","items_purchased":["Bromod:FashionFrame"],"campfire_rested":0,"item_purchase_floors":[3],"current_hp_per_floor":[75,75,75,76,76,77,77,73,73,78,78,75,75,55,55,0,0],"gold":127,"neow_bonus":"THREE_ENEMY_KILL","is_daily":false,"chose_seed":false,"campfire_upgraded":1,"win_rate":0.0,"timestamp":1607807149,"path_taken":["M","?","$","?","?","E","R","M","T","?","M","M","?","?","R","BOSS"],"items_purchased_type":["Card"],"build_version":"2020-11-30","purchased_purges":0,"victory":false,"max_hp_per_floor":[75,75,75,76,76,77,77,78,78,78,79,80,81,81,81,81,81],"card_choices":[{"not_picked":["Bromod:SpeedTrigger","Bromod:PressurePoint"],"picked":"Bromod:Serration","floor":1},{"not_picked":["Bromod:Serration","Bromod:SlipMagazine"],"picked":"Bromod:OrganShatter","floor":4},{"not_picked":["Bromod:BulletJump","Bromod:FastHands"],"picked":"Bromod:OrganShatter","floor":6},{"not_picked":["Bromod:OrganShatter","Bromod:BodyCount"],"picked":"Bromod:Flow","floor":8},{"not_picked":["Bromod:OrganShatter","Bromod:BulletJump"],"picked":"Bromod:Stormbringer","floor":11},{"not_picked":["Bromod:SlipMagazine","Bromod:RelentlessCombination"],"picked":"Bromod:EnergySiphon","floor":12},{"not_picked":["Bromod:QuickDraw","Bromod:PointStrike"],"picked":"Bromod:BodyCount","floor":13}],"player_experience":265565,"relics_obtained":[{"floor":6,"key":"Sundial"}],"event_choices":[{"damage_healed":0,"gold_gain":0,"player_choice":"Trade","damage_taken":0,"relics_obtained":["FaceOfCleric"],"max_hp_gain":0,"max_hp_loss":0,"event_name":"FaceTrader","floor":2,"gold_loss":0},{"damage_healed":0,"gold_gain":0,"cards_transformed":["Bromod:Strike_Bro"],"player_choice":"Change","damage_taken":0,"max_hp_gain":0,"max_hp_loss":0,"event_name":"Living Wall","floor":5,"gold_loss":0,"cards_obtained":["Bromod:ReflexCoil"]},{"damage_healed":5,"gold_gain":0,"player_choice":"Full Heal","damage_taken":0,"max_hp_gain":0,"max_hp_loss":0,"event_name":"Wheel of Change","floor":10,"gold_loss":0},{"damage_healed":0,"gold_gain":0,"player_choice":"Take Damage","damage_taken":20,"relics_obtained":["Golden Idol"],"max_hp_gain":0,"max_hp_loss":0,"event_name":"Golden Idol","floor":14,"gold_loss":0}],"is_beta":false,"boss_relics":[],"items_purged_floors":[],"is_endless":false,"potions_floor_spawned":[1,6,8],"killed_by":"The Guardian","ascension_level":0}}