{"host":"turdyikuxcak11ni","time":1607772278,"event":{"mods":["AchievementEnabler","BaseMod","Colored Map","Minty Spire (QoL Compilation)","Spicy Shops","StSLib","SuperFastMode"],"gold_per_floor":[115,125,125,125,0,30,30,65,65,65,95,95,118,118,118,243,243,264,264,288,288,288],"floor_reached":21,"playtime":628,"items_purged":["Strike_R"],"score":275,"play_id":"c1aab595-6d2e-4735-aabf-56dc3c92e467","local_time":"20201212032438","is_ascension_mode":true,"campfire_choices":[{"data":"Armaments","floor":7,"key":"SMITH"},{"floor":10,"key":"DIG"},{"floor":15,"key":"DIG"}],"circlet_count":0,"master_deck":["Strike_R","Strike_R","Strike_R","Defend_R","Defend_R","Defend_R","Defend_R","Bash","Anger","Anger","Armaments+1","Burning Pact","Injury","Barricade","CurseOfTheBell","Iron Wave+1","True Grit"],"relics":["Burning Blood","NeowsBlessing","TungstenRod","Akabeko","Shovel","FossilizedHelix","Blue Candle","Bag of Marbles","Golden Idol","Unceasing Top","Calling Bell","Dream Catcher","Letter Opener","Calipers","HornCleat"],"acts_visited":["Exordium","TheCity"],"potions_floor_usage":[8,11,16,16],"damage_taken":[{"damage":0,"enemies":"Small Slimes","floor":1,"turns":1},{"damage":0,"enemies":"2 Louse","floor":2,"turns":1},{"damage":0,"enemies":"Gremlin Nob","floor":6,"turns":1},{"damage":16,"enemies":"Lagavulin","floor":8,"turns":5},{"damage":4,"enemies":"3 Sentries","floor":11,"turns":8},{"damage":0,"enemies":"Cultist","floor":13,"turns":2},{"damage":14,"enemies":"The Guardian","floor":16,"turns":8},{"damage":18,"enemies":"3 Byrds","floor":18,"turns":7},{"damage":21,"enemies":"Spheric Guardian","floor":20,"turns":6},{"damage":95,"enemies":"3 Cultists","floor":21,"turns":6}],"seed_played":"-9162220247488398433","potions_obtained":[{"floor":2,"key":"Block Potion"},{"floor":8,"key":"Fire Potion"},{"floor":11,"key":"Fire Potion"},{"floor":13,"key":"AttackPotion"},{"floor":14,"key":"FairyPotion"},{"floor":14,"key":"BlessingOfTheForge"},{"floor":14,"key":"SteroidPotion"}],"is_trial":false,"path_per_floor":["M","M","?","?","$","E","R","E","T","R","E","?","M","?","R","B",null,"M","T","M","M"],"character_chosen":"IRONCLAD","items_purchased":["Armaments"],"campfire_rested":0,"item_purchase_floors":[5],"current_hp_per_floor":[80,80,73,66,66,72,72,62,62,62,64,64,70,70,70,62,76,64,64,49,0,0],"gold":288,"neow_bonus":"THREE_ENEMY_KILL","is_daily":false,"chose_seed":false,"campfire_upgraded":1,"win_rate":0.0,"timestamp":1607772278,"path_taken":["M","M","?","?","$","E","R","E","T","R","E","?","M","?","R","BOSS","M","?","M","M"],"items_purchased_type":["Card"],"build_version":"2020-11-30","purchased_purges":1,"victory":false,"max_hp_per_floor":[80,80,80,80,80,80,80,80,80,80,80,80,80,80,80,80,80,80,80,80,80,80],"card_choices":[{"not_picked":["Carnage","Pommel Strike"],"picked":"Anger","floor":1},{"not_picked":["Evolve","Entrench"],"picked":"Anger","floor":2},{"not_picked":["Blood for Blood","Heavy Blade","Cleave"],"picked":"SKIP","floor":6},{"not_picked":["Body Slam","Metallicize","Twin Strike"],"picked":"SKIP","floor":8},{"not_picked":["Disarm","Pommel Strike"],"picked":"Burning Pact","floor":11},{"not_picked":["Anger","Headbutt","Rage"],"picked":"SKIP","floor":13},{"not_picked":["Bludgeon","Immolate"],"picked":"Barricade","floor":16},{"not_picked":["Wild Strike","Clothesline+1"],"picked":"Iron Wave+1","floor":18},{"not_picked":["Clothesline","Warcry"],"picked":"True Grit","floor":20}],"player_experience":208936,"relics_obtained":[{"floor":6,"key":"Akabeko"},{"floor":8,"key":"Shovel"},{"floor":9,"key":"FossilizedHelix"},{"floor":10,"key":"Blue Candle"},{"floor":11,"key":"Bag of Marbles"},{"floor":15,"key":"Unceasing Top"},{"floor":17,"key":"Dream Catcher"},{"floor":17,"key":"Letter Opener"},{"floor":17,"key":"Calipers"},{"floor":19,"key":"HornCleat"}],"event_choices":[{"cards_removed":["Strike_R"],"damage_healed":0,"gold_gain":0,"player_choice":"Card Removal","damage_taken":7,"max_hp_gain":0,"max_hp_loss":0,"event_name":"Golden Wing","floor":3,"gold_loss":0},{"damage_healed":0,"gold_gain":0,"player_choice":"Success","damage_taken":7,"relics_obtained":["TungstenRod"],"max_hp_gain":0,"max_hp_loss":0,"event_name":"Scrap Ooze","floor":4,"gold_loss":0},{"damage_healed":0,"gold_gain":0,"player_choice":"Take Wound","damage_taken":0,"relics_obtained":["Golden Idol"],"max_hp_gain":0,"max_hp_loss":0,"event_name":"Golden Idol","floor":12,"gold_loss":0,"cards_obtained":["Injury"]},{"damage_healed":0,"gold_gain":0,"player_choice":"Got Potions","damage_taken":0,"max_hp_gain":0,"max_hp_loss":0,"event_name":"Lab","floor":14,"gold_loss":0}],"is_beta":false,"boss_relics":[{"not_picked":["Busted Crown","Ectoplasm"],"picked":"Calling Bell"}],"items_purged_floors":[5],"is_endless":false,"potions_floor_spawned":[2,8,11,13],"killed_by":"3 Cultists","ascension_level":5}}