{"host":"5mo0809oo9tcrmpl","time":1607809154,"event":{"mods":["BaseMod","Highlight Path","Minty Spire (QoL Compilation)","Relic Stats","Slay the Relics Exporter"],"gold_per_floor":[111,130,149,159,174,174,203,203,230,230,230,264,280,294,294,367,367,377,389,406,406,67,67,93,93,93,93,104,104,129,79,79,79,79],"floor_reached":33,"playtime":1481,"items_purged":["Strike_B","Defend_B"],"score":694,"play_id":"f3535b2f-b9da-4825-834b-786b8324a7be","local_time":"20201212153914","is_ascension_mode":true,"campfire_choices":[{"data":"Dualcast","floor":6.0,"key":"SMITH"},{"floor":8.0,"key":"REST"},{"data":"Sweeping Beam","floor":11.0,"key":"SMITH"},{"data":"Hologram","floor":15.0,"key":"SMITH"},{"floor":23.0,"key":"REST"},{"floor":25.0,"key":"REST"},{"data":"Creative AI","floor":29.0,"key":"SMITH"},{"floor":32,"key":"REST"}],"circlet_count":0,"master_deck":["AscendersBane","Strike_B","Defend_B+1","Defend_B","Defend_B","Zap+1","Dualcast+1","Sweeping Beam+1","Ball Lightning","Streamline","Ball Lightning","BootSequence","Go for the Eyes+1","Coolheaded+1","Hologram+1","Leap","BootSequence","Seek","Undo","Cold Snap","Biased Cognition","Cold Snap+1","Glacier+1","Auto Shields+1","Coolheaded+1","Static Discharge","Creative AI+1","Stack+1"],"relics":["Cracked Core","Dream Catcher","Happy Flower","War Paint","Velvet Choker","Toxic Egg 2","Smiling Mask","Shuriken","Blue Candle"],"acts_visited":["Exordium","TheCity"],"potions_floor_usage":[],"damage_taken":[{"damage":5.0,"enemies":"2 Louse","floor":1.0,"turns":2.0},{"damage":6.0,"enemies":"Cultist","floor":2.0,"turns":3.0},{"damage":4.0,"enemies":"Small Slimes","floor":3.0,"turns":3.0},{"damage":0.0,"enemies":"2 Fungi Beasts","floor":4.0,"turns":2.0},{"damage":11.0,"enemies":"Blue Slaver","floor":5.0,"turns":3.0},{"damage":30.0,"enemies":"Gremlin Nob","floor":7.0,"turns":4.0},{"damage":13.0,"enemies":"Lagavulin","floor":12.0,"turns":6.0},{"damage":0.0,"enemies":"3 Louse","floor":13.0,"turns":2.0},{"damage":0.0,"enemies":"Exordium Wildlife","floor":14.0,"turns":2.0},{"damage":0.0,"enemies":"Slime Boss","floor":16.0,"turns":5.0},{"damage":11.0,"enemies":"Spheric Guardian","floor":18.0,"turns":4.0},{"damage":13.0,"enemies":"Chosen","floor":19.0,"turns":4.0},{"damage":5.0,"enemies":"Snake Plant","floor":20.0,"turns":4.0},{"damage":28.0,"enemies":"Slavers","floor":24.0,"turns":5.0},{"damage":0.0,"enemies":"Centurion and Healer","floor":28.0,"turns":7.0},{"damage":24.0,"enemies":"Gremlin Leader","floor":30.0,"turns":8.0},{"damage":64,"enemies":"Automaton","floor":33,"turns":12}],"seed_played":"2978155009346155498","potions_obtained":[{"floor":3.0,"key":"SpeedPotion"},{"floor":4.0,"key":"Ancient Potion"},{"floor":7.0,"key":"Fire Potion"},{"floor":13.0,"key":"PotionOfCapacity"},{"floor":19.0,"key":"ColorlessPotion"},{"floor":28.0,"key":"ColorlessPotion"}],"is_trial":false,"path_per_floor":["M","M","M","M","M","R","E","R","T","?","R","E","M","M","R","B",null,"M","M","M","?","$","R","E","R","T","?","M","R","E","$","R","B"],"character_chosen":"DEFECT","items_purchased":["Toxic Egg 2"],"campfire_rested":4,"item_purchase_floors":[22],"current_hp_per_floor":[59,53,49,49,38,38,8,29,29,29,29,16,16,16,16,16,57,46,33,28,28,28,49,21,42,42,42,42,42,18,18,39,0,0],"gold":79,"neow_bonus":"UPGRADE_CARD","is_daily":false,"chose_seed":false,"campfire_upgraded":4,"win_rate":0.0,"timestamp":1607809154,"path_taken":["M","M","M","M","M","R","E","R","T","?","R","E","M","M","R","BOSS","M","?","M","?","$","R","E","R","T","?","M","R","E","$","R","BOSS"],"items_purchased_type":["Relic"],"build_version":"2020-11-30","purchased_purges":2,"victory":false,"max_hp_per_floor":[71,71,71,71,71,71,71,71,71,71,71,71,71,71,71,71,71,71,71,71,71,71,71,71,71,71,71,71,71,71,71,71,71,71],"relic_stats":{"Dream Catcher":4,"Happy Flower":[19],"counters":[17,76],"Shuriken":[9],"Blue Candle":[0],"War Paint":["Defend_B","Coolheaded"],"Smiling Mask":50,"obtain_stats":[{"Dream Catcher":7,"Happy Flower":9,"Shuriken":26,"Blue Candle":30,"Velvet Choker":17,"War Paint":12,"Toxic Egg 2":22,"Cracked Core":0,"Smiling Mask":24},{"Dream Catcher":6,"Happy Flower":6,"Shuriken":14,"Blue Candle":16,"Velvet Choker":10,"War Paint":7,"Toxic Egg 2":13,"Cracked Core":0,"Smiling Mask":14},{"Dream Catcher":17,"Happy Flower":17,"Shuriken":49,"Blue Candle":64,"Velvet Choker":32,"War Paint":23,"Toxic Egg 2":44,"Cracked Core":0,"Smiling Mask":49}]},"card_choices":[{"not_picked":["Steam","Melter"],"picked":"Sweeping Beam","floor":1.0},{"not_picked":["Darkness","Lockon"],"picked":"Ball Lightning","floor":2.0},{"not_picked":["BootSequence","Hologram"],"picked":"Streamline","floor":3.0},{"not_picked":["Beam Cell","Redo"],"picked":"Ball Lightning","floor":4.0},{"not_picked":["Cold Snap","Fusion"],"picked":"BootSequence","floor":5.0},{"not_picked":["Sweeping Beam","Aggregate"],"picked":"Go for the Eyes","floor":7.0},{"not_picked":["Rebound","Thunder Strike"],"picked":"Coolheaded","floor":8.0},{"not_picked":["Go for the Eyes","Coolheaded"],"picked":"Hologram","floor":12.0},{"not_picked":["Static Discharge","Compile Driver"],"picked":"Leap","floor":13.0},{"not_picked":["Redo","Melter"],"picked":"BootSequence","floor":14.0},{"not_picked":["Creative AI","Core Surge"],"picked":"Seek","floor":16.0},{"not_picked":["Rebound","Hologram"],"picked":"Undo","floor":18.0},{"not_picked":["Beam Cell","Conserve Battery","Compile Driver"],"picked":"SKIP","floor":19.0},{"not_picked":["Stack+1","Beam Cell"],"picked":"Cold Snap","floor":20.0},{"not_picked":["Steam+1","Ball Lightning"],"picked":"Cold Snap+1","floor":23.0},{"not_picked":["Reboot+1","Conserve Battery+1"],"picked":"Glacier+1","floor":24.0},{"not_picked":["Beam Cell","Ball Lightning"],"picked":"Auto Shields+1","floor":25.0},{"not_picked":["Streamline","Scrape"],"picked":"Creative AI","floor":28.0},{"not_picked":["Chill+1","All For One"],"picked":"Stack+1","floor":30}],"player_experience":1247855,"relics_obtained":[{"floor":7.0,"key":"Dream Catcher"},{"floor":9.0,"key":"Happy Flower"},{"floor":12.0,"key":"War Paint"},{"floor":24.0,"key":"Smiling Mask"},{"floor":26.0,"key":"Shuriken"},{"floor":30,"key":"Blue Candle"}],"event_choices":[{"damage_healed":0.0,"max_hp_gain":0.0,"max_hp_loss":0.0,"gold_gain":0.0,"event_name":"Upgrade Shrine","player_choice":"Upgraded","floor":10.0,"gold_loss":0.0,"damage_taken":0.0,"cards_upgraded":["Go for the Eyes"]},{"damage_healed":0.0,"max_hp_gain":0.0,"max_hp_loss":0.0,"gold_gain":0.0,"event_name":"The Library","player_choice":"Read","floor":21.0,"gold_loss":0.0,"damage_taken":0.0,"cards_obtained":["Biased Cognition"]},{"damage_healed":0.0,"max_hp_gain":0.0,"max_hp_loss":0.0,"gold_gain":0.0,"cards_transformed":["Strike_B","Strike_B"],"event_name":"Drug Dealer","player_choice":"Became Test Subject","floor":27.0,"gold_loss":0.0,"damage_taken":0.0,"cards_obtained":["Coolheaded","Static Discharge"]}],"is_beta":false,"boss_relics":[{"not_picked":["Busted Crown","Coffee Dripper"],"picked":"Velvet Choker"}],"items_purged_floors":[22,31],"is_endless":false,"potions_floor_spawned":[3,4,7,13,14,19,28],"killed_by":"Automaton","ascension_level":20}}