{"host":"4a0aa7b2d8dxohwr","time":1607752897,"event":{"mods":["Act Like it!","BaseMod","Dota2Spire","Gensokyo","GifTheSpireLib","GungeonMod","Lobotomy","LobotomyExtend","Marisa£®ÏF”Í°°ƒß¿Ì…≥£©","Minty Spire (QoL Compilation)","Reimu£®≤©¿ˆ¡È√Œ£©","Remilia£®¿Ÿ√◊¿Ú—«£©","Replay The Spire","Shop Mod","StSLib","The Senshi","Youmu£®ªÍ∆«—˝√Œ£©"],"gold_per_floor":[110,123,134,134,134,162,162,180,180,207,207,221,237,264,264,362,362,381,391,408,498,513,538,552,579,579,591,608,639,564,579,579,680,680,697,697,697,709,727,758,775,805,855,855,855,855,888,888,888,888,888,888,59,86,86],"floor_reached":56,"playtime":2424,"items_purged":["Strike_RM"],"score":2411,"play_id":"3bededec-4b17-4f95-9c5b-ae0fc038477c","local_time":"20201212140137","is_ascension_mode":true,"campfire_choices":[{"data":"BombardNight","floor":7.0,"key":"SMITH"},{"data":"BloodySeventeenLaser","floor":15.0,"key":"SMITH"},{"data":"Stigmanizer","floor":32.0,"key":"SMITH"},{"data":"ScarletDevilSign","floor":44,"key":"SMITH"},{"data":"DiffusionOfMisfortune","floor":46,"key":"SMITH"},{"floor":49,"key":"RECALL"},{"data":"EternalNight","floor":52,"key":"SMITH"}],"circlet_count":0,"master_deck":["AscendersBane","Strike_RM","Defend_RM","Defend_RM","Defend_RM","Defend_RM","RedMoon","ScarletShoot","NightDance","BombardNight+1","DiffusionOfMisfortune+1","BloodySeventeenLaser+1","StarOfDavid","MastersStateliness+1","ChainGang","FitfulNightmare+1","DemonKingCradle+1","UnstableMagic+1","NightLord+1","Stigmanizer+1","MillenniumVampire+1","EternalNight+1","ScarletDevilSign+1","ScarletSymphony","ScarletCoffin","Writhe","DemonKingCradle+1","MastersStateliness+1","ScarletNetherworld+1","MillenniumVampire+1","BatForm+1","MastersStateliness+1","BloodyHallows"],"relics":["ScarletHat","Vajra","Dota2Spire:MonkeyKingBar","DemoMod:ClearGuonStone","Frozen Egg 2","DemoMod:PinkGuonStone","TypeBBloodRedTea","Painkiller Herb","Blue Candle","Akabeko","Dota2Spire:OrchidMalevolence","Incense Burner","ReplayTheSpireMod:DimensionalGlitch","DemoMod:WhiteGuonStone","Mercury Hourglass","ReplayTheSpireMod:Shallot","Replay:Ringing Soul","Dota2Spire:HeartOfTarrasque","DemoMod:BlueGuonStone","Replay:PocketPolymizer"],"acts_visited":["Exordium","TheCity","TheBeyond","TheEnding"],"potions_floor_usage":[55,55],"damage_taken":[{"damage":0.0,"enemies":"Small Slimes","floor":1.0,"turns":4.0},{"damage":0.0,"enemies":"Cultist","floor":2.0,"turns":4.0},{"damage":7.0,"enemies":"Jaw Worm","floor":3.0,"turns":4.0},{"damage":0.0,"enemies":"3 Sentries","floor":6.0,"turns":3.0},{"damage":4.0,"enemies":"Red Slaver","floor":8.0,"turns":3.0},{"damage":4.0,"enemies":"Lagavulin","floor":10.0,"turns":5.0},{"damage":0.0,"enemies":"Looter","floor":12.0,"turns":2.0},{"damage":9.0,"enemies":"3 Louse","floor":13.0,"turns":2.0},{"damage":0.0,"enemies":"3 Sentries","floor":14.0,"turns":4.0},{"damage":4.0,"enemies":"Fading Forest","floor":16.0,"turns":11.0},{"damage":0.0,"enemies":"Spheric Guardian","floor":18.0,"turns":1.0},{"damage":0.0,"enemies":"Shell Parasite","floor":19.0,"turns":2.0},{"damage":1.0,"enemies":"Snake Plant","floor":20.0,"turns":4.0},{"damage":0.0,"enemies":"Snecko","floor":22.0,"turns":3.0},{"damage":5.0,"enemies":"Replay:Snechameleon","floor":23.0,"turns":3.0},{"damage":0.0,"enemies":"Cultist and Chosen","floor":24.0,"turns":4.0},{"damage":6.0,"enemies":"Book of Stabbing","floor":25.0,"turns":4.0},{"damage":0.0,"enemies":"Centurion and Healer","floor":27.0,"turns":2.0},{"damage":0.0,"enemies":"Snake Plant","floor":28.0,"turns":1.0},{"damage":0.0,"enemies":"Replay:Snechameleon","floor":29.0,"turns":3.0},{"damage":0.0,"enemies":"Chosen and Byrds","floor":31.0,"turns":2.0},{"damage":2.0,"enemies":"Champ","floor":33.0,"turns":5.0},{"damage":0.0,"enemies":"3 Darklings","floor":35.0,"turns":2.0},{"damage":24,"enemies":"3 Shapes","floor":38,"turns":2},{"damage":16,"enemies":"Writhing Mass","floor":39,"turns":3},{"damage":0,"enemies":"R_Hoarder","floor":40,"turns":4},{"damage":0,"enemies":"3 Darklings","floor":41,"turns":3},{"damage":0,"enemies":"Nemesis","floor":42,"turns":5},{"damage":0,"enemies":"R_Hoarder","floor":47,"turns":4},{"damage":0,"enemies":"Donu and Deca","floor":50,"turns":5},{"damage":99,"enemies":"Shield and Spear","floor":54,"turns":4},{"damage":20,"enemies":"The Heart","floor":55,"turns":9}],"seed_played":"-4747177705899685888","potions_obtained":[{"floor":2.0,"key":"Death Potion"},{"floor":8.0,"key":"Fire Potion"},{"floor":10.0,"key":"Fruit Juice"},{"floor":18.0,"key":"Block Potion"},{"floor":20.0,"key":"FearPotion"},{"floor":27.0,"key":"PowerPotion"}],"is_trial":false,"path_per_floor":["M","M","M","?","?","E","R","M","T","E","?","M","M","E","R","B",null,"?","?","?","?","?","E","?","E","T","?","?","E","?","?","T","B",null,"?","?","?","?","?","E","?","E","T","T","T","T","E","?","T","B",null,"T","T","E","B",null],"character_chosen":"REMILIA","items_purchased":["Dota2Spire:HeartOfTarrasque","MastersStateliness+1","DemoMod:BlueGuonStone","BloodyHallows"],"campfire_rested":0,"item_purchase_floors":[53,53,53,53],"current_hp_per_floor":[68,68,61,49,49,49,49,45,45,59,59,61,52,52,52,80,85,87,87,87,75,84,87,87,87,87,87,87,87,87,87,87,87,87,87,87,87,63,54,68,70,75,75,75,75,75,87,12,12,26,72,72,83,18,42],"gold":86,"neow_bonus":"RANDOM_COMMON_RELIC","is_daily":false,"chose_seed":false,"campfire_upgraded":6,"win_rate":0.0,"timestamp":1607752897,"path_taken":["M","M","M","?","?","E","R","M","T","E","?","?","M","E","R","BOSS","?","?","?","?","?","E","?","E","T","?","?","E","?","?","T","BOSS","?","?","?","?","?","E","?","E","T","T","?","T","E","?","T","BOSS","T","T","E","BOSS"],"items_purchased_type":["Relic","Card","Relic","Card"],"build_version":"2020-11-30","purchased_purges":1,"victory":true,"max_hp_per_floor":[75,75,75,75,75,75,75,75,75,87,87,87,87,87,87,87,87,87,87,87,87,87,87,87,87,87,87,87,87,87,87,87,87,87,87,87,87,87,87,87,87,87,87,87,87,87,87,87,87,87,87,87,98,98,98],"card_choices":[{"not_picked":["BlasphemousPunishment","VampireSweep"],"picked":"NightDance","floor":1.0},{"not_picked":["BlasphemousPunishment","MastersStateliness"],"picked":"BombardNight","floor":2.0},{"not_picked":["BloodyMagicSquare","BloodAndWine"],"picked":"DiffusionOfMisfortune","floor":3.0},{"not_picked":["DiffusionOfMisfortune","VampireFantasy"],"picked":"BloodySeventeenLaser","floor":6.0},{"not_picked":["VampireKiss","RedRainbow","ForbiddenFruit"],"picked":"SKIP","floor":8.0},{"not_picked":["BloodyTrap","HunterOfTheNight"],"picked":"StarOfDavid","floor":10.0},{"not_picked":["EquivalentExchange+1","BombardNight"],"picked":"MastersStateliness+1","floor":12.0},{"not_picked":["DevilSight","UnderTheZenith"],"picked":"ChainGang","floor":13.0},{"not_picked":["RedNightlessCastle","CharismaGuard+1"],"picked":"FitfulNightmare+1","floor":14.0},{"not_picked":["CurseOfVladTepes+1","QueenOfMidnight+1"],"picked":"DemonKingCradle+1","floor":16.0},{"not_picked":["BombardNight","TwelveNightmare+1"],"picked":"UnstableMagic+1","floor":18.0},{"not_picked":["SuperhumanBloodyKnife+1","BombardNight+1"],"picked":"NightLord+1","floor":19.0},{"not_picked":["BlasphemousPunishment+1","HeartBreak"],"picked":"Stigmanizer","floor":20.0},{"not_picked":["ScarletDevil","Maim","FavorOfDestiny+1"],"picked":"SKIP","floor":20.0},{"not_picked":["Stigmanizer","NightDance","RedRainbow"],"picked":"SKIP","floor":22.0},{"not_picked":["BloodHunter+1","GlobalNightmare+1"],"picked":"MillenniumVampire+1","floor":23.0},{"not_picked":["BloodHunter","UnderTheZenith"],"picked":"EternalNight","floor":24.0},{"not_picked":["BlasphemousPunishment","BloodHunter+1","VampireKiss"],"picked":"SKIP","floor":25.0},{"not_picked":["UnderTheZenith+1","StarOfDavid+1"],"picked":"ScarletDevilSign","floor":27.0},{"not_picked":["BloodHunter","NightDance"],"picked":"ScarletSymphony","floor":28.0},{"not_picked":["ScarletDevil","ChainGang","ForbiddenFruit"],"picked":"SKIP","floor":29.0},{"not_picked":["BlasphemousPunishment","BombardNight+1","BloodHunter"],"picked":"SKIP","floor":31.0},{"not_picked":["TransientEternity+1","TricksterDevil+1"],"picked":"ScarletCoffin","floor":33.0},{"not_picked":["RedRainbow","UltimateOffering","NightDance+1"],"picked":"SKIP","floor":35.0},{"not_picked":["BloodHunter+1","VampirishNight+1"],"picked":"MastersStateliness+1","floor":38},{"not_picked":["Stigmanizer+1","StarOfDavid"],"picked":"ScarletNetherworld+1","floor":39},{"not_picked":["BadLadyScramble","UltimateOffering+1"],"picked":"MillenniumVampire+1","floor":40},{"not_picked":["VampirishNight+1","Stigmanizer+1","BloodyTrap+1"],"picked":"SKIP","floor":41},{"not_picked":["FitfulNightmare+1","UnderTheZenith"],"picked":"BatForm+1","floor":42},{"not_picked":["EternalNight","DiffusionOfMisfortune+1","BombardNight"],"picked":"SKIP","floor":47},{"not_picked":["CharismaGuard+1","Stigmanizer","GlobalNightmare+1"],"picked":"SKIP","floor":54}],"player_experience":435048,"relics_obtained":[{"floor":6.0,"key":"DemoMod:ClearGuonStone"},{"floor":9.0,"key":"Frozen Egg 2"},{"floor":10.0,"key":"DemoMod:PinkGuonStone"},{"floor":14.0,"key":"TypeBBloodRedTea"},{"floor":23.0,"key":"Blue Candle"},{"floor":25.0,"key":"Akabeko"},{"floor":26.0,"key":"Dota2Spire:OrchidMalevolence"},{"floor":29.0,"key":"Incense Burner"},{"floor":40,"key":"DemoMod:WhiteGuonStone"},{"floor":42,"key":"Mercury Hourglass"},{"floor":45,"key":"ReplayTheSpireMod:Shallot"},{"floor":47,"key":"Replay:Ringing Soul"},{"floor":54,"key":"Replay:PocketPolymizer"}],"event_choices":[{"damage_healed":0.0,"max_hp_gain":0.0,"max_hp_loss":0.0,"gold_gain":0.0,"event_name":"Scrap Ooze","player_choice":"Success","floor":4.0,"gold_loss":0.0,"damage_taken":12.0,"relics_obtained":["Dota2Spire:MonkeyKingBar"]},{"cards_removed":["Strike_RM"],"damage_healed":0.0,"max_hp_gain":0.0,"max_hp_loss":0.0,"gold_gain":0.0,"event_name":"Bonfire Elementals","player_choice":"Offered Basic","floor":11.0,"gold_loss":0.0,"damage_taken":0.0},{"damage_healed":0.0,"max_hp_gain":0.0,"max_hp_loss":0.0,"gold_gain":90.0,"event_name":"Knowing Skull","player_choice":"GOLD ","floor":21.0,"potions_obtained":[],"gold_loss":0.0,"damage_taken":12.0,"cards_obtained":[]},{"cards_removed":["Strike_RM"],"damage_healed":0.0,"max_hp_gain":0.0,"max_hp_loss":0.0,"gold_gain":0.0,"event_name":"Beggar","player_choice":"Gave Gold","floor":30.0,"gold_loss":75.0,"damage_taken":0.0},{"damage_healed":22.0,"max_hp_gain":0.0,"max_hp_loss":0.0,"gold_gain":0.0,"event_name":"Winding Halls","player_choice":"Writhe","floor":36.0,"gold_loss":0.0,"damage_taken":0.0,"cards_obtained":["Writhe"]},{"damage_healed":0,"gold_gain":0,"player_choice":"1 cards matched","damage_taken":0,"max_hp_gain":0,"max_hp_loss":0,"event_name":"Match and Keep!","floor":37,"gold_loss":0,"cards_obtained":["DemonKingCradle"]}],"is_beta":false,"boss_relics":[{"not_picked":["theSenshi:MoonKaleidoScopeRelic","Pandora\u0027s Box"],"picked":"Painkiller Herb"},{"not_picked":["Kintsugi","SlaversCollar"],"picked":"ReplayTheSpireMod:DimensionalGlitch"}],"items_purged_floors":[53],"is_endless":false,"potions_floor_spawned":[2,8,10,18,20,23,27,35,40,42,54],"ascension_level":11}}