{"host":"4a74ahoqn3axhnkt","time":1607765712,"event":{"mods":["AchievementEnabler","BaseMod","Colored Powertips","Energized Spire","Minty Spire (QoL Compilation)","Remove Card Discount Mod","Replay The Spire","Shop Mod","StSLib"],"gold_per_floor":[117,392,405,419,53,53,88,88,88,107,126,143,156,190,190,294,294,314,413,451,465,10,10,10,10],"floor_reached":24,"playtime":2809,"items_purged":["Regret","Defend_P","Strike_P","Defend_P","Indignation"],"score":312,"play_id":"4f1104a2-3de7-4b0a-aaa2-6e883a3d77f1","local_time":"20201212033512","is_ascension_mode":true,"campfire_choices":[{"data":"Eruption","floor":6,"key":"SMITH"},{"data":"WindmillStrike","floor":8,"key":"SMITH"},{"floor":15,"key":"REST"},{"floor":23,"key":"REST"}],"circlet_count":0,"master_deck":["Strike_P","Strike_P","Strike_P","Defend_P","Defend_P","Eruption+1","Vigilance","WindmillStrike+1","Halt","Replay:ManipulateFuture","Nirvana","Nirvana","FearNoEvil","WheelKick","Replay:ManipulateFuture","Wish","ClearTheMind+1","Replay:ManipulateFuture+1","Wireheading"],"relics":["PureWater","MerchantsRug","Melange","Incense Burner","Gambling Chip","The Courier","SlaversCollar","Lantern","HornCleat","HandDrill"],"acts_visited":["Exordium","TheCity"],"potions_floor_usage":[4,14,16,18,21,24],"damage_taken":[{"damage":0,"enemies":"Small Slimes","floor":1,"turns":2},{"damage":0,"enemies":"Cultist","floor":3,"turns":2},{"damage":0,"enemies":"Jaw Worm","floor":4,"turns":3},{"damage":25,"enemies":"Gremlin Nob","floor":7,"turns":4},{"damage":12,"enemies":"3 Louse","floor":10,"turns":2},{"damage":0,"enemies":"Looter","floor":11,"turns":1},{"damage":4,"enemies":"Exordium Wildlife","floor":12,"turns":3},{"damage":0,"enemies":"Large Slime","floor":13,"turns":4},{"damage":4,"enemies":"3 Sentries","floor":14,"turns":4},{"damage":14,"enemies":"Fading Forest","floor":16,"turns":11},{"damage":19,"enemies":"Shell Parasite","floor":18,"turns":3},{"damage":14,"enemies":"Chosen","floor":20,"turns":5},{"damage":4,"enemies":"Centurion and Healer","floor":21,"turns":5},{"damage":52,"enemies":"Slavers","floor":24,"turns":4}],"seed_played":"-4125715642138329529","potions_obtained":[{"floor":0,"key":"SmokeBomb"},{"floor":0,"key":"Doom Potion"},{"floor":0,"key":"SteroidPotion"},{"floor":10,"key":"FearPotion"},{"floor":11,"key":"DistilledChaos"},{"floor":13,"key":"Block Potion"},{"floor":14,"key":"PowerPotion"},{"floor":18,"key":"BottledMiracle"}],"is_trial":false,"path_per_floor":["M","?","M","M","$","R","E","R","T","M","M","M","M","E","R","B",null,"M","?","M","M","$","R","E"],"character_chosen":"WATCHER","items_purchased":["MerchantsRug","Nirvana","FearNoEvil","Melange","Lantern","HornCleat","HandDrill"],"campfire_rested":2,"item_purchase_floors":[5,5,5,5,22,22,22],"current_hp_per_floor":[72,72,72,72,72,72,47,47,47,35,35,31,31,27,48,56,72,53,53,39,35,35,56,4,4],"gold":10,"neow_bonus":"THREE_SMALL_POTIONS","is_daily":false,"chose_seed":false,"campfire_upgraded":2,"win_rate":0.0,"timestamp":1607765712,"path_taken":["M","?","M","?","$","R","E","R","T","M","M","M","M","E","R","BOSS","M","?","M","M","$","R","E"],"items_purchased_type":["Relic","Card","Card","Relic","Relic","Relic","Relic"],"build_version":"2020-11-30","purchased_purges":5,"victory":false,"max_hp_per_floor":[72,72,72,72,72,72,72,72,72,72,72,72,72,72,72,72,72,72,72,72,72,72,72,72,72],"card_choices":[{"not_picked":["Pray","Crescendo"],"picked":"WindmillStrike","floor":1},{"not_picked":["Replay:Anticipation","CarveReality"],"picked":"Halt","floor":3},{"not_picked":["CutThroughFate","ClearTheMind"],"picked":"Replay:ManipulateFuture","floor":4},{"not_picked":["ClearTheMind","SashWhip","EmptyBody"],"picked":"SKIP","floor":7},{"not_picked":["Adaptation","ClearTheMind","BattleHymn"],"picked":"SKIP","floor":10},{"not_picked":["Replay:AtTheReady","EmptyFist"],"picked":"Indignation","floor":11},{"not_picked":["Omniscience","Crescendo"],"picked":"WheelKick","floor":12},{"not_picked":["SashWhip","FlurryOfBlows"],"picked":"Replay:ManipulateFuture","floor":13},{"not_picked":["EmptyBody","Crescendo","SashWhip"],"picked":"SKIP","floor":14},{"not_picked":["Brilliance","Scrawl"],"picked":"Wish","floor":16},{"not_picked":["CrushJoints","Replay:Anticipation"],"picked":"ClearTheMind+1","floor":18},{"not_picked":["Crescendo+1","BowlingBash"],"picked":"Replay:ManipulateFuture+1","floor":20},{"not_picked":["CutThroughFate+1","Wallop+1"],"picked":"Wireheading","floor":21}],"player_experience":277518,"relics_obtained":[{"floor":7,"key":"Incense Burner"},{"floor":9,"key":"Gambling Chip"},{"floor":14,"key":"The Courier"}],"event_choices":[{"damage_healed":0,"gold_gain":275,"player_choice":"Desecrate","damage_taken":0,"max_hp_gain":0,"max_hp_loss":0,"event_name":"Golden Shrine","floor":2,"gold_loss":0,"cards_obtained":["Regret"]},{"damage_healed":0,"gold_gain":99,"player_choice":"Stole From Cult","damage_taken":0,"max_hp_gain":0,"max_hp_loss":0,"event_name":"Nest","floor":19,"gold_loss":0}],"is_beta":false,"boss_relics":[{"not_picked":["Tiny House","Runic Dome"],"picked":"SlaversCollar"}],"items_purged_floors":[5,5,5,22,22],"is_endless":false,"potions_floor_spawned":[10,11,13,14,18],"killed_by":"Slavers","ascension_level":4}}