{"host":"9tzam4717zt8ei1o","time":1607785525,"event":{"mods":["BaseMod","Colored Map","Keyboard Shortcuts","Minty Spire (QoL Compilation)","Quick Restart","StSLib","SuperFastMode"],"gold_per_floor":[115,115,4,4,17,17,51,51,51,79,97,122,22,35,35,138,138,149,149,149,163,15,15,48,48,48,77,77,105,105,138,138,234,234,248,262,158,208,208,208,235,235,308,318,318,95,95,105,105,105],"floor_reached":51,"playtime":1323,"items_purged":["Strike_G","Decay","Defend_G","Defend_G"],"score":1272,"play_id":"1bcb21d1-6538-4fdc-ba08-2a01e28098be","local_time":"20201213000525","is_ascension_mode":true,"campfire_choices":[{"data":"Bouncing Flask","floor":6,"key":"SMITH"},{"data":"Dagger Spray","floor":8,"key":"SMITH"},{"data":"Backflip","floor":15,"key":"SMITH"},{"data":"Calculated Gamble","floor":23,"key":"SMITH"},{"data":"Adrenaline","floor":25,"key":"SMITH"},{"floor":28,"key":"REST"},{"data":"Venomology","floor":32,"key":"SMITH"},{"data":"Tactician","floor":40,"key":"SMITH"},{"data":"Adrenaline","floor":45,"key":"SMITH"},{"floor":49,"key":"REST"}],"circlet_count":0,"master_deck":["Defend_G","Defend_G","Defend_G","Survivor","Neutralize+1","Dagger Spray+1","Bouncing Flask+1","Backflip+1","Adrenaline+1","Outmaneuver+1","Calculated Gamble+1","Blur+1","Venomology+1","Grand Finale","Dodge and Roll+1","Malaise+1","Grand Finale+1","Tactician+1","Adrenaline+1","Reflex+1"],"relics":["Ring of the Snake","NeowsBlessing","Sundial","WingedGreaves","Ornamental Fan","Odd Mushroom","Runic Pyramid","Membership Card","PreservedInsect","Paper Crane","Unceasing Top","Anchor","Mummified Hand","Astrolabe","Gambling Chip","White Beast Statue","Question Card","TheAbacus"],"acts_visited":["Exordium","TheCity","TheBeyond"],"potions_floor_usage":[16,24,24,27,35,36,38,41,44,46,50],"damage_taken":[{"damage":0,"enemies":"Small Slimes","floor":1,"turns":1},{"damage":0,"enemies":"2 Louse","floor":5,"turns":1},{"damage":0,"enemies":"Gremlin Nob","floor":7,"turns":1},{"damage":19,"enemies":"3 Sentries","floor":10,"turns":6},{"damage":0,"enemies":"Cultist","floor":11,"turns":4},{"damage":4,"enemies":"The Mushroom Lair","floor":12,"turns":3},{"damage":0,"enemies":"Blue Slaver","floor":14,"turns":3},{"damage":0,"enemies":"Hexaghost","floor":16,"turns":6},{"damage":0,"enemies":"Chosen","floor":18,"turns":4},{"damage":11,"enemies":"2 Thieves","floor":21,"turns":3},{"damage":24,"enemies":"Slavers","floor":24,"turns":5},{"damage":2,"enemies":"Gremlin Leader","floor":27,"turns":6},{"damage":0,"enemies":"Book of Stabbing","floor":29,"turns":4},{"damage":0,"enemies":"Gremlin Leader","floor":31,"turns":5},{"damage":23,"enemies":"Champ","floor":33,"turns":14},{"damage":0,"enemies":"Orb Walker","floor":35,"turns":4},{"damage":20,"enemies":"3 Shapes","floor":36,"turns":6},{"damage":0,"enemies":"Mind Bloom Boss Battle","floor":38,"turns":11},{"damage":0,"enemies":"Nemesis","floor":41,"turns":3},{"damage":2,"enemies":"Transient","floor":44,"turns":5},{"damage":0,"enemies":"Spire Growth","floor":48,"turns":3},{"damage":0,"enemies":"Donu and Deca","floor":50,"turns":7}],"seed_played":"-2038576546851087438","potions_obtained":[{"floor":11,"key":"Strength Potion"},{"floor":12,"key":"DuplicationPotion"},{"floor":14,"key":"Swift Potion"},{"floor":16,"key":"Regen Potion"},{"floor":21,"key":"DistilledChaos"},{"floor":24,"key":"SkillPotion"},{"floor":27,"key":"Energy Potion"},{"floor":35,"key":"GhostInAJar"}],"is_trial":false,"path_per_floor":["M","?","$","?","M","R","E","R","T","E","M","?","$","M","R","B",null,"M","?","?","M","$","R","E","R","T","E","R","E","?","E","R","B",null,"M","M","$","?","?","R","E","?","T","M","R","$","?","M","R","B",null],"character_chosen":"THE_SILENT","items_purchased":["Bouncing Flask","Membership Card","Tactician","TheAbacus","Fruit Juice","PowerPotion"],"campfire_rested":2,"item_purchase_floors":[3,22,37,46,46,46],"current_hp_per_floor":[63,49,49,49,49,49,49,49,49,30,30,26,26,26,26,26,59,59,59,59,48,48,48,24,24,24,37,58,58,58,58,58,35,61,61,41,41,41,41,41,41,41,41,39,39,44,44,44,65,65],"gold":105,"neow_bonus":"THREE_ENEMY_KILL","is_daily":false,"chose_seed":false,"campfire_upgraded":8,"win_rate":0.0,"timestamp":1607785525,"path_taken":["M","?","$","?","?","R","E","R","T","E","M","?","$","M","R","BOSS","M","?","?","M","$","R","E","R","T","E","R","E","?","E","R","BOSS","M","M","$","?","?","R","E","?","T","M","R","$","?","M","R","BOSS"],"items_purchased_type":["Card","Relic","Card","Relic","Potion","Potion"],"build_version":"2020-11-30","purchased_purges":4,"victory":true,"max_hp_per_floor":[70,70,70,70,70,70,70,70,70,70,70,70,70,70,70,70,70,70,70,70,70,70,70,70,70,70,70,70,70,70,70,70,70,70,70,70,70,70,70,70,70,70,70,70,70,75,71,71,71,71],"card_choices":[{"not_picked":["Cloak And Dagger","PiercingWail"],"picked":"Dagger Spray","floor":1},{"not_picked":["Blade Dance","Dagger Throw","Flechettes"],"picked":"SKIP","floor":5},{"not_picked":["Riddle With Holes","Dagger Throw","Outmaneuver"],"picked":"SKIP","floor":7},{"not_picked":["Deflect","Cloak And Dagger","Accuracy"],"picked":"SKIP","floor":10},{"not_picked":["Flechettes","Quick Slash"],"picked":"Backflip","floor":11},{"not_picked":["Eviscerate","Heel Hook","Expertise"],"picked":"SKIP","floor":14},{"not_picked":["Night Terror","Unload"],"picked":"Adrenaline","floor":16},{"not_picked":["Blade Dance","Bouncing Flask"],"picked":"Outmaneuver+1","floor":18},{"not_picked":["Underhanded Strike","Backflip","Blade Dance"],"picked":"SKIP","floor":21},{"not_picked":["Deflect","Crippling Poison","Acrobatics"],"picked":"SKIP","floor":24},{"not_picked":["Dagger Throw","Blade Dance+1","Outmaneuver+1"],"picked":"SKIP","floor":27},{"not_picked":["Crippling Poison","Infinite Blades+1"],"picked":"Blur+1","floor":29},{"not_picked":["Crippling Poison","Terror"],"picked":"Venomology","floor":31},{"not_picked":["Tools of the Trade","Glass Knife"],"picked":"Grand Finale","floor":33},{"not_picked":["Slice","Dagger Spray+1","All Out Attack"],"picked":"SKIP","floor":35},{"not_picked":["Dagger Throw","Concentrate+1","Slice+1"],"picked":"SKIP","floor":36},{"not_picked":["Deadly Poison","Heel Hook+1"],"picked":"Adrenaline","floor":38},{"not_picked":["All Out Attack+1","Skewer+1"],"picked":"Reflex+1","floor":41},{"not_picked":["Endless Agony","Cloak And Dagger","Dodge and Roll+1","Bouncing Flask"],"picked":"SKIP","floor":44},{"not_picked":["Reflex","Eviscerate","Terror+1","Dagger Spray+1"],"picked":"SKIP","floor":48}],"player_experience":62768,"relics_obtained":[{"floor":7,"key":"Sundial"},{"floor":9,"key":"WingedGreaves"},{"floor":10,"key":"Ornamental Fan"},{"floor":12,"key":"Odd Mushroom"},{"floor":24,"key":"PreservedInsect"},{"floor":26,"key":"Paper Crane"},{"floor":27,"key":"Unceasing Top"},{"floor":29,"key":"Anchor"},{"floor":31,"key":"Mummified Hand"},{"floor":38,"key":"Gambling Chip"},{"floor":41,"key":"White Beast Statue"},{"floor":43,"key":"Question Card"}],"event_choices":[{"damage_healed":0,"gold_gain":0,"player_choice":"Entered Light","damage_taken":14,"max_hp_gain":0,"max_hp_loss":0,"event_name":"Shining Light","floor":2,"gold_loss":0,"cards_upgraded":["Neutralize","Strike_G"]},{"damage_healed":0,"gold_gain":0,"player_choice":"Cursed","damage_taken":0,"max_hp_gain":0,"max_hp_loss":0,"event_name":"Wheel of Change","floor":4,"gold_loss":0,"cards_obtained":["Decay"]},{"damage_healed":0,"gold_gain":0,"player_choice":"Fought Mushrooms","damage_taken":0,"max_hp_gain":0,"max_hp_loss":0,"event_name":"Mushrooms","floor":12,"gold_loss":0},{"damage_healed":0,"gold_gain":0,"player_choice":"Read","damage_taken":0,"max_hp_gain":0,"max_hp_loss":0,"event_name":"The Library","floor":19,"gold_loss":0,"cards_obtained":["Calculated Gamble"]},{"damage_healed":0,"gold_gain":0,"player_choice":"Ignored","damage_taken":0,"max_hp_gain":0,"max_hp_loss":0,"event_name":"Cursed Tome","floor":20,"gold_loss":0},{"cards_removed":["Strike_G"],"damage_healed":0,"gold_gain":0,"player_choice":"Elegance","damage_taken":0,"max_hp_gain":0,"max_hp_loss":0,"event_name":"Back to Basics","floor":30,"gold_loss":0},{"damage_healed":0,"gold_gain":0,"player_choice":"Fight","damage_taken":0,"max_hp_gain":0,"max_hp_loss":0,"event_name":"MindBloom","floor":38,"gold_loss":0},{"damage_healed":0,"gold_gain":0,"player_choice":"Memory 1","damage_taken":0,"max_hp_gain":0,"max_hp_loss":0,"event_name":"SensoryStone","floor":39,"gold_loss":0},{"damage_healed":0,"gold_gain":0,"player_choice":"Ignored","damage_taken":0,"max_hp_gain":0,"max_hp_loss":0,"event_name":"Tomb of Lord Red Mask","floor":42,"gold_loss":0},{"damage_healed":0,"gold_gain":0,"player_choice":"Max HP","damage_taken":0,"max_hp_gain":0,"max_hp_loss":4,"event_name":"Winding Halls","floor":47,"gold_loss":0}],"is_beta":false,"boss_relics":[{"not_picked":["Pandora\u0027s Box","Busted Crown"],"picked":"Runic Pyramid"},{"not_picked":["Snecko Eye","SlaversCollar"],"picked":"Astrolabe"}],"items_purged_floors":[3,13,37,46],"is_endless":false,"potions_floor_spawned":[11,12,14,16,21,24,27,33,35,38,44,48],"ascension_level":7}}