{"host":"q2l6xtlpu05lrop8","time":1607807929,"event":{"mods":["AchievementEnabler","Ascension Reborn","BaseMod","BetterRewards","Colored Map","Googly Eyes","Hubris","Minty Spire (QoL Compilation)","Replay The Spire","StSLib","The Construct","The IronCluck","slay the spire mod where everything is the same but ironclad has a cowboy hat"],"gold_per_floor":[119,119,133,150,165,165,200,200,250,250,265,297,311,325,325,421,421,432,443,191,191,204,239,38,67,67,67,84,84,110,134,134,239,239,256,276,122,133,133,172,172,222,274,274,311,311,188,228,228,238],"floor_reached":51,"playtime":2478,"items_purged":["Strike_G+1","Strike_G+1","Strike_G+1","Tactician+1","Doppelganger+1","Dagger Spray"],"score":1077,"play_id":"53471522-9ee2-4b03-930b-3ba78f2f3bd0","local_time":"20201212131849","is_ascension_mode":true,"campfire_choices":[{"data":"Catalyst","floor":6,"key":"SMITH"},{"data":"Footwork","floor":8,"key":"SMITH"},{"data":"Bouncing Flask","floor":15,"key":"SMITH"},{"data":"Noxious Fumes","floor":29,"key":"SMITH"},{"data":"Tools of the Trade","floor":32,"key":"SMITH"},{"data":"Well Laid Plans","floor":41,"key":"SMITH"},{"data":"PiercingWail","floor":44,"key":"SMITH"},{"data":"Masterful Stab","floor":49,"key":"PURGE"}],"circlet_count":0,"master_deck":["Defend_G+1","Defend_G+1","Defend_G+1","Defend_G+1","Survivor+1","Neutralize+1","Replay:Poison Smokescreen+1","Dagger Throw","ReplayTheSpireMod:Scrap Shanks","Cloak And Dagger","Footwork+1","Deflect","Catalyst+1","Deflect","Bouncing Flask+1","Dodge and Roll","Burst+1","Backflip","PiercingWail+1","Flechettes","Noxious Fumes+1","PiercingWail","PiercingWail+1","Tools of the Trade+1","After Image","Replay:Bag of Tricks+1","Footwork","Well Laid Plans+1","Panache","Replay:Sssssssssshield","Calculated Gamble+1","PiercingWail+1"],"relics":["Ring of the Snake","Mummified Hand","hubris:Teleporter","White Beast Statue","Garlic","Oddly Smooth Stone","Smiling Mask","Ninja Scroll","Coffee Dripper","Guide Book","Gremlin Food","Membership Card","Ancient Tea Set","Meat on the Bone","Vajra","Bronze Scales","Astrolabe","ReplayTheSpireMod:ShopPack","Lantern","Centennial Puzzle","Counterbalance","Replay:Bandana","Darkstone Periapt","MealTicket","Anchor","Toolbox"],"acts_visited":["Exordium","TheCity","TheBeyond"],"potions_floor_usage":[7,18,23,25,33,33,40],"damage_taken":[{"damage":0,"enemies":"Small Slimes","floor":1,"turns":3},{"damage":0,"enemies":"Cultist","floor":3,"turns":3},{"damage":0,"enemies":"2 Louse","floor":4,"turns":2},{"damage":0,"enemies":"Lots of Slimes","floor":5,"turns":2},{"damage":0,"enemies":"Gremlin Nob","floor":7,"turns":4},{"damage":0,"enemies":"3 Louse","floor":11,"turns":3},{"damage":0,"enemies":"Lagavulin","floor":12,"turns":7},{"damage":1,"enemies":"Large Slime","floor":13,"turns":2},{"damage":0,"enemies":"Looter","floor":14,"turns":2},{"damage":0,"enemies":"The Guardian","floor":16,"turns":5},{"damage":0,"enemies":"3 Byrds","floor":18,"turns":3},{"damage":0,"enemies":"2 Thieves","floor":19,"turns":3},{"damage":0,"enemies":"Snake Plant","floor":22,"turns":3},{"damage":9,"enemies":"Gremlin Leader","floor":23,"turns":8},{"damage":0,"enemies":"Book of Stabbing","floor":25,"turns":4},{"damage":0,"enemies":"Snecko","floor":28,"turns":4},{"damage":0,"enemies":"Slavers","floor":30,"turns":4},{"damage":3,"enemies":"Collector","floor":33,"turns":6},{"damage":0,"enemies":"3 Shapes","floor":35,"turns":4},{"damage":0,"enemies":"Orb Walker","floor":36,"turns":2},{"damage":0,"enemies":"3 Darklings","floor":38,"turns":4},{"damage":0,"enemies":"R_Hoarder","floor":40,"turns":6},{"damage":0,"enemies":"Nemesis","floor":42,"turns":8},{"damage":0,"enemies":"Maw","floor":45,"turns":4},{"damage":0,"enemies":"Transient","floor":48,"turns":5},{"damage":0,"enemies":"Replay:Hell Engine","floor":50,"turns":7}],"seed_played":"7910774391551951938","potions_obtained":[{"floor":1,"key":"Flashbang"},{"floor":3,"key":"Fire Potion"},{"floor":4,"key":"SpeedPotion"},{"floor":5,"key":"GamblersBrew"},{"floor":7,"key":"Block Potion"},{"floor":11,"key":"Energy Potion"},{"floor":18,"key":"Strength Potion"},{"floor":19,"key":"Block Potion"},{"floor":23,"key":"Swift Potion"},{"floor":25,"key":"Poison Potion"},{"floor":33,"key":"BlessingOfTheForge"},{"floor":35,"key":"Strength Potion"},{"floor":36,"key":"Dexterity Potion"},{"floor":40,"key":"SpeedPotion"},{"floor":42,"key":"GhostInAJar"},{"floor":45,"key":"Adrenaline Potion"}],"is_trial":false,"path_per_floor":["M","?","M","M","M","R","E","R","T","T","M","E","M","M","R","B",null,"M","M","$","?","M","E","$","E","T","?","M","R","E","T","R","B",null,"M","M","$","M","$","E","R","E","T","R","M","?","$","M","R_BF","B",null],"character_chosen":"THE_SILENT","items_purchased":["Mummified Hand","Replay:Poison Smokescreen","Dagger Throw","ReplayTheSpireMod:Scrap Shanks","Cloak And Dagger","Dagger Spray","White Beast Statue","PiercingWail","Guide Book","Membership Card","Noxious Fumes","PiercingWail","Well Laid Plans","ReplayTheSpireMod:ShopPack","Lantern","Centennial Puzzle","Counterbalance","Replay:Bandana","Toolbox"],"campfire_rested":0,"item_purchase_floors":[0,0,0,0,0,0,0,20,20,24,24,24,37,37,39,39,39,39,47],"current_hp_per_floor":[28,70,70,70,70,70,70,70,70,70,70,70,69,69,69,69,70,70,70,70,70,70,61,61,61,61,61,61,61,61,61,61,58,70,70,70,70,70,15,27,27,39,39,39,39,39,54,54,54,54],"gold":238,"neow_bonus":"","is_daily":false,"chose_seed":false,"campfire_upgraded":7,"win_rate":0.0,"timestamp":1607807929,"path_taken":["M","?","?","M","M","R","E","R","T","?","M","E","M","M","R","BOSS","M","M","?","?","M","E","$","E","T","?","M","R","E","?","R","BOSS","M","M","$","M","?","E","R","E","T","R","M","?","$","M","R_BF","BOSS"],"items_purchased_type":["Relic","Card","Card","Card","Card","Card","Relic","Card","Relic","Relic","Card","Card","Card","Relic","Relic","Relic","Relic","Relic","Relic"],"build_version":"2020-11-30","purchased_purges":6,"victory":true,"max_hp_per_floor":[70,70,70,70,70,70,70,70,70,70,70,70,70,70,70,70,70,70,70,70,70,70,70,70,70,70,70,70,70,70,70,70,70,70,70,70,70,70,70,70,70,70,70,70,70,70,70,70,70,70],"card_choices":[{"not_picked":["Outmaneuver","Dodge and Roll"],"picked":"Footwork","floor":1},{"not_picked":["Dodge and Roll","Dagger Throw"],"picked":"Deflect","floor":3},{"not_picked":["Hidden Blade","Quick Slash","Blur"],"picked":"SKIP","floor":4},{"not_picked":["Poison Darts","Backflip"],"picked":"Catalyst","floor":5},{"not_picked":["Infinite Blades","Choke"],"picked":"Deflect","floor":7},{"not_picked":["Flying Knee","Masterful Stab","Distraction"],"picked":"SKIP","floor":11},{"not_picked":["Flying Knee","Distraction"],"picked":"Masterful Stab","floor":11},{"not_picked":["hubris:TrickCloak","Bullet Time","Predator"],"picked":"SKIP","floor":12},{"not_picked":["Sucker Punch","Riddle With Holes"],"picked":"Bouncing Flask","floor":13},{"not_picked":["Distraction","Underhanded Strike"],"picked":"Dodge and Roll","floor":14},{"not_picked":["Grand Finale","Die Die Die"],"picked":"Burst","floor":16},{"not_picked":["Blade Dance","Flying Knee"],"picked":"Backflip","floor":18},{"not_picked":["Prepared","Outmaneuver","Sucker Punch"],"picked":"SKIP","floor":19},{"not_picked":["Choke+1","Poisoned Stab"],"picked":"Flechettes","floor":22},{"not_picked":["Cloak And Dagger","Poisoned Stab+1","hubris:Counter"],"picked":"SKIP","floor":23},{"not_picked":["Cloak And Dagger","Poisoned Stab+1","hubris:Counter"],"picked":"SKIP","floor":23},{"not_picked":["Poisoned Stab","Endless Agony","Bouncing Flask"],"picked":"SKIP","floor":25},{"not_picked":["Dodge and Roll","Backflip"],"picked":"PiercingWail+1","floor":28},{"not_picked":["Terror","Tactician+1"],"picked":"Tools of the Trade","floor":30},{"not_picked":["Adrenaline","Grand Finale"],"picked":"After Image","floor":33},{"not_picked":["Dagger Spray","Tactician"],"picked":"Footwork","floor":35},{"not_picked":["Outmaneuver+1","Infinite Blades","hubris:SlightOfHand"],"picked":"SKIP","floor":36},{"not_picked":["Secret Weapon","The Bomb"],"picked":"Panache","floor":37},{"not_picked":["Deep Breath","Panacea"],"picked":"Replay:Sssssssssshield","floor":37},{"not_picked":["Outmaneuver+1","Concentrate+1","Slice+1"],"picked":"SKIP","floor":38},{"not_picked":["Burst","Toxin Wave"],"picked":"Calculated Gamble+1","floor":40},{"not_picked":["Outmaneuver+1","Bouncing Flask","hubris:Counter"],"picked":"SKIP","floor":42},{"not_picked":["Riddle With Holes+1","Dagger Spray"],"picked":"PiercingWail+1","floor":45},{"not_picked":["Endless Agony+1","Sucker Punch+1","Dagger Spray+1"],"picked":"SKIP","floor":48}],"player_experience":776317,"relics_obtained":[{"floor":7,"key":"Garlic"},{"floor":9,"key":"Oddly Smooth Stone"},{"floor":10,"key":"Smiling Mask"},{"floor":12,"key":"Ninja Scroll"},{"floor":23,"key":"Gremlin Food"},{"floor":25,"key":"Ancient Tea Set"},{"floor":26,"key":"Meat on the Bone"},{"floor":30,"key":"Vajra"},{"floor":31,"key":"Bronze Scales"},{"floor":40,"key":"Darkstone Periapt"},{"floor":42,"key":"MealTicket"},{"floor":43,"key":"Anchor"}],"event_choices":[{"damage_healed":42,"gold_gain":0,"player_choice":"Full Heal","damage_taken":0,"max_hp_gain":0,"max_hp_loss":0,"event_name":"Wheel of Change","floor":2,"gold_loss":0},{"damage_healed":0,"gold_gain":0,"player_choice":"Ignored","damage_taken":0,"max_hp_gain":0,"max_hp_loss":0,"event_name":"Ghosts","floor":21,"gold_loss":0},{"cards_removed":["Strike_G"],"damage_healed":0,"gold_gain":0,"player_choice":"Elegance","damage_taken":0,"max_hp_gain":0,"max_hp_loss":0,"event_name":"Back to Basics","floor":27,"gold_loss":0},{"damage_healed":0,"gold_gain":0,"player_choice":"Ignored","damage_taken":0,"max_hp_gain":0,"max_hp_loss":0,"event_name":"Tomb of Lord Red Mask","floor":46,"gold_loss":0}],"is_beta":false,"boss_relics":[{"not_picked":["Painkiller Herb","Pandora\u0027s Box"],"picked":"Coffee Dripper"},{"not_picked":["Philosopher\u0027s Stone","Ring of Chaos"],"picked":"Astrolabe"}],"items_purged_floors":[0,0,20,37,39,47],"is_endless":false,"potions_floor_spawned":[1,3,4,5,7,11,12,13,14,16,18,19,22,23,25,28,30,33,35,36,38,40,42,45,48],"ascension_level":0}}