{"host":"q9718omregw4er46","time":1607774775,"event":{"mods":["BaseMod","Bestiary","Colored Powertips","Custom Start","Highlight Path","Minty Spire (QoL Compilation)","Practice Mode","Quick Restart","Relic Stats"],"gold_per_floor":[110,260,108,119,133,133,149,149,149,149,161,172,202,277,277,352,352,368,368,368,378,91,91,102,102,102,102,102],"floor_reached":27,"playtime":865,"items_purged":["Doubt"],"score":415,"play_id":"36f1ec7c-3c07-48b9-bd75-1f6e85b0d1a5","local_time":"20201212170615","is_ascension_mode":true,"campfire_choices":[{"data":"Capacitor","floor":6,"key":"SMITH"},{"data":"Genetic Algorithm","floor":8,"key":"SMITH"},{"data":"Zap","floor":10,"key":"SMITH"},{"floor":15,"key":"REST"},{"floor":23,"key":"REST"},{"floor":25,"key":"REST"}],"circlet_count":0,"master_deck":["AscendersBane","Strike_B+1","Strike_B+1","Strike_B+1","Strike_B+1","Defend_B+1","Defend_B+1","Defend_B+1","Defend_B+1","Zap+1","Dualcast","Capacitor+1","Genetic Algorithm+1","FTL","Cold Snap","Cold Snap","Barrage","Recycle","Seek"],"relics":["Cracked Core","Symbiotic Virus","TungstenRod","Inserter","Nloth\u0027s Gift","Cables","Bottled Flame"],"acts_visited":["Exordium","TheCity"],"potions_floor_usage":[13,16,24],"damage_taken":[{"damage":1,"enemies":"Cultist","floor":1,"turns":3},{"damage":11,"enemies":"Small Slimes","floor":4,"turns":4},{"damage":3,"enemies":"2 Louse","floor":5,"turns":3},{"damage":18,"enemies":"2 Fungi Beasts","floor":7,"turns":4},{"damage":3,"enemies":"Exordium Thugs","floor":11,"turns":4},{"damage":0,"enemies":"Looter","floor":12,"turns":3},{"damage":12,"enemies":"3 Sentries","floor":13,"turns":5},{"damage":6,"enemies":"Hexaghost","floor":16,"turns":9},{"damage":22,"enemies":"Spheric Guardian","floor":18,"turns":6},{"damage":23,"enemies":"Chosen","floor":21,"turns":5},{"damage":20,"enemies":"3 Cultists","floor":24,"turns":7},{"damage":11,"enemies":"Centurion and Healer","floor":27,"turns":2}],"seed_played":"477919636130414954","potions_obtained":[{"floor":1,"key":"LiquidMemories"},{"floor":5,"key":"FocusPotion"},{"floor":16,"key":"GamblersBrew"},{"floor":21,"key":"AttackPotion"},{"floor":24,"key":"Weak Potion"}],"is_trial":false,"path_per_floor":["M","?","$","M","M","R","M","R","T","R","M","M","E","?","R","B",null,"M","?","?","M","$","R","M","R","T","M"],"character_chosen":"DEFECT","items_purchased":["Capacitor","Cables"],"campfire_rested":3,"item_purchase_floors":[3,22],"current_hp_per_floor":[63,63,63,52,49,49,31,31,31,31,28,28,16,6,27,21,59,37,37,37,14,14,35,15,36,36,25,25],"gold":102,"neow_bonus":"RANDOM_COMMON_RELIC","is_daily":false,"chose_seed":false,"campfire_upgraded":3,"win_rate":0.0,"timestamp":1607774775,"path_taken":["M","?","$","M","M","R","M","R","T","R","M","M","E","?","R","BOSS","M","?","?","M","$","R","?","R","T","M"],"items_purchased_type":["Card","Relic"],"build_version":"2020-11-30","purchased_purges":1,"victory":false,"max_hp_per_floor":[71,71,71,71,71,71,71,71,71,71,71,71,71,71,71,71,71,71,71,71,71,71,71,71,71,71,71,71],"relic_stats":{"Inserter":[10],"counters":[12,55],"Nloth\u0027s Gift":0,"obtain_stats":[{"Dream Catcher":0,"Bottled Flame":26,"Inserter":17,"Nloth\u0027s Gift":20,"Cracked Core":0,"Symbiotic Virus":9,"TungstenRod":13,"Cables":22},{"Dream Catcher":0,"Bottled Flame":11,"Inserter":8,"Nloth\u0027s Gift":9,"Cracked Core":0,"Symbiotic Virus":4,"TungstenRod":7,"Cables":10},{"Dream Catcher":0,"Bottled Flame":53,"Inserter":35,"Nloth\u0027s Gift":41,"Cracked Core":0,"Symbiotic Virus":14,"TungstenRod":26,"Cables":46}],"TungstenRod":15,"Cables":[8,1,6,1,0]},"card_choices":[{"not_picked":["Tempest","Hologram","Fusion"],"picked":"SKIP","floor":1},{"not_picked":["Undo","Static Discharge"],"picked":"Genetic Algorithm","floor":4},{"not_picked":["Leap","Coolheaded","Skim"],"picked":"SKIP","floor":5},{"not_picked":["Turbo","Sweeping Beam"],"picked":"FTL","floor":7},{"not_picked":["Stack","Gash"],"picked":"Cold Snap","floor":11},{"not_picked":["Rebound","Heatsinks"],"picked":"Cold Snap","floor":12},{"not_picked":["Sweeping Beam","Leap"],"picked":"Barrage","floor":13},{"not_picked":["Hologram","Redo"],"picked":"Recycle","floor":15},{"not_picked":["Rainbow","Machine Learning"],"picked":"Seek","floor":16},{"not_picked":["Redo","Skim","Leap"],"picked":"SKIP","floor":18},{"not_picked":["Tempest","Rebound","Barrage"],"picked":"SKIP","floor":21},{"not_picked":["Gash","Hologram","Skim"],"picked":"SKIP","floor":24}],"player_experience":998468,"relics_obtained":[{"floor":9,"key":"Symbiotic Virus"},{"floor":13,"key":"TungstenRod"},{"floor":26,"key":"Bottled Flame"}],"event_choices":[{"damage_healed":0,"gold_gain":150,"player_choice":"AGREE","damage_taken":0,"max_hp_gain":0,"max_hp_loss":0,"event_name":"Liars Game","floor":2,"gold_loss":0,"cards_obtained":["Doubt"]},{"damage_healed":0,"gold_gain":75,"player_choice":"Gather Gold","damage_taken":11,"max_hp_gain":0,"max_hp_loss":0,"event_name":"World of Goop","floor":14,"gold_loss":0},{"damage_healed":0,"gold_gain":0,"player_choice":"Simplicity","damage_taken":0,"max_hp_gain":0,"max_hp_loss":0,"event_name":"Back to Basics","floor":19,"gold_loss":0,"cards_upgraded":["Strike_B","Strike_B","Strike_B","Strike_B","Defend_B","Defend_B","Defend_B","Defend_B"]},{"damage_healed":0,"gold_gain":0,"player_choice":"Traded Relic","damage_taken":0,"relics_obtained":["Nloth\u0027s Gift"],"max_hp_gain":0,"max_hp_loss":0,"event_name":"N\u0027loth","floor":20,"relics_lost":["Dream Catcher"],"gold_loss":0}],"is_beta":false,"boss_relics":[{"not_picked":["Runic Dome","Tiny House"],"picked":"Inserter"}],"items_purged_floors":[3],"is_endless":false,"potions_floor_spawned":[1,5,12,16,21,24],"killed_by":"Centurion and Healer","ascension_level":19}}