{"host":"hfvpa4llnnjpeawn","time":1607797567,"event":{"mods":["2.2 Compatiblity","Act Like it!","BaseMod","Better Skull","Better Third Choice","BetterRewards","CapriCore","Conspire","Downfall","Elementarium","Hermit","Hubris","Koishi","Lobotomy","Mad Scientist","Minty Spire (QoL Compilation)","Replay The Spire","Shade Mod","Somnambulant","StSLib","The Bladedancer","The Factory","The Jungle","Waifu the Spire"],"gold_per_floor":[18,28,53,69,69,69,96,96,177,212,10,24,24,51,51,146,146,163,163,163,394,405,405,201,227,227,253,46,62,93,105,105,204,204,218,218,218,71,81,81,120,143,155,182,249,10,10,38,38,38],"floor_reached":51,"playtime":3043,"items_purged":[],"score":1106,"play_id":"0a6b4941-e132-410e-94f0-a3dd398d7571","local_time":"20201212132607","is_ascension_mode":true,"campfire_choices":[{"data":"Pommel Strike","floor":6,"key":"SMITH"},{"data":"Bash","floor":8,"key":"SMITH"},{"data":"Inflame","floor":15,"key":"SMITH"},{"floor":23,"key":"REST"},{"floor":32,"key":"REST"},{"floor":40,"key":"DIG"},{"floor":47,"key":"DIG"},{"floor":49,"key":"DIG"}],"circlet_count":0,"master_deck":["Strike_R","Strike_R","Strike_R","Strike_R","Defend_R","Defend_R","Defend_R","Defend_R","Bash+1","conspire:ExplosiveBarrier+1","Shockwave","Pommel Strike+1","Inflame+1","Massacre+1","Armaments+1","conspire:HitWhereItHurts","ReplayTheSpireMod:Limb From Limb","Disarm+1","Bloodletting+1","Cleave","Impervious+1","Barricade","Infernal Blade+1","Reaper","Warcry+1","Replay:Sssssssssshield+1","Whirlwind","Parasite","Flex+1","Twin Strike+1","Hemokinesis+1"],"relics":["Burning Blood","hubris:AstralHammer","Replay:Baseball","Calipers","Toxic Egg 2","Pear","Brimstone","Torii","Replay:Bronze Core","Bag of Preparation","Blue Doll","Red Skull","Counterbalance","Shovel","Regal Pillow","Elementarium:ElementariumTrophy","Ring of Chaos","Ring of Hypnosis","Ring of Fury","Lantern","MawBank","hubris:CrystalStatue","Quantum Egg","Pet Ghost","Oddly Smooth Stone","conspire:Dentures","Replay:Ringing Soul","Replay:Rubber Ducky"],"acts_visited":["Exordium","Exordium","TheBeyond"],"potions_floor_usage":[12,16,25,30,30,30,39,42,42,50,50,50],"damage_taken":[{"damage":8,"enemies":"conspire:RoseBush","floor":1,"turns":3},{"damage":1,"enemies":"Cultist","floor":2,"turns":3},{"damage":8,"enemies":"Small Slimes","floor":4,"turns":4},{"damage":1,"enemies":"Replay:BlueRogue","floor":7,"turns":4},{"damage":27,"enemies":"3 Sentries","floor":10,"turns":6},{"damage":0,"enemies":"2 Fungi Beasts","floor":12,"turns":2},{"damage":12,"enemies":"Gremlin Nob","floor":14,"turns":3},{"damage":1,"enemies":"Slime Boss","floor":16,"turns":4},{"damage":0,"enemies":"Elementarium:MUD_AND_TAR_GOLEMS","floor":18,"turns":3},{"damage":0,"enemies":"Elementarium:2_ELEMENTALS","floor":22,"turns":1},{"damage":14,"enemies":"Elementarium:WarGolem","floor":25,"turns":3},{"damage":11,"enemies":"Elementarium:ElementalPortal","floor":27,"turns":5},{"damage":2,"enemies":"Elementarium:VoidBeast","floor":29,"turns":2},{"damage":36,"enemies":"Elementarium:FIRE_NOBILITY","floor":30,"turns":3},{"damage":0,"enemies":"Elementarium:RubyGolem","floor":31,"turns":1},{"damage":3,"enemies":"Elementarium:GolemEmperor","floor":33,"turns":8},{"damage":12,"enemies":"Orb Walker","floor":35,"turns":3},{"damage":18,"enemies":"3 Shapes","floor":39,"turns":2},{"damage":14,"enemies":"R_Hoarder","floor":41,"turns":4},{"damage":0,"enemies":"Writhing Mass","floor":42,"turns":5},{"damage":3,"enemies":"Maw","floor":44,"turns":3},{"damage":0,"enemies":"Giant Head","floor":48,"turns":2},{"damage":63,"enemies":"conspire:OrnateMirror","floor":50,"turns":6}],"seed_played":"-401553117593992475","potions_obtained":[{"floor":7,"key":"CultistPotion"},{"floor":10,"key":"SkillPotion"},{"floor":18,"key":"Adrenaline Potion"},{"floor":27,"key":"Adrenaline Potion"},{"floor":29,"key":"AttackPotion"},{"floor":31,"key":"SmokeBomb"},{"floor":35,"key":"SteroidPotion"},{"floor":39,"key":"SkillPotion"},{"floor":42,"key":"EntropicBrew"}],"is_trial":false,"path_per_floor":["M","M","T","M","?","R","E","R","T","E","$","M","?","E","R","B",null,"M","?","?","?","M","R","$","E","T","E","$","M","E","M","R","B",null,"M","?","?","$","M","R","E","M","T","M","T","$","R","E","R","B",null],"character_chosen":"IRONCLAD","items_purchased":["Brimstone","Massacre+1","Blue Doll","Disarm+1","Impervious+1","Swift Potion","Lantern","Oddly Smooth Stone","CultistPotion"],"campfire_rested":2,"item_purchase_floors":[11,11,24,24,28,28,38,46,46],"current_hp_per_floor":[78,80,80,78,78,78,80,80,80,69,69,75,75,69,69,74,90,90,90,90,51,57,84,84,76,76,71,71,75,45,51,90,90,90,84,84,84,84,72,72,64,70,70,90,90,90,90,93,93,85],"gold":38,"neow_bonus":"ONE_RARE_RELIC","is_daily":false,"chose_seed":false,"campfire_upgraded":3,"win_rate":0.0,"timestamp":1607797567,"path_taken":["M","?","?","M","?","R","E","R","T","E","$","M","?","E","R","BOSS","M","?","?","?","M","R","$","E","T","E","$","?","E","M","R","BOSS","M","?","?","$","M","R","E","?","T","M","?","$","R","E","R","BOSS"],"items_purchased_type":["Relic","Card","Relic","Card","Card","Potion","Card","Relic","Potion"],"build_version":"2020-11-30","purchased_purges":0,"victory":true,"max_hp_per_floor":[80,80,80,80,80,80,80,80,80,90,90,90,90,90,90,90,90,90,90,90,90,90,90,90,90,90,90,90,90,90,90,90,90,90,90,90,90,90,90,90,90,90,90,90,90,90,90,93,93,93],"card_choices":[{"not_picked":["Evolve","Sword Boomerang"],"picked":"conspire:ExplosiveBarrier","floor":1},{"not_picked":["Feel No Pain","Wild Strike"],"picked":"Shockwave","floor":2},{"not_picked":["Shockwave","Headbutt"],"picked":"Pommel Strike","floor":4},{"not_picked":["hubris:ReadiedAction","Sword Boomerang","Clothesline"],"picked":"SKIP","floor":7},{"not_picked":["Warcry+1","Exhume+1"],"picked":"Inflame","floor":10},{"not_picked":["Replay:Undeath\u0027s Touch","Warcry+1","Second Wind+1"],"picked":"SKIP","floor":12},{"not_picked":["Warcry+1","Run Through"],"picked":"Armaments+1","floor":14},{"not_picked":["hubris:StunningStrike","Exhume+1"],"picked":"conspire:HitWhereItHurts","floor":16},{"not_picked":["Headbutt","Reckless Charge"],"picked":"ReplayTheSpireMod:Limb From Limb","floor":18},{"not_picked":["Twin Strike","Clothesline","Flame Barrier+1"],"picked":"SKIP","floor":22},{"not_picked":["Wild Strike","Evolve+1"],"picked":"Bloodletting+1","floor":25},{"not_picked":["Searing Blow","Havoc+1"],"picked":"Cleave","floor":27},{"not_picked":["Abandon+1","Body Slam"],"picked":"Barricade","floor":29},{"not_picked":["Thunderclap","Perfected Strike"],"picked":"Infernal Blade+1","floor":30},{"not_picked":["Havoc+1","hubris:ReadiedAction+1","Replay:Undeath\u0027s Touch"],"picked":"SKIP","floor":31},{"not_picked":["Exhume+1","Bludgeon"],"picked":"Reaper","floor":33},{"not_picked":["Cleave","ReplayTheSpireMod:Muscle Training+1"],"picked":"Warcry+1","floor":35},{"not_picked":["Replay:SS_hec_4","The Bomb+1"],"picked":"Replay:Sssssssssshield+1","floor":37},{"not_picked":["Pommel Strike+1","Perfected Strike+1","Warcry+1"],"picked":"SKIP","floor":39},{"not_picked":["True Grit+1","Metallicize+1"],"picked":"Whirlwind","floor":41},{"not_picked":["Shrug It Off+1","Havoc+1"],"picked":"Flex+1","floor":42},{"not_picked":["Headbutt","Warcry+1"],"picked":"Twin Strike+1","floor":44},{"not_picked":["Armaments+1","Pummel+1"],"picked":"Hemokinesis+1","floor":48}],"player_experience":165634,"relics_obtained":[{"floor":3,"key":"Replay:Baseball"},{"floor":7,"key":"Calipers"},{"floor":9,"key":"Toxic Egg 2"},{"floor":10,"key":"Pear"},{"floor":14,"key":"Torii"},{"floor":25,"key":"Red Skull"},{"floor":26,"key":"Counterbalance"},{"floor":27,"key":"Shovel"},{"floor":30,"key":"Regal Pillow"},{"floor":36,"key":"Ring of Hypnosis"},{"floor":36,"key":"Ring of Fury"},{"floor":40,"key":"MawBank"},{"floor":41,"key":"hubris:CrystalStatue"},{"floor":43,"key":"Quantum Egg"},{"floor":45,"key":"Pet Ghost"},{"floor":47,"key":"conspire:Dentures"},{"floor":48,"key":"Replay:Ringing Soul"},{"floor":49,"key":"Replay:Rubber Ducky"}],"event_choices":[{"damage_healed":0,"gold_gain":0,"player_choice":"Leave","damage_taken":0,"max_hp_gain":0,"max_hp_loss":0,"event_name":"conspire:Investor","floor":19,"gold_loss":0},{"damage_healed":0,"gold_gain":0,"player_choice":"Ignored","damage_taken":0,"max_hp_gain":0,"max_hp_loss":0,"event_name":"Elementarium:ElementalBlades","floor":20,"gold_loss":0},{"damage_healed":0,"gold_gain":231,"player_choice":"GO GO RE ","damage_taken":43,"relics_obtained":["Bag of Preparation"],"max_hp_gain":0,"max_hp_loss":0,"event_name":"betterSkull:BetterSkull","floor":21,"gold_loss":0,"cards_upgraded":[]},{"damage_healed":0,"gold_gain":0,"player_choice":"Memory 1","damage_taken":0,"max_hp_gain":0,"max_hp_loss":0,"event_name":"SensoryStone","floor":37,"gold_loss":0}],"is_beta":false,"boss_relics":[{"not_picked":["Pandora\u0027s Box","Kintsugi"],"picked":"Replay:Bronze Core"},{"not_picked":["Empty Cage","Replay:Fungal Core"],"picked":"Ring of Chaos"}],"items_purged_floors":[],"is_endless":false,"potions_floor_spawned":[1,7,10,18,27,29,31,35,39,42,44],"ascension_level":2}}