{"host":"fbqvzfq8f1yzoo4u","time":1607759934,"event":{"mods":["BaseMod","Minty Spire (QoL Compilation)","Replay The Spire","StSLib"],"gold_per_floor":[368,387,115,191,9,25,55,55,55,55,0,0,0,11,11,86,86,103,3,3,3,3,3,21,21,21],"floor_reached":25,"playtime":714,"items_purged":["Pain","Hallucinations"],"score":394,"play_id":"5a80beda-2cb7-451f-bdf4-3faf4b540c3c","local_time":"20201212155854","is_ascension_mode":true,"campfire_choices":[{"floor":8.0,"key":"REST"},{"data":"Tempest","floor":10.0,"key":"SMITH"},{"floor":12.0,"key":"REST"},{"data":"Zap","floor":15.0,"key":"SMITH"},{"floor":23.0,"key":"REST"}],"circlet_count":0,"master_deck":["AscendersBane","Defend_B","Defend_B","Zap+1","Dualcast","Leap","Tempest+1","Thunder Strike","Capacitor","Rebound","Leap","Sweeping Beam","Leap","All For One","Writhe","Steam","Panic Button"],"relics":["Cracked Core","PreservedInsect","Singing Bowl","Tiny Chest","Kintsugi","Kunai"],"acts_visited":["Exordium","TheCity"],"potions_floor_usage":[],"damage_taken":[{"damage":2.0,"enemies":"Cultist","floor":1.0,"turns":4.0},{"damage":0.0,"enemies":"Jaw Worm","floor":2.0,"turns":3.0},{"damage":0.0,"enemies":"2 Louse","floor":6.0,"turns":3.0},{"damage":11.0,"enemies":"3 Sentries","floor":7.0,"turns":4.0},{"damage":2.0,"enemies":"Exordium Thugs","floor":14.0,"turns":4.0},{"damage":35.0,"enemies":"Slime Boss","floor":16.0,"turns":10.0},{"damage":9.0,"enemies":"Chosen","floor":18.0,"turns":5.0},{"damage":26.0,"enemies":"Shell Parasite","floor":24.0,"turns":6.0},{"damage":40,"enemies":"Gremlin Leader","floor":25,"turns":4}],"seed_played":"4130041954810963004","potions_obtained":[{"floor":14.0,"key":"SteroidPotion"},{"floor":16.0,"key":"LifebloodPotion"},{"floor":18.0,"key":"Elixir"}],"is_trial":false,"path_per_floor":["M","M","$","?","$","M","E","R","T","R","$","R","?","M","R","B",null,"M","$","?","T","$","R","M","E"],"character_chosen":"DEFECT","items_purchased":["Thunder Strike","FocusPotion","FearPotion","Leap","Sweeping Beam","SpeedPotion"],"campfire_rested":3,"item_purchase_floors":[3,3,3,5,5,11],"current_hp_per_floor":[44,44,44,44,44,44,35,56,56,56,56,73,66,66,66,31,64,55,55,34,34,34,58,32,0,0],"gold":21,"neow_bonus":"TWO_FIFTY_GOLD","is_daily":false,"chose_seed":false,"campfire_upgraded":2,"win_rate":0.0,"timestamp":1607759934,"path_taken":["M","?","$","?","$","M","E","R","T","R","?","R","?","M","R","BOSS","M","$","?","?","?","R","M","E"],"items_purchased_type":["Card","Potion","Potion","Card","Card","Potion"],"build_version":"2020-11-30","purchased_purges":2,"victory":false,"max_hp_per_floor":[71,71,71,71,71,71,73,73,73,73,73,73,73,75,75,75,75,75,75,80,80,80,80,80,80,80],"card_choices":[{"not_picked":["Heatsinks","Fusion"],"picked":"Leap","floor":1.0},{"not_picked":["Steam","Coolheaded"],"picked":"Tempest","floor":2.0},{"not_picked":["Ball Lightning","Time Bomb"],"picked":"Capacitor","floor":4.0},{"not_picked":["Compile Driver","Crystallizer"],"picked":"Rebound","floor":4.0},{"not_picked":["Hello World","Redo"],"picked":"Leap","floor":6.0},{"not_picked":["Amplify","Rebound","Compile Driver"],"picked":"Singing Bowl","floor":7.0},{"not_picked":["Barrage","Fusion","Cold Snap"],"picked":"Singing Bowl","floor":14.0},{"not_picked":["Thunder Strike","Mirror Shield"],"picked":"All For One","floor":16.0},{"not_picked":["Turbo","ReplayGash"],"picked":"Steam","floor":18.0},{"not_picked":["Chill+1","Turbo"],"picked":"Panic Button","floor":24.0}],"player_experience":564342,"relics_obtained":[{"floor":4.0,"key":"PreservedInsect"},{"floor":7.0,"key":"Singing Bowl"},{"floor":9.0,"key":"Tiny Chest"},{"floor":21.0,"key":"Kunai"}],"event_choices":[{"cards_removed":["Strike_B"],"damage_healed":0.0,"max_hp_gain":0.0,"max_hp_loss":0.0,"gold_gain":0.0,"event_name":"Golden Wing","player_choice":"Card Removal","floor":13.0,"gold_loss":0.0,"damage_taken":7.0},{"damage_healed":0.0,"max_hp_gain":5.0,"max_hp_loss":0.0,"gold_gain":0.0,"event_name":"Forgotten Altar","player_choice":"Shed Blood","floor":20.0,"gold_loss":0.0,"damage_taken":26.0}],"is_beta":false,"boss_relics":[{"not_picked":["Nuclear Battery","Replay:Ancient Bell"],"picked":"Kintsugi"}],"items_purged_floors":[5,19],"is_endless":false,"potions_floor_spawned":[6,14,16,18],"killed_by":"Gremlin Leader","ascension_level":20}}