{"host":"5mo0809oo9tcrmpl","time":1607734851,"event":{"mods":["BaseMod","Highlight Path","Minty Spire (QoL Compilation)","Relic Stats","Slay the Relics Exporter"],"gold_per_floor":[111,111,21,33,43,43,69,83,83,163,163,194,194,126,126,205,205,221,221,240,155,165,165,189,189,189,189,189,204,33,53,53,53,53],"floor_reached":33,"playtime":1209,"items_purged":[],"score":606,"play_id":"8261122d-d628-45f6-9178-8ec33636b90a","local_time":"20201211190051","is_ascension_mode":true,"campfire_choices":[{"data":"Terror","floor":6.0,"key":"SMITH"},{"data":"Skewer","floor":11.0,"key":"SMITH"},{"data":"Blade Dance","floor":13.0,"key":"SMITH"},{"data":"Dagger Spray","floor":15.0,"key":"SMITH"},{"data":"Malaise","floor":23,"key":"SMITH"},{"data":"Neutralize","floor":25,"key":"SMITH"},{"data":"Crippling Poison","floor":28,"key":"SMITH"},{"floor":32,"key":"REST"}],"circlet_count":0,"master_deck":["AscendersBane","Strike_G","Strike_G","Defend_G","Defend_G","Defend_G","Defend_G","Defend_G","Survivor","Neutralize+1","All Out Attack","Skewer+1","Deflect","Terror+1","Blade Dance+1","Dagger Spray+1","Escape Plan","Bullet Time","Malaise+1","Choke+1","Venomology+1","Calculated Gamble+1","Crippling Poison+1","Writhe","Noxious Fumes","Blur","Caltrops","Wraith Form v2"],"relics":["Ring of the Snake","Tiny Chest","Prayer Wheel","WingedGreaves","Mercury Hourglass","Du-Vu Doll","Astrolabe","Dead Branch","Bronze Scales","Oddly Smooth Stone","Darkstone Periapt","Akabeko"],"acts_visited":["TheCity"],"potions_floor_usage":[29,31,33],"damage_taken":[{"damage":5.0,"enemies":"Small Slimes","floor":1.0,"turns":5.0},{"damage":2.0,"enemies":"Cultist","floor":4.0,"turns":5.0},{"damage":3.0,"enemies":"2 Louse","floor":5.0,"turns":3.0},{"damage":16.0,"enemies":"Lagavulin","floor":7.0,"turns":5.0},{"damage":2.0,"enemies":"Looter","floor":8.0,"turns":3.0},{"damage":11.0,"enemies":"Gremlin Nob","floor":12.0,"turns":3.0},{"damage":0.0,"enemies":"Slime Boss","floor":16.0,"turns":7.0},{"damage":18.0,"enemies":"3 Byrds","floor":18.0,"turns":5.0},{"damage":0.0,"enemies":"Spheric Guardian","floor":20.0,"turns":1.0},{"damage":0.0,"enemies":"Cultist and Chosen","floor":22.0,"turns":4.0},{"damage":0,"enemies":"Snake Plant","floor":29,"turns":2},{"damage":9,"enemies":"Centurion and Healer","floor":31,"turns":4},{"damage":89,"enemies":"Collector","floor":33,"turns":8}],"seed_played":"-4660311959875487391","potions_obtained":[{"floor":2.0,"key":"SkillPotion"},{"floor":2.0,"key":"Poison Potion"},{"floor":7.0,"key":"SteroidPotion"},{"floor":12.0,"key":"Energy Potion"},{"floor":16.0,"key":"FairyPotion"},{"floor":22.0,"key":"ColorlessPotion"}],"is_trial":false,"path_per_floor":["M","?","$","M","M","R","E","M","T","T","R","E","R","?","R","B",null,"M","?","M","?","M","R","T","R","T","?","R","M","$","M","R","B"],"character_chosen":"THE_SILENT","items_purchased":["Skewer","Akabeko"],"campfire_rested":1,"item_purchase_floors":[3,30],"current_hp_per_floor":[54,54,54,52,49,49,33,31,31,31,31,20,20,20,20,20,55,37,37,37,37,37,37,37,37,37,37,37,37,37,28,47,0,0],"gold":53,"neow_bonus":"RANDOM_COMMON_RELIC","is_daily":false,"chose_seed":false,"campfire_upgraded":7,"win_rate":0.0,"timestamp":1607734851,"path_taken":["M","?","$","?","M","R","E","?","T","?","R","E","R","?","R","BOSS","M","?","M","?","M","R","?","R","T","?","R","M","$","M","R","BOSS"],"items_purchased_type":["Card","Relic"],"build_version":"2020-11-30","purchased_purges":0,"victory":false,"max_hp_per_floor":[66,66,66,66,66,66,66,66,66,66,66,66,66,66,66,66,66,66,66,66,66,66,66,66,66,66,66,66,66,66,66,66,66,66],"relic_stats":{"Darkstone Periapt":0,"counters":[13,54],"Astrolabe":["Choke","Venomology","Calculated Gamble"],"Dead Branch":[39],"Bronze Scales":[39],"Tiny Chest":2,"Prayer Wheel":6,"obtain_stats":[{"Du-Vu Doll":12,"Darkstone Periapt":26,"Astrolabe":17,"Dead Branch":19,"Bronze Scales":21,"Oddly Smooth Stone":24,"Tiny Chest":0,"Prayer Wheel":7,"WingedGreaves":9,"Akabeko":30,"Ring of the Snake":0,"Mercury Hourglass":10},{"Du-Vu Doll":6,"Darkstone Periapt":10,"Astrolabe":7,"Dead Branch":8,"Bronze Scales":9,"Oddly Smooth Stone":10,"Tiny Chest":0,"Prayer Wheel":4,"WingedGreaves":5,"Akabeko":11,"Ring of the Snake":0,"Mercury Hourglass":5},{"Du-Vu Doll":24,"Darkstone Periapt":40,"Astrolabe":31,"Dead Branch":36,"Bronze Scales":37,"Oddly Smooth Stone":40,"Tiny Chest":0,"Prayer Wheel":18,"WingedGreaves":21,"Akabeko":42,"Ring of the Snake":0,"Mercury Hourglass":21}],"Ring of the Snake":[26],"Mercury Hourglass":[150]},"card_choices":[{"not_picked":["Dodge and Roll","Calculated Gamble"],"picked":"All Out Attack","floor":1.0},{"not_picked":["Skewer","Sucker Punch"],"picked":"Deflect","floor":4.0},{"not_picked":["Reflex","Sucker Punch"],"picked":"Terror","floor":5.0},{"not_picked":["Sucker Punch","Leg Sweep"],"picked":"Blade Dance","floor":7.0},{"not_picked":["Outmaneuver","Acrobatics"],"picked":"Dagger Spray","floor":8.0},{"not_picked":["Dodge and Roll","PiercingWail"],"picked":"Escape Plan","floor":8.0},{"not_picked":["Dagger Spray","Tactician"],"picked":"Bullet Time","floor":12.0},{"not_picked":["Wraith Form v2","A Thousand Cuts"],"picked":"Malaise","floor":16.0},{"not_picked":["Flying Knee","Bane+1"],"picked":"Crippling Poison","floor":18.0},{"not_picked":["Calculated Gamble","Quick Slash","Prepared"],"picked":"SKIP","floor":18.0},{"not_picked":["Underhanded Strike","Deadly Poison"],"picked":"Noxious Fumes","floor":20.0},{"not_picked":["Catalyst","Concentrate","Setup+1"],"picked":"SKIP","floor":20.0},{"not_picked":["Skewer","Underhanded Strike"],"picked":"Blur","floor":22.0},{"not_picked":["Blur","Deflect"],"picked":"Caltrops","floor":22.0},{"not_picked":["PiercingWail","Reflex"],"picked":"Wraith Form v2","floor":29},{"not_picked":["Backflip","Acrobatics","Endless Agony"],"picked":"SKIP","floor":29},{"not_picked":["Underhanded Strike","Outmaneuver+1","Deadly Poison"],"picked":"SKIP","floor":31},{"not_picked":["Dagger Throw","Acrobatics+1","Heel Hook"],"picked":"SKIP","floor":31}],"player_experience":1241762,"relics_obtained":[{"floor":7.0,"key":"Prayer Wheel"},{"floor":9.0,"key":"WingedGreaves"},{"floor":10.0,"key":"Mercury Hourglass"},{"floor":12.0,"key":"Du-Vu Doll"},{"floor":24,"key":"Oddly Smooth Stone"},{"floor":26,"key":"Darkstone Periapt"}],"event_choices":[{"damage_healed":0.0,"max_hp_gain":0.0,"max_hp_loss":0.0,"gold_gain":0.0,"event_name":"Lab","player_choice":"Got Potions","floor":2.0,"gold_loss":0.0,"damage_taken":0.0},{"damage_healed":0.0,"max_hp_gain":0.0,"max_hp_loss":0.0,"gold_gain":0.0,"event_name":"World of Goop","player_choice":"Left Gold","floor":14.0,"gold_loss":68.0,"damage_taken":0.0},{"damage_healed":0.0,"max_hp_gain":0.0,"max_hp_loss":0.0,"gold_gain":0.0,"event_name":"The Mausoleum","player_choice":"Opened","floor":19.0,"gold_loss":0.0,"damage_taken":0.0,"relics_obtained":["Dead Branch"],"cards_obtained":["Writhe"]},{"damage_healed":0.0,"max_hp_gain":0.0,"max_hp_loss":0.0,"gold_gain":0.0,"event_name":"Addict","player_choice":"Obtained Relic","floor":21.0,"gold_loss":85.0,"damage_taken":0.0,"relics_obtained":["Bronze Scales"]},{"damage_healed":0,"gold_gain":0,"player_choice":"Ignored","damage_taken":0,"max_hp_gain":0,"max_hp_loss":0,"event_name":"Ghosts","floor":27,"gold_loss":0}],"is_beta":false,"boss_relics":[{"not_picked":["Ring of the Serpent","SacredBark"],"picked":"Astrolabe"}],"items_purged_floors":[],"is_endless":false,"potions_floor_spawned":[4,7,12,16,20,22],"killed_by":"Collector","ascension_level":20}}