{"host":"3zmin95cvgu7iq60","time":1607747670,"event":{"mods":["BaseMod","Better Skull","BetterRewards","Colored Map","Conspire","Disable Question Mark Monsters","Hermit","Minty Spire (QoL Compilation)","Reorder Act Four","Replay The Spire","Shop Mod","StSLib","Uncapped"],"gold_per_floor":[114,129,140,290,308,308,334,334,334,409,306,376,462,541,541,755,755,865,975,975,1250,1296,1457,1550,1146,1172,1264,1391,1499,1100,1215,1215,1428,1428,1509,1649,1763,1397,1561,1561,1679,1679,1679,1703,1852,1526,1661,1791,1791,2011,2216,2216,1762,1762,1895,2065],"floor_reached":57,"playtime":2720,"items_purged":["Bash","Strike_R","Strike_R","Strike_R","Regret","Strike_R","Regret","Strike_R","Sentinel+1"],"score":3828,"play_id":"775a265a-4cdf-478f-9db1-8a233bbc59c5","local_time":"20201211223429","is_ascension_mode":true,"campfire_choices":[{"data":"Doubt","floor":6,"key":"PURGE"},{"data":"Whirlwind","floor":8,"key":"SMITH"},{"data":"Shrug It Off","floor":15,"key":"SMITH"},{"data":"Dark Shackles","floor":32,"key":"SMITH"},{"data":"Entrench","floor":40,"key":"SMITH"},{"data":"Shrug It Off","floor":42,"key":"SMITH"},{"floor":49,"key":"RECALL"},{"floor":54,"key":"REST"}],"circlet_count":0,"master_deck":["AscendersBane","Defend_R","Defend_R+1","Defend_R","Defend_R+1","Uppercut+1","Whirlwind+1","Feed+1","Iron Wave+1","Pummel","Shrug It Off+1","Shockwave+1","Sword Boomerang","Berserk","Shrug It Off+1","Dark Shackles+1","Entrench+1","Reaper+1","Armaments+1","Dropkick"],"relics":["Burning Blood","MerchantsRug","Gremlin Food","BargainBundle","Toy Ornithopter","King of Hearts","conspire:TreasureMap","Vajra","Lantern","Anchor","Chemical X","Bottled Flame","Peace Pipe","HornCleat","HandDrill","Replay:Bandana","Ancient Tea Set","Replay:Rubber Ducky","Busted Crown","Red Mask","Pen Nib","Juzu Bracelet","ReplayTheSpireMod:CursedCoin","Replay:Baseball","Singing Bowl","Membership Card","Oddly Smooth Stone","Black Star","Bag of Preparation","ReplayFunnel","Red Skull","Nunchaku","Unceasing Top","Blue Doll","MealTicket","Frozen Eye","PreservedInsect","Simple Rune","Brimstone","conspire:Boomerang","Bronze Scales","ReplayTheSpireMod:Lightbulb"],"acts_visited":["Exordium","TheCity","TheBeyond","TheEnding"],"potions_floor_usage":[14,16,28,39,46,50,50,50,50,56,56],"damage_taken":[{"damage":0,"enemies":"Small Slimes","floor":1,"turns":1},{"damage":2,"enemies":"conspire:RoseBush","floor":2,"turns":2},{"damage":0,"enemies":"Cultist","floor":3,"turns":2},{"damage":0,"enemies":"Looter","floor":5,"turns":2},{"damage":0,"enemies":"3 Sentries","floor":7,"turns":3},{"damage":0,"enemies":"Large Slime","floor":12,"turns":3},{"damage":16,"enemies":"Gremlin Nob","floor":13,"turns":4},{"damage":0,"enemies":"Exordium Thugs","floor":14,"turns":1},{"damage":0,"enemies":"Slime Boss","floor":16,"turns":4},{"damage":0,"enemies":"3 Byrds","floor":18,"turns":6},{"damage":0,"enemies":"Masked Bandits","floor":19,"turns":1},{"damage":0,"enemies":"Spheric Guardian","floor":22,"turns":1},{"damage":4,"enemies":"conspire:Head Lice","floor":23,"turns":6},{"damage":4,"enemies":"Centurion and Healer","floor":24,"turns":2},{"damage":10,"enemies":"Shelled Parasite and Fungi","floor":27,"turns":3},{"damage":35,"enemies":"Book of Stabbing","floor":28,"turns":8},{"damage":0,"enemies":"3 Cultists","floor":29,"turns":1},{"damage":6,"enemies":"conspire:HollyBat","floor":31,"turns":6},{"damage":28,"enemies":"Champ","floor":33,"turns":14},{"damage":7,"enemies":"3 Shapes","floor":35,"turns":3},{"damage":5,"enemies":"Mind Bloom Boss Battle","floor":36,"turns":9},{"damage":0,"enemies":"3 Darklings","floor":37,"turns":1},{"damage":51,"enemies":"Transient","floor":39,"turns":6},{"damage":0,"enemies":"Sphere and 2 Shapes","floor":41,"turns":4},{"damage":0,"enemies":"R_Hoarder","floor":45,"turns":6},{"damage":11,"enemies":"Maw","floor":47,"turns":9},{"damage":0,"enemies":"Nemesis","floor":48,"turns":5},{"damage":132,"enemies":"Donu and Deca","floor":50,"turns":10},{"damage":20,"enemies":"Awakened One","floor":51,"turns":15},{"damage":0,"enemies":"Shield and Spear","floor":55,"turns":2},{"damage":162,"enemies":"The Heart","floor":56,"turns":9}],"seed_played":"3604262783240590396","potions_obtained":[{"floor":1,"key":"FearPotion"},{"floor":3,"key":"Fruit Juice"},{"floor":13,"key":"BloodPotion"},{"floor":14,"key":"Swift Potion"},{"floor":16,"key":"LifebloodPotion"},{"floor":29,"key":"EssenceOfSteel"},{"floor":39,"key":"Energy Potion"}],"is_trial":false,"path_per_floor":["M","M","M","?","M","R","E","R","T","?","$","M","E","M","R","B",null,"M","?","?","?","M","E","M","$","T","M","E","M","$","M","R","B",null,"M","?","M","$","M","R","M","R","T","T","E","$","M","E","R","B","B",null,"$","R","E","B",null],"character_chosen":"IRONCLAD","items_purchased":["Lee\u0027s Waffle","Uppercut","MerchantsRug","Gremlin Food","BargainBundle","Whirlwind","Feed","Sentinel+1","Toy Ornithopter","King of Hearts","ColorlessPotion","Milkshake","Weak Potion","conspire:TreasureMap","Vajra","Iron Wave+1","Guide Book","Lantern","Strawberry","Anchor","Pummel","Chemical X","Bottled Flame","Shrug It Off","Peace Pipe","HornCleat","HandDrill","Shockwave+1","Juzu Bracelet","ReplayTheSpireMod:CursedCoin","Replay:Baseball","Shrug It Off","Membership Card","Oddly Smooth Stone","Dark Shackles","Bag of Preparation","Reaper","ReplayFunnel","MealTicket","Frozen Eye","EntropicBrew","Armaments+1","Dropkick","Brimstone","conspire:Boomerang","Languid Potion","SkillPotion"],"campfire_rested":1,"item_purchase_floors":[0,0,0,0,0,0,0,0,0,0,0,0,0,0,0,0,0,0,0,0,0,0,0,0,0,0,0,0,25,25,25,25,30,30,30,38,38,38,46,46,46,46,46,53,53,53,53],"current_hp_per_floor":[89,89,93,93,97,97,101,101,101,61,61,71,65,97,97,112,113,117,117,117,117,117,121,125,125,125,125,107,115,115,115,115,95,128,133,140,148,148,110,110,129,129,129,129,142,152,155,163,163,67,70,153,168,180,186,64],"gold":2065,"neow_bonus":"","is_daily":false,"chose_seed":false,"campfire_upgraded":5,"win_rate":0.0,"timestamp":1607747669,"path_taken":["M","M","M","?","M","R","E","R","T","?","$","M","E","M","R","BOSS","M","?","?","?","M","E","?","$","T","M","E","M","$","M","R","BOSS","M","?","M","$","M","R","M","R","T","?","E","?","M","E","R","BOSS","BOSS","$","R","E","BOSS"],"items_purchased_type":["Relic","Card","Relic","Relic","Relic","Card","Card","Card","Relic","Relic","Potion","Potion","Potion","Relic","Relic","Card","Relic","Relic","Relic","Relic","Card","Relic","Relic","Card","Relic","Relic","Relic","Card","Relic","Relic","Relic","Card","Relic","Relic","Card","Relic","Card","Relic","Relic","Relic","Potion","Card","Card","Relic","Relic","Potion","Potion"],"build_version":"2020-11-30","purchased_purges":9,"victory":true,"max_hp_per_floor":[89,89,93,93,97,97,101,101,101,101,101,105,109,109,109,113,113,117,117,117,117,117,121,125,125,125,129,135,137,137,137,137,139,139,145,151,153,153,155,155,161,161,161,161,163,168,170,172,172,176,180,180,180,180,186,186],"card_choices":[{"not_picked":["Flex","Dual Wield","Iron Wave"],"picked":"SKIP","floor":1},{"not_picked":["Flex","Anger","Burning Pact"],"picked":"SKIP","floor":2},{"not_picked":["Power Through","Clothesline"],"picked":"Sword Boomerang","floor":3},{"not_picked":["Seeing Red","Havoc","Clash"],"picked":"SKIP","floor":5},{"not_picked":["Hemokinesis","Dark Embrace","Clash"],"picked":"SKIP","floor":7},{"not_picked":["Ghostly Armor","Burning Pact","Second Wind"],"picked":"SKIP","floor":12},{"not_picked":["Wild Strike","Corruption","Clash"],"picked":"SKIP","floor":13},{"not_picked":["Cleave","Anger","Clothesline"],"picked":"SKIP","floor":14},{"not_picked":["Corruption","Exhume"],"picked":"Berserk","floor":16},{"not_picked":["Warcry"],"picked":"SKIP","floor":18},{"not_picked":["Body Slam"],"picked":"SKIP","floor":22},{"not_picked":["Flex"],"picked":"SKIP","floor":23},{"not_picked":["Inflame"],"picked":"SKIP","floor":24},{"not_picked":["Warcry"],"picked":"SKIP","floor":27},{"not_picked":["Barricade"],"picked":"Singing Bowl","floor":28},{"not_picked":["Twin Strike"],"picked":"Singing Bowl","floor":29},{"not_picked":[],"picked":"Entrench","floor":31},{"not_picked":["Fiend Fire"],"picked":"Singing Bowl","floor":33},{"not_picked":["conspire:ExplosiveBarrier+1"],"picked":"Singing Bowl","floor":35},{"not_picked":["True Grit"],"picked":"Singing Bowl","floor":36},{"not_picked":["Clothesline"],"picked":"Singing Bowl","floor":37},{"not_picked":["Disarm+1"],"picked":"Singing Bowl","floor":39},{"not_picked":["Perfected Strike"],"picked":"Singing Bowl","floor":41},{"not_picked":["Sentinel+1"],"picked":"Singing Bowl","floor":45},{"not_picked":["Reckless Charge"],"picked":"Singing Bowl","floor":47},{"not_picked":["Perfected Strike"],"picked":"Singing Bowl","floor":48},{"not_picked":["Shockwave"],"picked":"Singing Bowl","floor":55}],"player_experience":2417892,"relics_obtained":[{"floor":7,"key":"Replay:Bandana"},{"floor":9,"key":"Ancient Tea Set"},{"floor":13,"key":"Replay:Rubber Ducky"},{"floor":19,"key":"Red Mask"},{"floor":23,"key":"Pen Nib"},{"floor":28,"key":"Singing Bowl"},{"floor":36,"key":"Another Sword"},{"floor":43,"key":"Red Skull"},{"floor":44,"key":"Nunchaku"},{"floor":45,"key":"Unceasing Top"},{"floor":45,"key":"Blue Doll"},{"floor":48,"key":"PreservedInsect"},{"floor":48,"key":"Simple Rune"},{"floor":55,"key":"Bronze Scales"},{"floor":55,"key":"ReplayTheSpireMod:Lightbulb"}],"event_choices":[{"damage_healed":0,"gold_gain":150,"player_choice":"AGREE","damage_taken":0,"max_hp_gain":0,"max_hp_loss":0,"event_name":"Liars Game","floor":4,"gold_loss":0,"cards_obtained":["Doubt"]},{"damage_healed":0,"gold_gain":0,"player_choice":"Fought Bandits","damage_taken":0,"max_hp_gain":0,"max_hp_loss":0,"event_name":"Masked Bandits","floor":19,"gold_loss":0},{"damage_healed":0,"gold_gain":0,"player_choice":"Ignored","damage_taken":0,"max_hp_gain":0,"max_hp_loss":0,"event_name":"Ghosts","floor":20,"gold_loss":0},{"damage_healed":0,"gold_gain":275,"player_choice":"Desecrate","damage_taken":0,"max_hp_gain":0,"max_hp_loss":0,"event_name":"Golden Shrine","floor":21,"gold_loss":0,"cards_obtained":["Regret"]},{"damage_healed":0,"gold_gain":0,"player_choice":"Fight","damage_taken":0,"max_hp_gain":0,"max_hp_loss":0,"event_name":"MindBloom","floor":36,"gold_loss":0}],"is_beta":false,"boss_relics":[{"not_picked":["Honey Jar","Black Blood"],"picked":"Busted Crown"},{"not_picked":["Ring of Chaos","Coffee Dripper"],"picked":"Black Star"}],"items_purged_floors":[0,0,0,11,25,30,38,46,53],"is_endless":false,"potions_floor_spawned":[1,3,12,13,14,16,18,19,23,29,36,39,47,55],"ascension_level":20}}