{"host":"2461dio7vetlq1z3","time":1607785932,"event":{"mods":["AchievementEnabler","Aspiration","BaseMod","Hermit","Lobotomy","Minty Spire (QoL Compilation)","Relic Stats","Spicy Shops","StSLib","Waifu the Spire"],"gold_per_floor":[116,116,18,29,29,54,54,84,84,84,116,116,136,165,165,239,239,249,98,98,98,98],"floor_reached":21,"playtime":1059,"items_purged":["Dualcast"],"score":335,"play_id":"d4cc1016-6487-431f-876a-6930ed56c41b","local_time":"20201212161212","is_ascension_mode":true,"campfire_choices":[{"data":"Blizzard","floor":7,"key":"SMITH"},{"data":"1","floor":10,"key":"LIFT"},{"floor":15,"key":"REST"}],"circlet_count":0,"master_deck":["AscendersBane","Strike_B","Strike_B","Strike_B","Strike_B","Defend_B","Defend_B","Defend_B","Defend_B","Zap","Sweeping Beam","Glacier","Blizzard+1","Skim","Fusion","Static Discharge","Hologram","Sunder","Creative AI","Perseverance","Capacitor"],"relics":["SlaversCollar","StrikeDummy","Centennial Puzzle","White Beast Statue","Girya","Symbiotic Virus","aspiration:ChemicalBlood","aspiration:WatcherSkillbook"],"acts_visited":["Exordium","TheCity"],"potions_floor_usage":[14,16,18],"damage_taken":[{"damage":11,"enemies":"Cultist","floor":1,"turns":5},{"damage":7,"enemies":"Jaw Worm","floor":4,"turns":4},{"damage":7,"enemies":"Gremlin Nob","floor":6,"turns":5},{"damage":13,"enemies":"Lagavulin","floor":8,"turns":9},{"damage":24,"enemies":"Gremlin Nob","floor":11,"turns":4},{"damage":0,"enemies":"2 Louse","floor":13,"turns":3},{"damage":3,"enemies":"Lagavulin","floor":14,"turns":5},{"damage":14,"enemies":"Hexaghost","floor":16,"turns":11},{"damage":19,"enemies":"2 Thieves","floor":18,"turns":4},{"damage":32,"enemies":"Chosen","floor":21,"turns":6}],"seed_played":"-204203443712738801","potions_obtained":[{"floor":11,"key":"Fruit Juice"},{"floor":13,"key":"Dexterity Potion"},{"floor":14,"key":"DuplicationPotion"},{"floor":16,"key":"Strength Potion"},{"floor":18,"key":"EntropicBrew"},{"floor":21,"key":"EssenceOfDarkness"}],"is_trial":false,"path_per_floor":["M","T","$","M","$","E","R","E","T","R","E","?","M","E","R","B",null,"M","$","?","M"],"character_chosen":"DEFECT","items_purchased":["Glacier","Capacitor"],"campfire_rested":1,"item_purchase_floors":[3,19],"current_hp_per_floor":[57,57,57,50,50,43,43,30,30,30,6,6,6,8,32,18,65,46,46,31,0,0],"gold":98,"neow_bonus":"BOSS_RELIC","is_daily":false,"chose_seed":false,"campfire_upgraded":1,"win_rate":0.0,"timestamp":1607785932,"path_taken":["M","?","$","?","$","E","R","E","T","R","E","?","?","E","R","BOSS","M","$","?","M"],"items_purchased_type":["Card","Card"],"build_version":"2020-11-30","purchased_purges":1,"victory":false,"max_hp_per_floor":[75,75,75,75,75,75,75,75,75,75,75,75,75,80,80,80,80,80,80,85,85,85],"relic_stats":{"Centennial Puzzle":[18],"counters":[10,56],"obtain_stats":[{"SlaversCollar":0,"Girya":9,"Centennial Puzzle":6,"aspiration:WatcherSkillbook":17,"Cracked Core":0,"StrikeDummy":2,"Symbiotic Virus":11,"White Beast Statue":8,"aspiration:ChemicalBlood":14},{"SlaversCollar":0,"Girya":4,"Centennial Puzzle":3,"aspiration:WatcherSkillbook":8,"Cracked Core":0,"StrikeDummy":1,"Symbiotic Virus":5,"White Beast Statue":4,"aspiration:ChemicalBlood":7},{"SlaversCollar":0,"Girya":23,"Centennial Puzzle":14,"aspiration:WatcherSkillbook":46,"Cracked Core":0,"StrikeDummy":5,"Symbiotic Virus":27,"White Beast Statue":23,"aspiration:ChemicalBlood":35}]},"card_choices":[{"not_picked":["Steam","Barrage"],"picked":"Sweeping Beam","floor":1},{"not_picked":["Leap","Stack","Turbo"],"picked":"SKIP","floor":4},{"not_picked":["Go for the Eyes","Beam Cell"],"picked":"Blizzard","floor":6},{"not_picked":["Aggregate","Doom and Gloom"],"picked":"Skim","floor":8},{"not_picked":["Turbo","Darkness"],"picked":"Fusion","floor":11},{"not_picked":["Cold Snap","Static Discharge"],"picked":"Hologram","floor":13},{"not_picked":["Thunder Strike","Ball Lightning"],"picked":"Sunder","floor":14},{"not_picked":["All For One","Fission"],"picked":"Creative AI","floor":16},{"not_picked":["Streamline","PathToVictory","Halt"],"picked":"Perseverance","floor":18}],"player_experience":644952,"relics_obtained":[{"floor":2,"key":"StrikeDummy"},{"floor":6,"key":"Centennial Puzzle"},{"floor":8,"key":"White Beast Statue"},{"floor":9,"key":"Girya"},{"floor":11,"key":"Symbiotic Virus"},{"floor":14,"key":"aspiration:ChemicalBlood"}],"event_choices":[{"damage_healed":0,"gold_gain":0,"player_choice":"1 cards matched","damage_taken":0,"max_hp_gain":0,"max_hp_loss":0,"event_name":"Match and Keep!","floor":12,"gold_loss":0,"cards_obtained":["Static Discharge"]},{"damage_healed":0,"gold_gain":0,"player_choice":"Shed Blood","damage_taken":20,"max_hp_gain":5,"max_hp_loss":0,"event_name":"Forgotten Altar","floor":20,"gold_loss":0}],"is_beta":false,"boss_relics":[{"not_picked":["aspiration:PoetsPen_weak","Tiny House"],"picked":"aspiration:WatcherSkillbook"}],"items_purged_floors":[19],"is_endless":false,"potions_floor_spawned":[11,13,14,16,18],"killed_by":"Chosen","ascension_level":13}}