{"host":"x0ovlu53kkkog8rv","time":1607771943,"event":{"mods":["BaseMod","Colored Map","Minty Spire (QoL Compilation)","Quick Restart","SuperFastMode"],"gold_per_floor":[118,68,68,79,91,91,266,341,366,385,385,402,402,456,456,556,556,570,331,350,366,117,117,129,141,141,141,141,153,153,153,153],"floor_reached":31,"playtime":1027,"items_purged":["Doubt","Strike_G"],"score":302,"play_id":"2d519a06-5c22-4efe-b156-ee7784dda443","local_time":"20201212201903","is_ascension_mode":true,"campfire_choices":[{"data":"Catalyst","floor":6,"key":"SMITH"},{"floor":11,"key":"REST"},{"data":"Bouncing Flask","floor":15,"key":"SMITH"},{"data":"Corpse Explosion","floor":23,"key":"SMITH"},{"data":"Catalyst","floor":27,"key":"SMITH"},{"data":"Night Terror","floor":30,"key":"SMITH"}],"circlet_count":0,"master_deck":["Strike_G","Strike_G","Strike_G","Defend_G","Defend_G","Defend_G","Defend_G","Defend_G","Survivor","Neutralize","Catalyst+1","Backflip","Prepared","Bouncing Flask+1","Setup","Corpse Explosion+1","Catalyst+1","Enlightenment","PiercingWail","Night Terror+1","Writhe","Acrobatics+1"],"relics":["Ring of the Snake","MealTicket","Toy Ornithopter","Orichalcum","Snake Skull","SlaversCollar","Potion Belt","Molten Egg 2","Meat on the Bone"],"acts_visited":["Exordium","TheCity"],"potions_floor_usage":[21,29,29,31],"damage_taken":[{"damage":6,"enemies":"Jaw Worm","floor":1,"turns":5},{"damage":3,"enemies":"2 Louse","floor":4,"turns":3},{"damage":4,"enemies":"Cultist","floor":5,"turns":5},{"damage":35,"enemies":"Large Slime","floor":10,"turns":10},{"damage":9,"enemies":"2 Fungi Beasts","floor":12,"turns":5},{"damage":21,"enemies":"Hexaghost","floor":16,"turns":6},{"damage":13,"enemies":"Shell Parasite","floor":18,"turns":3},{"damage":7,"enemies":"Chosen","floor":20,"turns":3},{"damage":22,"enemies":"Snake Plant","floor":21,"turns":4},{"damage":0,"enemies":"Centurion and Healer","floor":24,"turns":3},{"damage":6,"enemies":"Cultist and Chosen","floor":25,"turns":3},{"damage":4,"enemies":"Snecko","floor":29,"turns":4},{"damage":40,"enemies":"Colosseum Slavers","floor":31,"turns":5},{"damage":41,"enemies":"Colosseum Nobs","floor":31,"turns":3}],"seed_played":"-5958325936901398478","potions_obtained":[{"floor":4,"key":"GhostInAJar"},{"floor":12,"key":"Swift Potion"},{"floor":20,"key":"LiquidMemories"},{"floor":21,"key":"Explosive Potion"}],"is_trial":false,"path_per_floor":["M","?","?","M","M","R","?","?","T","M","R","M","?","T","R","B",null,"M","$","M","M","$","R","M","M","T","R","?","M","R","?"],"character_chosen":"THE_SILENT","items_purchased":["Catalyst","Enlightenment","Potion Belt"],"campfire_rested":1,"item_purchase_floors":[19,19,22],"current_hp_per_floor":[64,64,61,58,54,54,54,43,43,8,29,20,43,43,43,22,70,57,70,63,46,61,61,61,55,55,55,55,61,61,0,0],"gold":153,"neow_bonus":"RANDOM_COMMON_RELIC","is_daily":false,"chose_seed":false,"campfire_upgraded":5,"win_rate":0.0,"timestamp":1607771943,"path_taken":["M","?","?","M","M","R","?","?","T","M","R","?","?","?","R","BOSS","M","$","M","M","$","R","M","M","T","R","?","M","R","?"],"items_purchased_type":["Card","Card","Relic"],"build_version":"2020-11-30","purchased_purges":2,"victory":false,"max_hp_per_floor":[70,70,70,70,70,70,70,70,70,70,70,70,70,70,70,70,70,70,70,70,70,70,70,70,70,70,70,70,70,70,70,70],"card_choices":[{"not_picked":["Dagger Throw","Cloak And Dagger"],"picked":"Catalyst","floor":1},{"not_picked":["Eviscerate","Underhanded Strike"],"picked":"Backflip","floor":4},{"not_picked":["Bane","Skewer"],"picked":"Prepared","floor":5},{"not_picked":["Quick Slash","Underhanded Strike"],"picked":"Bouncing Flask","floor":10},{"not_picked":["Deflect","Reflex"],"picked":"Setup","floor":12},{"not_picked":["Bullet Time","Adrenaline"],"picked":"Corpse Explosion","floor":16},{"not_picked":["Concentrate+1","Dagger Throw+1","Slice"],"picked":"SKIP","floor":18},{"not_picked":["Finisher","Backflip"],"picked":"PiercingWail","floor":20},{"not_picked":["All Out Attack","Tactician","PiercingWail"],"picked":"SKIP","floor":21},{"not_picked":["All Out Attack+1","Quick Slash","PiercingWail"],"picked":"SKIP","floor":24},{"not_picked":["Deflect","Dodge and Roll"],"picked":"Night Terror","floor":25},{"not_picked":["Cloak And Dagger","Finisher+1"],"picked":"Acrobatics+1","floor":29}],"player_experience":168825,"relics_obtained":[{"floor":9,"key":"Orichalcum"},{"floor":14,"key":"Snake Skull"},{"floor":26,"key":"Molten Egg 2"}],"event_choices":[{"cards_removed":["Strike_G"],"damage_healed":0,"gold_gain":0,"player_choice":"Card Removal","damage_taken":0,"max_hp_gain":0,"max_hp_loss":0,"event_name":"The Cleric","floor":2,"gold_loss":50},{"damage_healed":0,"gold_gain":0,"player_choice":"Success","damage_taken":3,"relics_obtained":["Toy Ornithopter"],"max_hp_gain":0,"max_hp_loss":0,"event_name":"Scrap Ooze","floor":3,"gold_loss":0},{"damage_healed":0,"gold_gain":175,"player_choice":"AGREE","damage_taken":0,"max_hp_gain":0,"max_hp_loss":0,"event_name":"Liars Game","floor":7,"gold_loss":0,"cards_obtained":["Doubt"]},{"damage_healed":0,"gold_gain":75,"player_choice":"Gather Gold","damage_taken":11,"max_hp_gain":0,"max_hp_loss":0,"event_name":"World of Goop","floor":8,"gold_loss":0},{"damage_healed":23,"gold_gain":0,"player_choice":"Banana","damage_taken":0,"max_hp_gain":0,"max_hp_loss":0,"event_name":"Big Fish","floor":13,"gold_loss":0},{"damage_healed":0,"gold_gain":0,"player_choice":"Opened","damage_taken":0,"relics_obtained":["Meat on the Bone"],"max_hp_gain":0,"max_hp_loss":0,"event_name":"The Mausoleum","floor":28,"gold_loss":0,"cards_obtained":["Writhe"]},{"damage_healed":0,"gold_gain":0,"player_choice":"Fight","damage_taken":0,"max_hp_gain":0,"max_hp_loss":0,"event_name":"Colosseum","floor":31,"gold_loss":0},{"damage_healed":0,"gold_gain":0,"player_choice":"Fought Nobs","damage_taken":0,"max_hp_gain":0,"max_hp_loss":0,"event_name":"Colosseum","floor":31,"gold_loss":0}],"is_beta":false,"boss_relics":[{"not_picked":["Cursed Key","Ring of the Serpent"],"picked":"SlaversCollar"}],"items_purged_floors":[19,22],"is_endless":false,"potions_floor_spawned":[4,12,20,21,31],"killed_by":"Colosseum Nobs","ascension_level":4}}