{"host":"fqid566djxhwi0rl","time":1607787314,"event":{"mods":["2.2 Compatiblity","AchievementEnabler","Aspiration","BaseMod","Downfall","Energized Spire","Faster Ascension Climbing","GifTheSpireLib","Minty Spire (QoL Compilation)","Replay The Spire","Robot Space Explorer","StSLib","The Blackbeard","The Gatherer","Trackpad","Yuri Mod"],"gold_per_floor":[115,129,144,164,178,178,206,206,206,233,243,115,131,163,163,241,241,253,265,265,280,280,280,298,298,298,328,7,37,37,71,71,148,148,158,158,158,168,168,168,193,220,220,220,9,9,23,41,41,41],"floor_reached":51,"playtime":3346,"items_purged":["hexamod:Strike","hexamod:Strike","hexamod:Defend"],"score":1426,"play_id":"7f25e109-b435-43eb-b077-28b326b796b6","local_time":"20201212173514","is_ascension_mode":true,"campfire_choices":[{"data":"hexamod:Float","floor":6.0,"key":"SMITH"},{"floor":8.0,"key":"REST"},{"data":"hexamod:PhantomCloak","floor":15.0,"key":"SMITH"},{"floor":23.0,"key":"REST"},{"floor":25.0,"key":"REST"},{"floor":32.0,"key":"REST"},{"data":"hexamod:RecurringNightmare","floor":40,"key":"SMITH"},{"floor":44,"key":"REST"},{"data":"hexamod:ApocalypticArmor","floor":46,"key":"SMITH"},{"data":"hexamod:EtherealExpedition","floor":49,"key":"SMITH"}],"circlet_count":0,"master_deck":["AscendersBane","hexamod:Strike","hexamod:Strike","hexamod:Defend","hexamod:Defend","hexamod:Defend","hexamod:Sear","hexamod:Float+1","hexamod:EtherealExpedition+1","hexamod:ThermalTransfer+1","hexamod:SpectersWail+1","hexamod:NightmareGuise+1","hexamod:HeatCrush+1","hexamod:GhostShield+1","hexamod:AdvancingGuard+1","hexamod:PhantomCloak+1","hexamod:Hexaguard","hexamod:PowerFromBeyond","hexamod:StepThrough+1","hexamod:Hexaguard","hexamod:ApocalypticArmor+1","hexamod:SixthSeal","hexamod:UnlimitedPower+1","hexamod:GhostflameInferno","hexamod:Hexaguard","hexamod:RecurringNightmare+1"],"relics":["hexamod:SpiritBrand","NeowsBlessing","Juzu Bracelet","Mercury Hourglass","Replay:Ringing Soul","Smiling Mask","energizedSpire:NeverEndingSparkler","hexamod:CandleOfCauterizing","ReplayTheSpireMod:TigerMarble","aspiration:HummingbirdHeart","Mummified Hand","MutagenicStrength","Whetstone","Busted Crown","hexamod:TheBrokenSeal","trackpad:ZombieHeart","Simple Rune","Turnip","PrismaticShard"],"acts_visited":["Exordium","TheCity","TheBeyond"],"potions_floor_usage":[33,33,50,50],"damage_taken":[{"damage":0.0,"enemies":"Cultist","floor":1.0,"turns":1.0},{"damage":0.0,"enemies":"Small Slimes","floor":2.0,"turns":2.0},{"damage":0.0,"enemies":"Jaw Worm","floor":3.0,"turns":1.0},{"damage":4.0,"enemies":"Exordium Thugs","floor":4.0,"turns":3.0},{"damage":8.0,"enemies":"3 Louse","floor":5.0,"turns":2.0},{"damage":10.0,"enemies":"Lagavulin","floor":7.0,"turns":8.0},{"damage":0.0,"enemies":"Gremlin Nob","floor":10.0,"turns":3.0},{"damage":0.0,"enemies":"2 Fungi Beasts","floor":11.0,"turns":2.0},{"damage":12.0,"enemies":"Large Slime","floor":13.0,"turns":5.0},{"damage":2.0,"enemies":"3 Sentries","floor":14.0,"turns":7.0},{"damage":13.0,"enemies":"The Guardian","floor":16.0,"turns":12.0},{"damage":7.0,"enemies":"Chosen","floor":18.0,"turns":7.0},{"damage":5.0,"enemies":"Spheric Guardian","floor":19.0,"turns":8.0},{"damage":54.0,"enemies":"Chosen and Byrds","floor":21.0,"turns":12.0},{"damage":16.0,"enemies":"Sentry and Sphere","floor":24.0,"turns":9.0},{"damage":6.0,"enemies":"Book of Stabbing","floor":27.0,"turns":7.0},{"damage":14.0,"enemies":"Slavers","floor":29.0,"turns":4.0},{"damage":2.0,"enemies":"Replay:Snechameleon","floor":31.0,"turns":5.0},{"damage":48,"enemies":"Champ","floor":33,"turns":23},{"damage":0,"enemies":"Orb Walker","floor":35,"turns":3},{"damage":3,"enemies":"3 Darklings","floor":38,"turns":7},{"damage":0,"enemies":"Mind Bloom Boss Battle","floor":41,"turns":7},{"damage":35,"enemies":"Giant Head","floor":42,"turns":9},{"damage":2,"enemies":"Sphere and 2 Shapes","floor":47,"turns":4},{"damage":0,"enemies":"Spire Growth","floor":48,"turns":3},{"damage":22,"enemies":"Awakened One","floor":50,"turns":20}],"seed_played":"-2571406753533228338","potions_obtained":[{"floor":1.0,"key":"Explosive Potion"},{"floor":4.0,"key":"LifebloodPotion"},{"floor":7.0,"key":"SteroidPotion"},{"floor":10.0,"key":"EntropicBrew"},{"floor":16.0,"key":"ColorlessPotion"},{"floor":19.0,"key":"SteroidPotion"},{"floor":21.0,"key":"DistilledChaos"},{"floor":24.0,"key":"CultistPotion"},{"floor":27.0,"key":"Strength Potion"},{"floor":29.0,"key":"EssenceOfSteel"},{"floor":31.0,"key":"Venom Potion"},{"floor":33,"key":"BlessingOfTheForge"},{"floor":38,"key":"Dexterity Potion"},{"floor":41,"key":"FearPotion"},{"floor":47,"key":"LiquidMemories"}],"is_trial":false,"path_per_floor":["M","M","M","M","M","R","E","R","T","E","M","$","M","E","R","B",null,"M","M","?","M","?","R","M","R","T","E","$","E","?","E","R","B",null,"M","?","?","M","?","R","?","E","T","R","$","R","M","M","R","B",null],"character_chosen":"THE_SPIRIT","items_purchased":["hexamod:Hexaguard","aspiration:HummingbirdHeart","PrismaticShard"],"campfire_rested":5,"item_purchase_floors":[12,28,45],"current_hp_per_floor":[57,57,57,53,45,45,35,53,53,56,59,62,53,54,54,44,72,68,66,69,22,22,49,43,70,70,71,71,67,67,75,99,61,92,95,100,100,110,110,110,110,76,76,110,110,110,111,112,112,95],"gold":41,"neow_bonus":"THREE_ENEMY_KILL","is_daily":false,"chose_seed":false,"campfire_upgraded":5,"win_rate":0.0,"timestamp":1607787314,"path_taken":["M","M","M","M","?","R","E","R","T","E","M","$","M","E","R","BOSS","M","M","?","M","?","R","M","R","T","E","?","E","?","E","R","BOSS","M","?","?","M","?","R","?","E","T","R","$","R","M","M","R","BOSS"],"items_purchased_type":["Card","Relic","Relic"],"build_version":"2020-11-30","purchased_purges":3,"victory":true,"max_hp_per_floor":[63,63,63,63,63,63,63,63,63,66,69,72,75,78,78,81,81,84,87,90,90,90,90,93,93,93,93,93,96,96,99,99,102,102,105,105,100,113,113,113,113,114,114,114,114,114,117,118,118,123],"card_choices":[{"not_picked":["hexamod:RecurringNightmare","hexamod:RadiantFlame"],"picked":"hexamod:EtherealExpedition","floor":1.0},{"not_picked":["hexamod:GhostShield","hexamod:InspiringFlames"],"picked":"hexamod:ThermalTransfer","floor":2.0},{"not_picked":["hexamod:HauntingEcho","hexamod:ThermalTransfer"],"picked":"hexamod:SpectersWail","floor":3.0},{"not_picked":["hexamod:GhostShield","hexamod:BacktrackSmack"],"picked":"hexamod:NightmareGuise","floor":4.0},{"not_picked":["hexamod:SuperheatedStrike","hexamod:ApocalypticArmor"],"picked":"hexamod:HeatCrush","floor":5.0},{"not_picked":["hexamod:GhostOfSpireFuture","hexamod:RetreatToShadows"],"picked":"hexamod:GhostShield","floor":7.0},{"not_picked":["hexamod:Again","hexamod:GhostLash"],"picked":"hexamod:AdvancingGuard","floor":10.0},{"not_picked":["hexamod:AdvancingGuard","hexamod:ShieldOfDarkness"],"picked":"hexamod:PhantomCloak","floor":11.0},{"not_picked":["hexamod:NightmareGuise","hexamod:GhostShield"],"picked":"hexamod:SixthSeal","floor":13.0},{"not_picked":["hexamod:NightmareGuise","hexamod:Firestarter"],"picked":"hexamod:PowerFromBeyond","floor":14.0},{"not_picked":["hexamod:TurnItUp","hexamod:VolcanoVisage"],"picked":"hexamod:FifthSeal","floor":16.0},{"not_picked":["hexamod:GhostLash+1","hexamod:AdvancingGuard"],"picked":"hexamod:StepThrough","floor":18.0},{"not_picked":["hexamod:FifthSeal","hexamod:SecondSeal"],"picked":"hexamod:FirstSeal","floor":19.0},{"not_picked":["hexamod:SwordOfDarkness","hexamod:GhostOfSpirePast"],"picked":"hexamod:Hexaguard","floor":19.0},{"not_picked":["hexamod:Rewind","hexamod:ThermalTransfer","hexamod:InspiringFlames"],"picked":"SKIP","floor":21.0},{"not_picked":["hexamod:FifthSeal","hexamod:FourthSeal"],"picked":"hexamod:ThirdSeal","floor":24.0},{"not_picked":["hexamod:ApocalypseNow","hexamod:RecurringNightmare","hexamod:Hexaguard"],"picked":"SKIP","floor":24.0},{"not_picked":["hexamod:RetreatToShadows","hexamod:AdvancingGuard","hexamod:GhostOfSpireFuture+1"],"picked":"SKIP","floor":27.0},{"not_picked":["hexamod:SuperheatedStrike","hexamod:Incineration","hexamod:HeatShield"],"picked":"SKIP","floor":27.0},{"not_picked":["hexamod:NightmareStrike","hexamod:ThermalTransfer+1"],"picked":"hexamod:ApocalypticArmor","floor":29.0},{"not_picked":["hexamod:StepThrough","hexamod:PowerFromBeyond","hexamod:RainOfEmbers"],"picked":"SKIP","floor":29.0},{"not_picked":["hexamod:FirstSeal","hexamod:FifthSeal"],"picked":"hexamod:SixthSeal","floor":31.0},{"not_picked":["hexamod:SwordOfDarkness","hexamod:FourthSeal","hexamod:GhostflameInferno"],"picked":"SKIP","floor":31.0},{"not_picked":["hexamod:GhostOfSpirePast","hexamod:CrushingStance","hexamod:HeatShield"],"picked":"SKIP","floor":31.0},{"not_picked":["hexamod:FirstSeal","hexamod:SixthSeal"],"picked":"hexamod:SecondSeal","floor":33},{"not_picked":["hexamod:SixthSeal","hexamod:EmpoweringStance"],"picked":"hexamod:UnlimitedPower","floor":33},{"not_picked":["hexamod:GiftsFromTheDead","hexamod:EmpoweringStance"],"picked":"hexamod:GhostflameInferno","floor":33},{"not_picked":[],"picked":"hexamod:Hexaguard","floor":35},{"not_picked":["hexamod:SecondSeal"],"picked":"SKIP","floor":35},{"not_picked":["hexamod:Firestarter"],"picked":"SKIP","floor":35},{"not_picked":[],"picked":"hexamod:RecurringNightmare","floor":38},{"not_picked":["hexamod:RainOfEmbers"],"picked":"SKIP","floor":38},{"not_picked":["hexamod:Incineration+1"],"picked":"SKIP","floor":42},{"not_picked":["Slimebound:TongueLash"],"picked":"SKIP","floor":47},{"not_picked":["hexamod:InspiringFlames"],"picked":"SKIP","floor":48}],"player_experience":652096,"relics_obtained":[{"floor":7.0,"key":"Juzu Bracelet"},{"floor":9.0,"key":"Mercury Hourglass"},{"floor":10.0,"key":"Replay:Ringing Soul"},{"floor":14.0,"key":"Smiling Mask"},{"floor":26.0,"key":"hexamod:CandleOfCauterizing"},{"floor":27.0,"key":"ReplayTheSpireMod:TigerMarble"},{"floor":29.0,"key":"Mummified Hand"},{"floor":31.0,"key":"Whetstone"},{"floor":41,"key":"trackpad:ZombieHeart"},{"floor":42,"key":"Simple Rune"},{"floor":43,"key":"Turnip"}],"event_choices":[{"damage_healed":0.0,"max_hp_gain":0.0,"max_hp_loss":0.0,"gold_gain":0.0,"event_name":"Drug Dealer","player_choice":"Inject Mutagens","floor":30.0,"gold_loss":0.0,"damage_taken":0.0,"relics_obtained":["MutagenicStrength"]},{"damage_healed":0,"gold_gain":0,"player_choice":"Max HP","damage_taken":0,"max_hp_gain":0,"max_hp_loss":5,"event_name":"Winding Halls","floor":37,"gold_loss":0},{"damage_healed":0,"gold_gain":0,"player_choice":"Fight","damage_taken":0,"max_hp_gain":0,"max_hp_loss":0,"event_name":"MindBloom","floor":41,"gold_loss":0}],"is_beta":false,"boss_relics":[{"not_picked":["ReplayTheSpireMod:DimensionalGlitch","trackpad:Coffee"],"picked":"energizedSpire:NeverEndingSparkler"},{"not_picked":["aspiration:RunicSpoon","energizedSpire:DeadBattery"],"picked":"Busted Crown"}],"items_purged_floors":[12,28,45],"is_endless":false,"potions_floor_spawned":[1,4,7,10,16,19,38,41,47],"ascension_level":17}}