{"host":"jqa9y4qkalbx8qgz","time":1607799081,"event":{"mods":["2.2 Compatiblity","BaseMod","Bestiary","BetterRewards","CCEM","Downfall","Infinite Spire","Minty Spire (QoL Compilation)","Permanent Neow","Relic Stats","Replay The Spire","StSLib","Wandering Minibosses"],"gold_per_floor":[115,130,141,141,30,63,63,76,130,130,130,163,163,182,182,303,303,321,321,321,321,321,360,360,396,396,396,430,430,446,465,465,595,595,610,630,630,646,646,686,686,719,769,769,800,263,263,286,286,286,286,286,26,64,64],"floor_reached":56,"playtime":6025,"items_purged":["Strike_B","Strike_B","Defend_B"],"score":1504,"play_id":"0ab4f72f-8091-4988-8bda-9898f34d9cdd","local_time":"20201212215121","is_ascension_mode":true,"campfire_choices":[{"data":"expansioncontent:FaceSlap","floor":7.0,"key":"SMITH"},{"data":"Loop","floor":11.0,"key":"SMITH"},{"data":"ReplayTheSpireMod:Fabricate Wheel","floor":24.0,"key":"SMITH"},{"data":"infinitespire:UltimateForm","floor":27.0,"key":"SMITH"},{"data":"Coolheaded","floor":29.0,"key":"SMITH"},{"data":"Capacitor","floor":32.0,"key":"SMITH"},{"data":"Blizzard","floor":41,"key":"SMITH"},{"floor":44,"key":"RECALL"},{"data":"Heatsinks","floor":47,"key":"SMITH"},{"data":"ReplayTheSpireMod:System Scan","floor":49,"key":"SMITH"},{"data":"Dualcast","floor":52,"key":"SMITH"}],"circlet_count":0,"master_deck":["Defend_B","Defend_B","Zap","Dualcast+1","expansioncontent:FaceSlap+1","Loop+1","Ball Lightning","Coolheaded+1","BasicCrystalCard+1","Cold Snap+1","Conserve Battery+1","Leap","Blizzard+1","Self Repair","infinitespire:UltimateForm+1","AbeCurse","infinitespire:Starlight","Glacier+1","Glacier+1","Echo Form","Core Surge","Capacitor+1","Panic Button","Heatsinks+1","ReplayGash","Biased Cognition","Stack+1","Compile Driver","Gash+1","Panic Button+1","Coolheaded+1","Multi-Cast","ReplayTheSpireMod:System Scan+1","Electrodynamics","Meteor Strike","Storm+1","Darkness+1","Hologram"],"relics":["m_SlimeRing","infinitespire:Bottled Soul","CCEMRelics:Barrel","Whetstone","infinitespire:Cubic Diamond","Gremlin Horn","Golden Idol","Replay:Grab Bag","Coffee Dripper","SlaversCollar","HornCleat","Ice Cream","Abe\u0027s Treasure","Gremlin Food","Prayer Wheel","Replay:Bottled Eggs","Replay:Mystery Machine","Replay:Wax Seal","Replay:Drink Me","Ring of Fury","ReplayTheSpireMod:Ring of Collecting","Spirit Poop","CCEMRelics:Sandal","Replay:Towering Pillar of Hats","ReplayTheSpireMod:Ring of Exchange","Prayer Wheel","infinitespire:WardingShard","CCEMRelics:OrganicArmor","CCEMRelics:SpiritsEdge","CCEMRelics:Icicle","Eternal Feather"],"acts_visited":["Exordium","TheCity","TheBeyond","TheEnding"],"potions_floor_usage":[55,55,55],"damage_taken":[{"damage":6.0,"enemies":"Cultist","floor":1.0,"turns":3.0},{"damage":0.0,"enemies":"2 Louse","floor":2.0,"turns":2.0},{"damage":10.0,"enemies":"Small Slimes","floor":3.0,"turns":2.0},{"damage":23.0,"enemies":"Gremlin Nob","floor":6.0,"turns":4.0},{"damage":9.0,"enemies":"Red Slaver","floor":8.0,"turns":3.0},{"damage":20.0,"enemies":"Lagavulin","floor":12.0,"turns":7.0},{"damage":0.0,"enemies":"Exordium Wildlife","floor":14.0,"turns":3.0},{"damage":1.0,"enemies":"Hexaghost","floor":16.0,"turns":9.0},{"damage":10.0,"enemies":"2 Thieves","floor":18.0,"turns":5.0},{"damage":22.0,"enemies":"Book of Stabbing","floor":23.0,"turns":6.0},{"damage":25.0,"enemies":"Replay:Snechameleon","floor":25.0,"turns":13.0},{"damage":0.0,"enemies":"Book of Stabbing","floor":28.0,"turns":7.0},{"damage":4.0,"enemies":"Chosen","floor":30.0,"turns":8.0},{"damage":0.0,"enemies":"Snecko","floor":31.0,"turns":37.0},{"damage":0.0,"enemies":"Champ","floor":33.0,"turns":11.0},{"damage":1.0,"enemies":"Orb Walker","floor":35.0,"turns":8.0},{"damage":0,"enemies":"3 Darklings","floor":36,"turns":16},{"damage":0,"enemies":"Jaw Worm Horde","floor":38,"turns":8},{"damage":3,"enemies":"R_Hoarder","floor":40,"turns":7},{"damage":0,"enemies":"Giant Head","floor":42,"turns":26},{"damage":0,"enemies":"R_Hoarder","floor":45,"turns":8},{"damage":0,"enemies":"Writhing Mass","floor":48,"turns":7},{"damage":11,"enemies":"Awakened One","floor":50,"turns":24},{"damage":50,"enemies":"Shield and Spear","floor":54,"turns":9},{"damage":1,"enemies":"The Heart","floor":55,"turns":10}],"seed_played":"1550000969733989373","potions_obtained":[{"floor":1.0,"key":"Regen Potion"},{"floor":8.0,"key":"FocusPotion"},{"floor":12.0,"key":"Swift Potion"},{"floor":14.0,"key":"Venom Potion"},{"floor":16.0,"key":"Strength Potion"},{"floor":18.0,"key":"Milkshake"},{"floor":23.0,"key":"PotionOfCapacity"},{"floor":31.0,"key":"FocusPotion"},{"floor":33.0,"key":"PotionOfCapacity"},{"floor":54,"key":"SpeedPotion"}],"is_trial":false,"path_per_floor":["M","M","M","T","$","E","R","M","T","?","R","E","?","M","R","B",null,"M","?","AVR","?","?","E","R","E","T","R","E","R","M","M","R","B",null,"M","M","?","M","?","E","R","E","T","R","E","$","R","M","R","B",null,"R","$","E","B",null],"character_chosen":"DEFECT","items_purchased":["BasicCrystalCard+1","CCEMRelics:OrganicArmor","CCEMRelics:SpiritsEdge","CCEMRelics:Icicle"],"campfire_rested":0,"item_purchase_floors":[5,46,46,53],"current_hp_per_floor":[69,69,59,59,59,48,48,39,39,39,39,19,1,1,23,22,75,65,65,65,47,47,42,42,51,51,51,75,75,75,75,75,75,57,57,57,57,57,57,57,57,57,57,57,57,57,57,57,57,57,57,57,57,49,57],"gold":64,"neow_bonus":"RANDOM_COLORLESS","is_daily":false,"chose_seed":false,"campfire_upgraded":10,"win_rate":0.0,"timestamp":1607799081,"path_taken":["M","M","M","?","$","E","R","M","T","?","R","E","?","M","R","BOSS","M","?","AVR","?","?","E","R","E","T","R","E","R","M","M","R","BOSS","M","M","?","M","?","E","R","E","T","R","E","$","R","M","R","BOSS","R","$","E","BOSS"],"items_purchased_type":["Card","Relic","Relic","Relic"],"build_version":"2020-11-30","purchased_purges":3,"victory":true,"max_hp_per_floor":[75,75,75,75,75,75,75,75,75,75,75,75,75,75,75,75,75,75,75,75,75,75,75,75,75,75,75,75,75,75,75,75,75,57,57,57,57,57,57,57,57,57,57,57,57,57,57,57,57,57,57,57,57,57,57],"relic_stats":{"Gremlin Horn":[17,17],"counters":[132,871],"Golden Idol":239,"Prayer Wheel":7,"Eternal Feather":0,"Whetstone":["Cold Snap","Strike_B"],"obtain_stats":[{"Ice Cream":0,"Golden Egg":6,"Replay:Accelerometer":23,"Gremlin Horn":12,"Spirit Poop":39,"downfall:HeartBlessingGreen":27,"infinitespire:Cubic Diamond":10,"Whetstone":6,"Sling":38,"Centennial Puzzle":24,"HornCleat":19,"Honey Jar":17,"Prayer Wheel":0,"MealTicket":29,"Iron Hammer":39,"CCEMRelics:Sandal":40,"Replay:Wax Seal":21,"Girya":0,"Dead Branch":24,"Replay:Grab Bag":17,"Oddly Smooth Stone":26,"Eternal Feather":54,"Pen Nib":38,"Replay:Kaleidoscope":20,"Slimebound:TarBlob":17,"WarpedTongs":12,"SlaversCollar":17,"Replay:Baseball":9,"ReplayTheSpireMod:Shallot":41,"CCEMRelics:FestiveHat":10,"Shuriken":2,"ReplayTheSpireMod:Ring of Collecting":37,"Snecko Eye":34,"Molten Egg 2":48,"ReplayTheSpireMod:TigerMarble":7,"Nloth\u0027s Gift":19,"Black Star":34,"Abe\u0027s Treasure":17,"Pocketwatch":42,"Darkstone Periapt":9,"ReplayTheSpireMod:Ring of Exchange":43,"Torii":6,"Mango":52,"Blue Doll":9,"StoneCalendar":28,"Bag of Preparation":0,"Replay:Mystery Machine":26,"Nunchaku":2,"m_SlimeRing":10,"Chameleon Ring":9,"TheAbacus":20,"Mummified Hand":38,"downfall:HeartBlessingBlue":44,"infinitespire:Bottled Soul":4,"Tiny Chest":0,"Red Mask":46,"Chemical X":30,"Replay:Bottled Eggs":45,"Cracked Core":0,"infinitespire:Chaos":0,"Replay:Drink Me":34,"CCEMRelics:Icicle":53,"InkBottle":25,"CCEMRelics:OrganicArmor":46,"Gremlin Food":31,"CCEMRelics:Barrel":6,"ReplayTheSpireMod:Ninjato":41,"Inserter":17,"downfall:HeartBlessingRed":27,"Replay:Towering Pillar of Hats":42,"Golden Idol":11,"infinitespire:EmptyRelic":0,"PreservedInsect":36,"Replay:WaspNest":26,"Geode":13,"infinitespire:Lucky Rock":6,"Frozen Egg 2":9,"Medical Kit":0,"MawBank":30,"Nuclear Battery":0,"Mercury Hourglass":48,"CCEMRelics:SpiritsEdge":46,"Cauldron":0,"downfall:GremlinSack":29,"infinitespire:WardingShard":45,"Ring of Fury":37,"Slimebound:AbsorbEndCombat":0,"Durian":8,"Snack Pack":13,"Coffee Dripper":34,"Bag of Marbles":43,"Garlic":25,"ReplayTheSpireMod:Lightbulb":4},{"Ice Cream":60,"Golden Egg":3,"Replay:Accelerometer":72,"Gremlin Horn":113,"Spirit Poop":125,"downfall:HeartBlessingGreen":17,"infinitespire:Cubic Diamond":112,"Whetstone":40,"Sling":80,"Centennial Puzzle":51,"HornCleat":116,"Honey Jar":47,"Prayer Wheel":36,"MealTicket":51,"Iron Hammer":55,"CCEMRelics:Sandal":126,"Replay:Wax Seal":49,"Girya":87,"Dead Branch":15,"Replay:Grab Bag":102,"Oddly Smooth Stone":51,"Eternal Feather":131,"Pen Nib":80,"Replay:Kaleidoscope":12,"Slimebound:TarBlob":10,"WarpedTongs":99,"SlaversCollar":115,"Replay:Baseball":5,"ReplayTheSpireMod:Shallot":82,"CCEMRelics:FestiveHat":99,"Shuriken":88,"ReplayTheSpireMod:Ring of Collecting":124,"Snecko Eye":23,"Molten Egg 2":86,"ReplayTheSpireMod:TigerMarble":3,"Nloth\u0027s Gift":48,"Black Star":78,"Abe\u0027s Treasure":68,"Pocketwatch":28,"Darkstone Periapt":42,"ReplayTheSpireMod:Ring of Exchange":127,"Torii":65,"Mango":35,"Blue Doll":66,"StoneCalendar":74,"Bag of Preparation":36,"Replay:Mystery Machine":118,"Nunchaku":37,"m_SlimeRing":112,"Chameleon Ring":98,"TheAbacus":104,"Mummified Hand":26,"downfall:HeartBlessingBlue":29,"infinitespire:Bottled Soul":110,"Tiny Chest":36,"Red Mask":84,"Chemical X":20,"Replay:Bottled Eggs":84,"Cracked Core":0,"infinitespire:Chaos":87,"Replay:Drink Me":122,"CCEMRelics:Icicle":130,"InkBottle":16,"CCEMRelics:OrganicArmor":128,"Gremlin Food":52,"CCEMRelics:Barrel":111,"ReplayTheSpireMod:Ninjato":82,"Inserter":102,"downfall:HeartBlessingRed":17,"Replay:Towering Pillar of Hats":127,"Golden Idol":99,"infinitespire:EmptyRelic":87,"PreservedInsect":24,"Replay:WaspNest":73,"Geode":67,"infinitespire:Lucky Rock":91,"Frozen Egg 2":91,"Medical Kit":36,"MawBank":76,"Nuclear Battery":36,"Mercury Hourglass":86,"CCEMRelics:SpiritsEdge":128,"Cauldron":87,"downfall:GremlinSack":19,"infinitespire:WardingShard":128,"Ring of Fury":124,"Slimebound:AbsorbEndCombat":0,"Durian":42,"Snack Pack":45,"Coffee Dripper":53,"Bag of Marbles":57,"Garlic":73,"ReplayTheSpireMod:Lightbulb":2},{"Ice Cream":365,"Golden Egg":19,"Replay:Accelerometer":431,"Gremlin Horn":649,"Spirit Poop":780,"downfall:HeartBlessingGreen":85,"infinitespire:Cubic Diamond":642,"Whetstone":194,"Sling":484,"Centennial Puzzle":274,"HornCleat":666,"Honey Jar":247,"Prayer Wheel":179,"MealTicket":274,"Iron Hammer":328,"CCEMRelics:Sandal":787,"Replay:Wax Seal":258,"Girya":532,"Dead Branch":74,"Replay:Grab Bag":606,"Oddly Smooth Stone":274,"Eternal Feather":861,"Pen Nib":484,"Replay:Kaleidoscope":57,"Slimebound:TarBlob":47,"WarpedTongs":584,"SlaversCollar":661,"Replay:Baseball":28,"ReplayTheSpireMod:Shallot":498,"CCEMRelics:FestiveHat":584,"Shuriken":534,"ReplayTheSpireMod:Ring of Collecting":772,"Snecko Eye":114,"Molten Egg 2":527,"ReplayTheSpireMod:TigerMarble":19,"Nloth\u0027s Gift":252,"Black Star":473,"Abe\u0027s Treasure":408,"Pocketwatch":137,"Darkstone Periapt":209,"ReplayTheSpireMod:Ring of Exchange":813,"Torii":386,"Mango":171,"Blue Doll":395,"StoneCalendar":444,"Bag of Preparation":179,"Replay:Mystery Machine":685,"Nunchaku":183,"m_SlimeRing":642,"Chameleon Ring":576,"TheAbacus":616,"Mummified Hand":129,"downfall:HeartBlessingBlue":144,"infinitespire:Bottled Soul":636,"Tiny Chest":179,"Red Mask":511,"Chemical X":96,"Replay:Bottled Eggs":511,"Cracked Core":0,"infinitespire:Chaos":532,"Replay:Drink Me":748,"CCEMRelics:Icicle":852,"InkBottle":80,"CCEMRelics:OrganicArmor":821,"Gremlin Food":283,"CCEMRelics:Barrel":639,"ReplayTheSpireMod:Ninjato":498,"Inserter":606,"downfall:HeartBlessingRed":85,"Replay:Towering Pillar of Hats":813,"Golden Idol":584,"infinitespire:EmptyRelic":532,"PreservedInsect":117,"Replay:WaspNest":439,"Geode":399,"infinitespire:Lucky Rock":549,"Frozen Egg 2":549,"Medical Kit":179,"MawBank":460,"Nuclear Battery":179,"Mercury Hourglass":527,"CCEMRelics:SpiritsEdge":821,"Cauldron":532,"downfall:GremlinSack":92,"infinitespire:WardingShard":821,"Ring of Fury":772,"Slimebound:AbsorbEndCombat":0,"Durian":209,"Snack Pack":228,"Coffee Dripper":293,"Bag of Marbles":348,"Garlic":439,"ReplayTheSpireMod:Lightbulb":10}]},"card_choices":[{"not_picked":["Discovery","Madness"],"picked":"expansioncontent:FaceSlap","floor":0.0},{"not_picked":["BasicCrystalCard","Reprogram"],"picked":"Loop","floor":1.0},{"not_picked":["Capacitor","Go for the Eyes"],"picked":"Ball Lightning","floor":2.0},{"not_picked":["Panic Button","Turbo"],"picked":"Coolheaded","floor":3.0},{"not_picked":["Loop","Aggregate"],"picked":"Cold Snap","floor":6.0},{"not_picked":["Stack","Beam Cell"],"picked":"Conserve Battery","floor":8.0},{"not_picked":["Steam","Sweeping Beam"],"picked":"Leap","floor":12.0},{"not_picked":["Hello World","ReplayTheSpireMod:Omega Cannon"],"picked":"Blizzard","floor":14.0},{"not_picked":["Electrodynamics","Mirror Shield"],"picked":"ReplayTheSpireMod:Fabricate Wheel","floor":16.0},{"not_picked":["Reinforced Body","Double Energy"],"picked":"Self Repair","floor":18.0},{"not_picked":["Replay:Fractal Strike","infinitespire:SevenWalls"],"picked":"infinitespire:Starlight","floor":21.0},{"not_picked":["Turbo","Leap"],"picked":"Glacier","floor":23.0},{"not_picked":["Rebound","Reprogram"],"picked":"Core Surge","floor":25.0},{"not_picked":["ReplayTheSpireMod:GoodbyeWorld","Leap"],"picked":"Capacitor","floor":28.0},{"not_picked":["Melter+1","BasicCrystalCard"],"picked":"Panic Button","floor":30.0},{"not_picked":["Self Repair","Turbo","Reprogram"],"picked":"SKIP","floor":30.0},{"not_picked":["Ball Lightning","Turbo+1"],"picked":"Heatsinks","floor":31.0},{"not_picked":["Streamline","Leap"],"picked":"ReplayGash","floor":31.0},{"not_picked":["ReplayTheSpireMod:Omega Cannon","Hyperbeam"],"picked":"Biased Cognition","floor":33.0},{"not_picked":["ReplayTheSpireMod:Repulse","Undo"],"picked":"Stack+1","floor":35},{"not_picked":["Turbo","Coolheaded+1"],"picked":"Compile Driver","floor":35},{"not_picked":["Deadly Poison","Compile Driver+1"],"picked":"Gash+1","floor":36},{"not_picked":["Scrape","BootSequence+1"],"picked":"Panic Button+1","floor":36},{"not_picked":["Gash","Beam Cell"],"picked":"Coolheaded+1","floor":38},{"not_picked":["Cold Snap+1","Reprogram"],"picked":"Multi-Cast","floor":38},{"not_picked":["BasicCrystalCard","Lockon+1"],"picked":"ReplayTheSpireMod:System Scan","floor":40},{"not_picked":["Barrage","Deadly Poison+1"],"picked":"Electrodynamics","floor":42},{"not_picked":["BasicCrystalCard+1","Steam"],"picked":"Storm+1","floor":45},{"not_picked":["Storm+1","Stack"],"picked":"Darkness+1","floor":48},{"not_picked":["Rebound+1","Blizzard+1","Hyperbeam"],"picked":"SKIP","floor":48},{"not_picked":["Beam Cell","Compile Driver","Rebound+1"],"picked":"SKIP","floor":48},{"not_picked":["Beam Cell","Compile Driver+1"],"picked":"Hologram","floor":54}],"player_experience":184851,"relics_obtained":[{"floor":4.0,"key":"infinitespire:Bottled Soul"},{"floor":6.0,"key":"CCEMRelics:Barrel"},{"floor":9.0,"key":"Whetstone"},{"floor":12.0,"key":"Gremlin Horn"},{"floor":23.0,"key":"Gremlin Food"},{"floor":25.0,"key":"Replay:Bottled Eggs"},{"floor":26.0,"key":"Replay:Mystery Machine"},{"floor":28.0,"key":"Replay:Wax Seal"},{"floor":37,"key":"Ring of Fury"},{"floor":37,"key":"ReplayTheSpireMod:Ring of Collecting"},{"floor":40,"key":"CCEMRelics:Sandal"},{"floor":42,"key":"Replay:Towering Pillar of Hats"},{"floor":43,"key":"ReplayTheSpireMod:Ring of Exchange"},{"floor":45,"key":"infinitespire:WardingShard"},{"floor":54,"key":"Eternal Feather"}],"event_choices":[{"damage_healed":0.0,"max_hp_gain":0.0,"max_hp_loss":0.0,"gold_gain":0.0,"event_name":"Golden Idol","player_choice":"Take Damage","floor":13.0,"gold_loss":0.0,"damage_taken":18.0,"relics_obtained":["Golden Idol"]},{"damage_healed":0.0,"max_hp_gain":0.0,"max_hp_loss":0.0,"gold_gain":0.0,"event_name":"The Library","player_choice":"Read","floor":22.0,"gold_loss":0.0,"damage_taken":0.0,"cards_obtained":["Glacier"]},{"cards_removed":["Amnesia"],"damage_healed":0,"gold_gain":0,"player_choice":"Offered Curse","damage_taken":0,"relics_obtained":["Spirit Poop"],"max_hp_gain":0,"max_hp_loss":0,"event_name":"Bonfire Elementals","floor":39,"gold_loss":0}],"is_beta":false,"boss_relics":[{"not_picked":["Replay:Bronze Core","Ring of Chaos"],"picked":"Replay:Grab Bag"},{"not_picked":["Velvet Choker","Replay:Wanted Poster"],"picked":"Coffee Dripper"},{"not_picked":["Pandora\u0027s Box","CCEMRelics:TransientCore"],"picked":"SlaversCollar"},{"not_picked":["Astrolabe","CCEMRelics:GreenEgg"],"picked":"Replay:Drink Me"}],"items_purged_floors":[5,20,46],"is_endless":false,"potions_floor_spawned":[1,8,12,14,16,18,23,31,33,36,38,45,48,54],"ascension_level":1}}