{"host":"inrqn0jglgjaorlx","time":1607742898,"event":{"mods":["2.2 Compatiblity","Abigail Mod","AchievementEnabler","Act Like it!","BaseMod","CapriCore","Friendly Minions","Gensokyo","Marisa（霧雨　魔理沙）","Minty Spire (QoL Compilation)","Prisma Mod","Reimu（博??梦）","Remilia（蕾米莉?）","StSLib","SuperFastMode","The Alterego","The Immortal"],"gold_per_floor":[116,133,152,169,186,212,231,264,288,288,304,304,323,350,350,427,427,442,469,484,484,107,141,152,52,52,52,52,66,66,66,66,142,142,156,169,169,169,169,179,179,179],"floor_reached":41,"playtime":1624,"items_purged":["PrismaMod:IllyaCommonAttack","PrismaMod:IllyaCommonAttack"],"score":825,"play_id":"8cf5fb25-c5c2-4b94-8aa1-885f92a486a1","local_time":"20201212031458","is_ascension_mode":true,"campfire_choices":[{"data":"PrismaMod:IllyaCarnivalOrbs","floor":12.0,"key":"SMITH"},{"data":"PrismaMod:IllyaUberChannel","floor":15.0,"key":"SMITH"},{"data":"PrismaMod:IllyaUncommonDefend","floor":30,"key":"SMITH"},{"data":"PrismaMod:IllyaGun","floor":32,"key":"SMITH"}],"circlet_count":0,"master_deck":["AscendersBane","PrismaMod:IllyaCommonDefend","PrismaMod:IllyaCommonDefend","PrismaMod:IllyaCommonDefend","PrismaMod:IllyaCommonAttack","PrismaMod:IllyaCommonDefend","PrismaMod:IllyaCommonAttack","PrismaMod:IllyaCommonDefend","PrismaMod:IllyaUncommonAttack+1","PrismaMod:IllyaUncommonDefend+1","PrismaMod:IllyaGrail","PrismaMod:IllyaBerserCAR","PrismaMod:IllyaUberChannel+1","PrismaMod:IllyaMinorRapidFire+1","PrismaMod:IllyaBerserCAR","PrismaMod:IllyaCarnivalOrbs+1","PrismaMod:IllyaAOECommonAttack","PrismaMod:IllyaCarnivalPrismaAstolfo","PrismaMod:IllyaInstallSaber","PrismaMod:IllyaUpgradeOrbs+1","PrismaMod:IllyaGun+1","PrismaMod:IllyaUncommonDefend+1","PrismaMod:IllyaGrail"],"relics":["PrismaMod:PrismaRuby","Dream Catcher","Ice Cream","Tiny Chest","Meat on the Bone","Philosopher\u0027s Stone","Whetstone","Pantograph","Torii","Blood Vial","HornCleat","SlaversCollar","Omamori","WarpedTongs"],"acts_visited":["Exordium","TheCity","TheBeyond"],"potions_floor_usage":[23,24,24,41,41],"damage_taken":[{"damage":0.0,"enemies":"2 Louse","floor":1.0,"turns":3.0},{"damage":0.0,"enemies":"Cultist","floor":2.0,"turns":4.0},{"damage":0.0,"enemies":"Small Slimes","floor":3.0,"turns":3.0},{"damage":0.0,"enemies":"3 Louse","floor":4.0,"turns":4.0},{"damage":2.0,"enemies":"Blue Slaver","floor":5.0,"turns":4.0},{"damage":2.0,"enemies":"Lagavulin","floor":6.0,"turns":5.0},{"damage":0.0,"enemies":"Large Slime","floor":7.0,"turns":6.0},{"damage":2.0,"enemies":"3 Sentries","floor":8.0,"turns":7.0},{"damage":4.0,"enemies":"Lots of Slimes","floor":11.0,"turns":4.0},{"damage":0.0,"enemies":"Looter","floor":13.0,"turns":3.0},{"damage":8.0,"enemies":"Gremlin Nob","floor":14.0,"turns":3.0},{"damage":0.0,"enemies":"Slime Boss","floor":16.0,"turns":8.0},{"damage":0,"enemies":"3 Byrds","floor":18,"turns":4},{"damage":4,"enemies":"2 Thieves","floor":20,"turns":4},{"damage":22,"enemies":"Slavers","floor":23,"turns":5},{"damage":3,"enemies":"Snake Plant","floor":24,"turns":5},{"damage":11,"enemies":"Centurion and Healer","floor":29,"turns":6},{"damage":28,"enemies":"Automaton","floor":33,"turns":9},{"damage":0,"enemies":"3 Shapes","floor":35,"turns":4},{"damage":10,"enemies":"3 Darklings","floor":36,"turns":6},{"damage":38,"enemies":"Writhing Mass","floor":40,"turns":5},{"damage":51,"enemies":"Nemesis","floor":41,"turns":8}],"seed_played":"3170599511426580617","potions_obtained":[{"floor":2.0,"key":"LiquidMemories"},{"floor":5.0,"key":"SteroidPotion"},{"floor":7.0,"key":"Strength Potion"},{"floor":8.0,"key":"AttackPotion"},{"floor":14.0,"key":"SpeedPotion"},{"floor":16.0,"key":"Energy Potion"},{"floor":23,"key":"ColorlessPotion"},{"floor":33,"key":"Dexterity Potion"},{"floor":36,"key":"Ancient Potion"}],"is_trial":false,"path_per_floor":["M","M","M","M","M","E","M","E","T","?","M","R","M","E","R","B",null,"M","T","M","T","$","E","M","$","T","?","$","M","R","?","R","B",null,"M","M","T","?","?","M","E"],"character_chosen":"ILLYA","items_purchased":["Torii"],"campfire_rested":0,"item_purchase_floors":[22],"current_hp_per_floor":[64,64,64,64,62,60,60,58,58,58,54,54,54,46,46,48,67,70,70,69,69,69,52,56,56,56,56,56,52,52,52,52,47,68,70,65,65,65,65,44,0,0],"gold":179,"neow_bonus":"UPGRADE_CARD","is_daily":false,"chose_seed":false,"campfire_upgraded":4,"win_rate":0.0,"timestamp":1607742898,"path_taken":["M","M","M","M","M","E","M","E","T","?","?","R","M","E","R","BOSS","M","?","M","?","$","E","M","$","T","?","?","M","R","?","R","BOSS","M","M","?","?","?","M","E"],"items_purchased_type":["Relic"],"build_version":"2020-11-30","purchased_purges":2,"victory":false,"max_hp_per_floor":[71,71,71,71,71,71,71,71,71,71,71,71,71,71,71,73,73,73,73,73,73,73,73,75,75,75,75,75,75,75,75,75,75,75,75,75,75,75,75,75,77,77],"card_choices":[{"not_picked":["PrismaMod:IllyaCheapChannelPoison","PrismaMod:IllyaPoisonTippedWeapons","PrismaMod:IllyaReinForce"],"picked":"SKIP","floor":1.0},{"not_picked":["PrismaMod:IllyaCommonEvoke","PrismaMod:IllyaCheapChannelDefend"],"picked":"PrismaMod:IllyaGrail","floor":2.0},{"not_picked":["PrismaMod:IllyaGun","PrismaMod:IllyaCheapChannelAttack"],"picked":"PrismaMod:IllyaBerserCAR","floor":3.0},{"not_picked":["PrismaMod:IllyaUncommonAttack","PrismaMod:IllyaBride","PrismaMod:IllyaRubysPotion"],"picked":"SKIP","floor":4.0},{"not_picked":["PrismaMod:IllyaCommonEvoke","PrismaMod:IllyaUberPoisonBlock"],"picked":"PrismaMod:IllyaUberChannel","floor":5.0},{"not_picked":["PrismaMod:IllyaPoisonTippedWeapons","PrismaMod:IllyaSaphire"],"picked":"PrismaMod:IllyaMinorRapidFire","floor":6.0},{"not_picked":["PrismaMod:IllyaCheapChannelDefend","PrismaMod:IllyaMaid"],"picked":"PrismaMod:IllyaBerserCAR","floor":7.0},{"not_picked":["PrismaMod:IllyaMaid","PrismaMod:IllyaUberChannel"],"picked":"PrismaMod:IllyaCarnivalOrbs","floor":8.0},{"not_picked":["PrismaMod:IllyaHassanGift","PrismaMod:IllyaRussianRoulette"],"picked":"PrismaMod:IllyaCheapDefend","floor":11.0},{"not_picked":["PrismaMod:IllyaBlindPoisonToss","PrismaMod:IllyaRubysPotion"],"picked":"PrismaMod:IllyaAOECommonAttack","floor":13.0},{"not_picked":["PrismaMod:IllyaBlindPoisonToss","PrismaMod:IllyaFriendMaker"],"picked":"PrismaMod:IllyaCarnivalPrismaAstolfo","floor":14.0},{"not_picked":["PrismaMod:IllyaUberAttackChannel","PrismaMod:IllyaInstallLancer"],"picked":"PrismaMod:IllyaInstallSaber","floor":16.0},{"not_picked":["PrismaMod:IllyaPoisoningPhantasm","PrismaMod:IllyaUpgradeOrbs","PrismaMod:IllyaPoisonTippedWeapons"],"picked":"SKIP","floor":18},{"not_picked":["PrismaMod:IllyaDetonatingBlow+1","PrismaMod:IllyaPoisonTippedWeapons","PrismaMod:IllyaBerserCAR"],"picked":"SKIP","floor":20},{"not_picked":["PrismaMod:IllyaBlindPoisonToss","PrismaMod:IllyaRussianRoulette"],"picked":"PrismaMod:IllyaUpgradeOrbs+1","floor":23},{"not_picked":["PrismaMod:IllyaMinorReinForce","PrismaMod:IllyaHassanGift"],"picked":"PrismaMod:IllyaGun","floor":24},{"not_picked":["PrismaMod:IllyaMaid+1","PrismaMod:IllyaBlindPoisonToss"],"picked":"PrismaMod:IllyaGrail","floor":29},{"not_picked":["PrismaMod:IllyaMinorZwei","PrismaMod:IllyaRussianRoulette+1","PrismaMod:IllyaHassanGift"],"picked":"SKIP","floor":35},{"not_picked":["PrismaMod:IllyaBride","PrismaMod:IllyaBoysLove","PrismaMod:IllyaHassanGift"],"picked":"SKIP","floor":36},{"not_picked":["PrismaMod:IllyaBride","PrismaMod:IllyaPartialInstallAssassin","PrismaMod:IllyaMinorReinForce"],"picked":"SKIP","floor":40}],"player_experience":354304,"relics_obtained":[{"floor":6.0,"key":"Dream Catcher"},{"floor":8.0,"key":"Ice Cream"},{"floor":9.0,"key":"Tiny Chest"},{"floor":14.0,"key":"Meat on the Bone"},{"floor":19,"key":"Whetstone"},{"floor":21,"key":"Pantograph"},{"floor":23,"key":"Blood Vial"},{"floor":26,"key":"HornCleat"},{"floor":37,"key":"Omamori"}],"event_choices":[{"damage_healed":0.0,"max_hp_gain":0.0,"max_hp_loss":0.0,"gold_gain":0.0,"event_name":"Match and Keep!","player_choice":"0 cards matched","floor":10.0,"gold_loss":0.0,"damage_taken":0.0,"cards_obtained":[]},{"damage_healed":0,"gold_gain":0,"player_choice":"Read","damage_taken":0,"max_hp_gain":0,"max_hp_loss":0,"event_name":"The Library","floor":27,"gold_loss":0,"cards_obtained":["PrismaMod:IllyaUncommonDefend"]},{"cards_removed":["PrismaMod:IllyaCommonAttack"],"damage_healed":0,"gold_gain":0,"player_choice":"Purged","damage_taken":0,"max_hp_gain":0,"max_hp_loss":0,"event_name":"Purifier","floor":31,"gold_loss":0},{"cards_removed":["PrismaMod:IllyaCheapDefend"],"damage_healed":0,"gold_gain":0,"player_choice":"Removed Skill","damage_taken":0,"max_hp_gain":0,"max_hp_loss":0,"event_name":"Falling","floor":38,"gold_loss":0},{"damage_healed":0,"gold_gain":0,"player_choice":"Rummage","damage_taken":0,"relics_obtained":["WarpedTongs"],"max_hp_gain":0,"max_hp_loss":0,"event_name":"Accursed Blacksmith","floor":39,"gold_loss":0,"cards_obtained":["Pain"]}],"is_beta":false,"boss_relics":[{"not_picked":["Empty Cage","Fusion Hammer"],"picked":"Philosopher\u0027s Stone"},{"not_picked":["Sozu","Velvet Choker"],"picked":"SlaversCollar"}],"items_purged_floors":[22,25],"is_endless":false,"potions_floor_spawned":[2,5,7,8,14,16,23,33,36],"killed_by":"Nemesis","ascension_level":14}}