{"host":"acw864156wjp8gcv","time":1607748675,"event":{"mods":["2.2 Compatiblity","AchievementEnabler","Ascension Reborn","Aspiration","BaseMod","Beaked The Cultist","Better Altar","Better Match","Better Note","Better Sensory Stone","Better Silent Start","Better Skull","Better Third Choice","Better Vampires","Challenge The Spire","Colored Map","Colored Powertips","Conspire","Downfall","Energized Spire","Halation","Hubris","Infinite Spire","Ironclad Rager","Jedi Mod","Mimic Mod","Minty Spire (QoL Compilation)","Relic Sorter","Replay The Spire","Shade Mod","Shop Mod","Spicy Shops","Spikes Relics","StSLib","The Construct","The Jungle","UnlockEverythingMod","Wandering Minibosses","everything is the same but u backflip on backflip","vexMod"],"gold_per_floor":[112,124,136,136,136,167,167,193,193,193,193,193,206,223,223,326,326,336,113,38,38,38],"floor_reached":21,"playtime":692,"items_purged":["construct:Hazardproof+1"],"score":196,"play_id":"3ec62955-5739-466b-b842-6388fc9ff40a","local_time":"20201211225115","is_ascension_mode":true,"campfire_choices":[{"data":"construct:Isolate","floor":7,"key":"SMITH"},{"data":"construct:Isolate+1","floor":10,"key":"SMITH"},{"data":"construct:AttackMode","floor":15,"key":"SMITH"}],"circlet_count":0,"master_deck":["construct:Strike_Gold+1","construct:Strike_Gold+1","construct:Strike_Gold+1","construct:Strike_Gold+1","construct:Defend_Gold","construct:Defend_Gold","construct:AttackMode+1","construct:DefenseMode","Uppercut+1","construct:Isolate+2","EmptyFist","FollowUp","construct:FierceBash+1","construct:Tumble+1"],"relics":["construct:ClockworkPhoenix","Replay:M_SmolderingBlood","aspiration:Nostalgia","Peace Pipe","jedi:purplefairy","Astrolabe","construct:MasterCore"],"acts_visited":["Exordium","TheCity"],"potions_floor_usage":[],"damage_taken":[{"damage":3,"enemies":"conspire:RoseBush","floor":1,"turns":4},{"damage":2,"enemies":"2 Louse","floor":2,"turns":3},{"damage":2,"enemies":"Small Slimes","floor":3,"turns":4},{"damage":32,"enemies":"Gremlin Nob","floor":6,"turns":5},{"damage":14,"enemies":"Replay:BlueRogue","floor":8,"turns":5},{"damage":8,"enemies":"3 Louse","floor":13,"turns":3},{"damage":1,"enemies":"Large Slime","floor":14,"turns":2},{"damage":43,"enemies":"Hexaghost","floor":16,"turns":5},{"damage":23,"enemies":"2 Thieves","floor":18,"turns":4}],"seed_played":"3229538510844426064","potions_obtained":[{"floor":2,"key":"Swift Potion"}],"is_trial":false,"path_per_floor":["M","M","M","?","?","E","R","E","T","R","?","?","M","M","R","B",null,"M","$","?","?"],"character_chosen":"THE_CONSTRUCT_MOD","items_purchased":["construct:MasterCore"],"campfire_rested":0,"item_purchase_floors":[19],"current_hp_per_floor":[82,80,78,78,78,46,46,32,32,37,46,46,38,37,85,42,85,62,62,62,0,0],"gold":38,"neow_bonus":"NOSTALGIA","is_daily":false,"chose_seed":false,"campfire_upgraded":3,"win_rate":0.0,"timestamp":1607748675,"path_taken":["M","M","M","?","?","E","R","E","T","R","?","?","M","M","R","BOSS","M","$","?","?"],"items_purchased_type":["Relic"],"build_version":"2020-11-30","purchased_purges":1,"victory":false,"max_hp_per_floor":[85,85,85,85,85,85,85,85,85,85,85,85,85,85,85,85,85,85,85,85,85,85],"card_choices":[{"not_picked":["construct:MetalShell","construct:HeavyBolt","construct:Analyze"],"picked":"SKIP","floor":1},{"not_picked":["FlyingSleeves","construct:Backfire"],"picked":"Uppercut","floor":2},{"not_picked":["construct:SweepLaser","construct:Boost"],"picked":"construct:Isolate","floor":3},{"not_picked":["construct:SweepLaser","ReachHeaven","construct:ClusterMines"],"picked":"SKIP","floor":6},{"not_picked":["Crescendo","construct:Bunker","CrushJoints"],"picked":"SKIP","floor":8},{"not_picked":["construct:ModeShift","construct:Forcefield"],"picked":"EmptyFist","floor":13},{"not_picked":["construct:FierceBash","construct:Zapper"],"picked":"FollowUp","floor":14},{"not_picked":["construct:SweepLaser","construct:Backfire+1","construct:Boost"],"picked":"SKIP","floor":18}],"player_experience":96288,"relics_obtained":[{"floor":6,"key":"ReplayTheSpireMod:TigerMarble"},{"floor":8,"key":"Peace Pipe"},{"floor":9,"key":"jedi:purplefairy"}],"event_choices":[{"damage_healed":0,"gold_gain":0,"player_choice":"Grow","damage_taken":0,"max_hp_gain":0,"max_hp_loss":0,"event_name":"Living Wall","floor":5,"gold_loss":0,"cards_upgraded":["Uppercut"]},{"cards_removed":["construct:Defend_Gold"],"damage_healed":0,"gold_gain":0,"player_choice":"Gave Gold","damage_taken":0,"max_hp_gain":0,"max_hp_loss":0,"event_name":"Beggar","floor":20,"gold_loss":75}],"is_beta":false,"boss_relics":[{"not_picked":["vexMod:FluxCapacitor","Velvet Choker"],"picked":"Astrolabe"}],"items_purged_floors":[19],"is_endless":false,"potions_floor_spawned":[2,14,16],"ascension_level":1}}