{"host":"4edbuligkc8x13l4","time":1607781586,"event":{"mods":["BaseMod","Minty Spire (QoL Compilation)","StSLib","SuperFastMode"],"gold_per_floor":[115,115,9,28,40,40,54,54,54,54,71,36,60,31,31,102,102,116,41,51,67,67,67,67],"floor_reached":23,"playtime":512,"items_purged":["Defend_R"],"score":335,"play_id":"0351d0a3-2cdb-4581-b0ef-dd937966aa2c","local_time":"20201212215946","is_ascension_mode":true,"campfire_choices":[{"data":"Havoc","floor":6,"key":"SMITH"},{"data":"Armaments","floor":8,"key":"SMITH"},{"data":"Flex","floor":15,"key":"SMITH"}],"circlet_count":0,"master_deck":["AscendersBane","Strike_R","Strike_R","Defend_R","Defend_R","Defend_R","Bash","Shockwave","Pummel","Body Slam","Inflame","Havoc+1","Cleave","Sword Boomerang","Armaments+1","Sword Boomerang","Flex+1","Feed","Anger"],"relics":["Burning Blood","Unceasing Top","Orichalcum","Sozu"],"acts_visited":["Exordium","TheCity"],"potions_floor_usage":[4,16,16,21],"damage_taken":[{"damage":9,"enemies":"2 Louse","floor":1,"turns":4},{"damage":6,"enemies":"Cultist","floor":4,"turns":5},{"damage":11,"enemies":"Jaw Worm","floor":5,"turns":4},{"damage":16,"enemies":"Blue Slaver","floor":7,"turns":3},{"damage":6,"enemies":"Looter","floor":11,"turns":3},{"damage":36,"enemies":"The Guardian","floor":16,"turns":9},{"damage":22,"enemies":"3 Byrds","floor":18,"turns":5},{"damage":18,"enemies":"2 Thieves","floor":20,"turns":3},{"damage":13,"enemies":"Chosen and Byrds","floor":21,"turns":5},{"damage":41,"enemies":"Slavers","floor":23,"turns":3}],"seed_played":"-3639543467689978183","potions_obtained":[{"floor":4,"key":"Fruit Juice"},{"floor":5,"key":"EssenceOfSteel"},{"floor":11,"key":"Block Potion"},{"floor":16,"key":"Fire Potion"}],"is_trial":false,"path_per_floor":["M","?","$","M","M","R","M","R","T","$","M","?","T","$","R","B",null,"M","$","M","M","?","E"],"character_chosen":"IRONCLAD","items_purchased":["Inflame","Havoc","Flex"],"campfire_rested":0,"item_purchase_floors":[3,3,14],"current_hp_per_floor":[47,47,47,52,47,47,37,37,37,37,37,57,57,57,57,27,67,55,55,43,40,40,0,0],"gold":67,"neow_bonus":"TRANSFORM_TWO_CARDS","is_daily":false,"chose_seed":false,"campfire_upgraded":3,"win_rate":0.0,"timestamp":1607781586,"path_taken":["M","?","$","?","M","R","M","R","T","?","M","?","?","?","R","BOSS","M","$","M","M","?","E"],"items_purchased_type":["Card","Card","Card"],"build_version":"2020-11-30","purchased_purges":1,"victory":false,"max_hp_per_floor":[75,75,75,80,80,80,80,80,80,80,80,80,80,80,80,80,80,84,84,84,88,88,88,88],"card_choices":[{"not_picked":["Sentinel","Perfected Strike"],"picked":"Body Slam","floor":1},{"not_picked":["Perfected Strike","Intimidate"],"picked":"Cleave","floor":4},{"not_picked":["Cleave","Body Slam"],"picked":"Sword Boomerang","floor":5},{"not_picked":["Rage","Spot Weakness"],"picked":"Armaments","floor":7},{"not_picked":["Evolve","Berserk"],"picked":"Sword Boomerang","floor":11},{"not_picked":["Juggernaut","Double Tap"],"picked":"Feed","floor":16},{"not_picked":["Disarm","Pummel"],"picked":"Anger","floor":18},{"not_picked":["Rampage","Body Slam","Twin Strike+1"],"picked":"SKIP","floor":20},{"not_picked":["Shockwave","Twin Strike","Reckless Charge"],"picked":"SKIP","floor":21}],"player_experience":900033,"relics_obtained":[{"floor":9,"key":"Unceasing Top"},{"floor":13,"key":"Orichalcum"}],"event_choices":[{"cards_removed":["Strike_R"],"damage_healed":0,"gold_gain":0,"player_choice":"Offered Basic","damage_taken":0,"max_hp_gain":0,"max_hp_loss":0,"event_name":"Bonfire Elementals","floor":2,"gold_loss":0},{"damage_healed":20,"gold_gain":0,"player_choice":"Healed","damage_taken":0,"max_hp_gain":0,"max_hp_loss":0,"event_name":"The Cleric","floor":12,"gold_loss":35}],"is_beta":false,"boss_relics":[{"not_picked":["Calling Bell","Runic Pyramid"],"picked":"Sozu"}],"items_purged_floors":[19],"is_endless":false,"potions_floor_spawned":[4,5,11,16,21],"killed_by":"Slavers","ascension_level":17}}