{"host":"ea1gz0s8chhg5p89","time":1607802134,"event":{"mods":["Act Like it!","BaseMod","Decade(王小明)","Gensokyo","Marisa（F雨　魔理沙）","Minty Spire (QoL Compilation)","Pale of the Ancients","Remilia（蕾米莉亚）","Replay The Spire","StSLib","The Servant 0.9.4","WarShipGirlsR/战舰少女R mod","Youmu（魂魄妖梦）"],"gold_per_floor":[118,118,118,138,239,269,282,314,314,314,339,339,111,19,19,120,120,139,139,139,139,52,83,131,160,160,186,201,201,201,218,218,317,317,329,379,379,379,402,402,433,167,167,198,216,247,247,267,267,267,278,295,285,311,311,331,331,331,331,331],"floor_reached":61,"playtime":2785,"items_purged":["Regret","Strike_P+1"],"score":1819,"play_id":"cbdb405d-e550-4d70-979f-21632b7c082a","local_time":"20201213034214","is_ascension_mode":true,"campfire_choices":[{"data":"rmod:seals","floor":10,"key":"SMITH"},{"data":"rmod:supportescort","floor":12,"key":"SMITH"},{"data":"rmod:unsinkable","floor":15,"key":"SMITH"},{"floor":30,"key":"REST"},{"data":"rmod:lastglory","floor":32,"key":"SMITH"},{"data":"rmod:secretscript","floor":40,"key":"SMITH"},{"data":"rmod:highspeedmaneuver","floor":49,"key":"SMITH"},{"data":"rmod:generalist","floor":55,"key":"SMITH"},{"data":"rmod:circuitoustactics","floor":57,"key":"SMITH"}],"circlet_count":0,"master_deck":["rmod:strick+1","rmod:strick","rmod:defend","rmod:defend","rmod:defend","rmod:basicallowance","rmod:maingunfire","rmod:acesubmarine","rmod:steelsupply","rmod:lonelyqueen","rmod:overbreakdown+1","rmod:maintain+1","rmod:circuitoustactics+1","rmod:unsinkable+1","rmod:supportescort+1","rmod:seals+1","rmod:fletcherpendant","rmod:acesubmarine","rmod:lastglory+1","rmod:sl+1","rmod:secretscript+1","rmod:rockthrower","rmod:ammunitionsupply+1","rmod:fletcherpendant","rmod:fletcherpendant","rmod:supportescort+1","rmod:unsinkable","rmod:diaomin","rmod:garrisonisland","rmod:highspeedmaneuver+1","rmod:circuitoustactics","rmod:tearstotiara+1","rmod:steelsupply+1","rmod:garrisonisland","rmod:ammunitionsupply","rmod:launchingtorpedo","rmod:aggressivemary","rmod:ammunitionsupply+1","rmod:smokecover+1","rmod:secretscript+1","rmod:supportescort+1","rmod:aggressivemary","rmod:generalist+1","rmod:smokecover","rmod:u235","rmod:combined+1"],"relics":["Replay:Baseball","Mirror","rmod:extraamm","Whetstone","Omamori","DollysMirror","MealTicket","rmod:mogul","Bag of Preparation","GreatHeart","Pantograph","War Paint","Lizard Tail","Replay:Rubber Ducky","ReplayTheSpireMod:Shallot","Painkiller Herb","Counterbalance","Juzu Bracelet","Replay:Wax Seal","Gremlin Horn","Smiling Mask","Sundial","paleoftheancients:Timepiece","CultistMask","paleoftheancients:SoulOfTheBard","ScarletDevilRocket","StoneCalendar"],"acts_visited":["Exordium","TheCity","TheBeyond","paleoftheancients:PaleOfTheAncients"],"potions_floor_usage":[6,8,27,41,41,50,50,50,56,60],"damage_taken":[{"damage":4,"enemies":"Small Slimes","floor":1,"turns":2},{"damage":3,"enemies":"2 Louse","floor":4,"turns":2},{"damage":8,"enemies":"3 Sentries","floor":6,"turns":8},{"damage":1,"enemies":"Cultist","floor":7,"turns":4},{"damage":19,"enemies":"Gremlin Nob","floor":8,"turns":6},{"damage":12,"enemies":"3 Sentries","floor":11,"turns":13},{"damage":13,"enemies":"Fading Forest","floor":16,"turns":11},{"damage":17,"enemies":"Shell Parasite","floor":18,"turns":7},{"damage":13,"enemies":"Replay:Snechameleon","floor":23,"turns":9},{"damage":14,"enemies":"Book of Stabbing","floor":25,"turns":4},{"damage":21,"enemies":"Replay:Snechameleon","floor":27,"turns":4},{"damage":4,"enemies":"3 Byrds","floor":28,"turns":6},{"damage":12,"enemies":"Snake Plant","floor":31,"turns":5},{"damage":5,"enemies":"Pondfish","floor":33,"turns":11},{"damage":0,"enemies":"Orb Walker","floor":35,"turns":3},{"damage":0,"enemies":"Mind Bloom Boss Battle","floor":36,"turns":7},{"damage":19,"enemies":"Nemesis","floor":41,"turns":9},{"damage":0,"enemies":"Giant Head","floor":44,"turns":5},{"damage":1,"enemies":"3 Shapes","floor":45,"turns":4},{"damage":5,"enemies":"Nemesis","floor":46,"turns":5},{"damage":2,"enemies":"Jaw Worm Horde","floor":48,"turns":4},{"damage":9,"enemies":"Donu and Deca","floor":50,"turns":11},{"damage":68,"enemies":"Donu and Deca","floor":51,"turns":23},{"damage":0,"enemies":"Donu and Deca","floor":52,"turns":8},{"damage":68,"enemies":"Donu and Deca","floor":56,"turns":13},{"damage":297,"enemies":"paleoftheancients:N","floor":60,"turns":16}],"seed_played":"6469583807834366160","potions_obtained":[{"floor":4,"key":"Elixir"},{"floor":7,"key":"Weak Potion"},{"floor":18,"key":"FearPotion"},{"floor":27,"key":"LifebloodPotion"},{"floor":28,"key":"Weak Potion"},{"floor":31,"key":"Adrenaline Potion"},{"floor":41,"key":"Fire Potion"},{"floor":48,"key":"Ancient Potion"},{"floor":52,"key":"AttackPotion"},{"floor":56,"key":"Explosive Potion"}],"is_trial":false,"path_per_floor":["M","?","?","M","?","E","M","E","T","R","E","R","$","?","R","B",null,"M","T","?","?","$","E","T","E","T","E","M","?","R","M","R","B",null,"?","?","?","?","T","T","E","T","T","E","?","E","?","?","T","B","?","?","?","T","T","?","T","T","?","B",null],"character_chosen":"PRAEFECT","items_purchased":["DollysMirror","rmod:ammunitionsupply+1","rmod:fletcherpendant","rmod:garrisonisland","rmod:ammunitionsupply","rmod:launchingtorpedo"],"campfire_rested":1,"item_purchase_floors":[13,22,22,42,42,42],"current_hp_per_floor":[71,71,71,68,50,42,41,22,22,22,10,10,10,10,10,19,75,58,58,58,58,73,60,60,46,46,25,21,7,31,19,19,39,80,80,80,80,80,80,80,61,76,76,76,75,70,70,68,68,80,46,76,76,76,76,46,46,46,46,80],"gold":331,"neow_bonus":"THREE_RARE_CARDS","is_daily":false,"chose_seed":false,"campfire_upgraded":8,"win_rate":0.0,"timestamp":1607802134,"path_taken":["M","?","?","M","?","E","?","E","T","R","E","R","$","?","R","BOSS","M","?","?","?","?","E","?","E","T","E","M","?","R","?","R","BOSS","?","?","?","?","?","T","E","T","T","E","?","E","?","?","T","BOSS","?","?","?","T","T","?","T","T","?","BOSS"],"items_purchased_type":["Relic","Card","Card","Card","Card","Card"],"build_version":"2020-11-30","purchased_purges":2,"victory":true,"max_hp_per_floor":[75,75,75,75,75,75,75,75,75,75,75,75,75,75,75,75,75,75,75,75,75,75,75,75,75,75,75,75,80,80,80,80,80,80,80,80,80,80,80,80,80,80,80,80,80,80,80,80,80,80,80,80,80,80,80,80,80,80,80,80],"card_choices":[{"not_picked":["rmod:abidefaith","rmod:fletcher"],"picked":"rmod:acesubmarine","floor":0.0},{"not_picked":["rmod:fletcherpendant","rmod:circuitoustactics"],"picked":"rmod:steelsupply","floor":1},{"not_picked":["rmod:intelligenceanalysis","rmod:stealaluminum"],"picked":"rmod:lonelyqueen","floor":4},{"not_picked":["rmod:luckystar","rmod:bulid"],"picked":"rmod:overbreakdown","floor":5},{"not_picked":["rmod:generalist","rmod:goodsister"],"picked":"rmod:maintain","floor":5},{"not_picked":["rmod:diamondstrike","rmod:fletcherpendant"],"picked":"rmod:circuitoustactics","floor":5},{"not_picked":["rmod:luckystar","rmod:diamondstrike"],"picked":"rmod:unsinkable","floor":6},{"not_picked":["rmod:shuttlebombing","rmod:launchingtorpedo"],"picked":"rmod:supportescort","floor":7},{"not_picked":["rmod:intelligenceanalysis","rmod:gendarmerie"],"picked":"rmod:seals","floor":8},{"not_picked":["rmod:tearstotiara","rmod:ammunitionsupply"],"picked":"rmod:fletcherpendant","floor":11},{"not_picked":["rmod:saltedfish","rmod:stealaluminum"],"picked":"rmod:lastglory","floor":16},{"not_picked":["rmod:unsinkable","rmod:combined+1"],"picked":"rmod:sl+1","floor":18},{"not_picked":["rmod:salvage","rmod:supportescort"],"picked":"rmod:fletcherpendant","floor":23},{"not_picked":["rmod:combined","rmod:steelsupply"],"picked":"rmod:supportescort+1","floor":25},{"not_picked":["rmod:intelligenceanalysis+1","rmod:steelsupply"],"picked":"rmod:unsinkable","floor":27},{"not_picked":["rmod:supriseattacks","rmod:luckystar"],"picked":"rmod:diaomin","floor":28},{"not_picked":["rmod:expedition","rmod:victimresponsibility"],"picked":"rmod:garrisonisland","floor":31},{"not_picked":["rmod:u235","rmod:desperatesituation"],"picked":"rmod:highspeedmaneuver","floor":33},{"not_picked":["rmod:diamondstrike","rmod:ammunitionsupply"],"picked":"rmod:circuitoustactics","floor":35},{"not_picked":["rmod:circuitoustactics","rmod:supportescort+1"],"picked":"rmod:tearstotiara+1","floor":36},{"not_picked":["rmod:slowdown","rmod:aluminumsupply+1"],"picked":"rmod:steelsupply+1","floor":41},{"not_picked":["rmod:stealaluminum","rmod:supportaircraftcarrier+1"],"picked":"rmod:aggressivemary","floor":44},{"not_picked":["rmod:supportescort","rmod:diamondstrike"],"picked":"rmod:ammunitionsupply+1","floor":45},{"not_picked":["rmod:chargemoney","rmod:ammunitionsupply+1"],"picked":"rmod:smokecover+1","floor":46},{"not_picked":["rmod:supriseattacks","rmod:aviationdawn+1"],"picked":"rmod:supportescort+1","floor":48},{"not_picked":["rmod:steelsupply","rmod:guardianhero"],"picked":"rmod:aggressivemary","floor":51},{"not_picked":["rmod:diamondstrike+1","rmod:rockthrower"],"picked":"rmod:generalist","floor":52},{"not_picked":[],"picked":"rmod:smokecover","floor":53},{"not_picked":[],"picked":"rmod:u235","floor":53},{"not_picked":["rmod:salvage","rmod:fletcherpendant+1"],"picked":"rmod:combined+1","floor":56}],"player_experience":487278,"relics_obtained":[{"floor":6,"key":"Mirror"},{"floor":8,"key":"rmod:extraamm"},{"floor":9,"key":"Whetstone"},{"floor":11,"key":"Omamori"},{"floor":19,"key":"Bag of Preparation"},{"floor":23,"key":"Pantograph"},{"floor":24,"key":"War Paint"},{"floor":25,"key":"Lizard Tail"},{"floor":26,"key":"Replay:Rubber Ducky"},{"floor":27,"key":"ReplayTheSpireMod:Shallot"},{"floor":36,"key":"Counterbalance"},{"floor":39,"key":"Juzu Bracelet"},{"floor":41,"key":"Replay:Wax Seal"},{"floor":43,"key":"Gremlin Horn"},{"floor":44,"key":"Smiling Mask"},{"floor":46,"key":"Sundial"},{"floor":51,"key":"paleoftheancients:SoulOfTheBard"},{"floor":54,"key":"ScarletDevilRocket"},{"floor":58,"key":"StoneCalendar"}],"event_choices":[{"damage_healed":0,"gold_gain":0,"player_choice":"Box","damage_taken":0,"relics_obtained":["Replay:Baseball"],"max_hp_gain":0,"max_hp_loss":0,"event_name":"Big Fish","floor":3,"gold_loss":0,"cards_obtained":["Regret"]},{"damage_healed":0,"gold_gain":0,"player_choice":"Paid Gold","damage_taken":0,"relics_obtained":["MealTicket"],"max_hp_gain":0,"max_hp_loss":0,"event_name":"WeMeetAgain","floor":14,"gold_loss":92},{"damage_healed":0,"gold_gain":0,"cards_transformed":["rmod:strick","rmod:strick"],"player_choice":"Became Test Subject","damage_taken":0,"max_hp_gain":0,"max_hp_loss":0,"event_name":"Drug Dealer","floor":20,"gold_loss":0,"cards_obtained":["rmod:secretscript","rmod:rockthrower"]},{"damage_healed":0,"gold_gain":0,"player_choice":"Shed Blood","damage_taken":19,"max_hp_gain":5,"max_hp_loss":0,"event_name":"Forgotten Altar","floor":29,"gold_loss":0},{"damage_healed":0,"gold_gain":0,"player_choice":"Fight","damage_taken":0,"max_hp_gain":0,"max_hp_loss":0,"event_name":"MindBloom","floor":36,"gold_loss":0},{"damage_healed":0,"gold_gain":0,"player_choice":"Ignored","damage_taken":0,"max_hp_gain":0,"max_hp_loss":0,"event_name":"Tomb of Lord Red Mask","floor":37,"gold_loss":0},{"cards_removed":["rmod:defend"],"damage_healed":0,"gold_gain":0,"player_choice":"Removed Skill","damage_taken":0,"max_hp_gain":0,"max_hp_loss":0,"event_name":"Falling","floor":38,"gold_loss":0},{"damage_healed":0,"gold_gain":0,"player_choice":"Copied","damage_taken":0,"max_hp_gain":0,"max_hp_loss":0,"event_name":"Duplicator","floor":47,"gold_loss":0,"cards_obtained":["rmod:secretscript"]}],"is_beta":false,"boss_relics":[{"not_picked":["Runic Dome","Black Star"],"picked":"rmod:mogul"},{"not_picked":["Replay:Wanted Poster","Fusion Hammer"],"picked":"Painkiller Herb"}],"items_purged_floors":[13,42],"is_endless":false,"potions_floor_spawned":[4,7,18,27,28,31,41,48,52,56,60],"ascension_level":1}}