{"host":"re9xirrjoezsqg3h","time":1607788944,"event":{"mods":["AchievementEnabler","BaseMod","Dota2Spire","Downfall","GifTheSpireLib","Hermit","Luminous","Minty Spire (QoL Compilation)","Replay The Spire","Robot Space Explorer","StSLib","The Administrix","The Bug Knight","The Cursed","[IsaacMod]ÒÔÈö¼âËþ"],"gold_per_floor":[113,113,133,34,34,69,113,113,113,151,177,196,211,263,263,386,386,404,427,452,301,314,314,330,330,330,330,330,157,157,170,170,326,326,346,346,196,196,219,238,262,305,305,31,77,97,97,118,118,118],"floor_reached":51,"playtime":2573,"items_purged":["hermit:Defend_Hermit","hermit:Determination+1","hermit:Strike_Hermit","hermit:Strike_Hermit","hermit:BigShot","hermit:Defend_Hermit"],"score":812,"play_id":"cbc3ce02-2440-4eb3-880a-b7eb51e23d51","local_time":"20201213000224","is_ascension_mode":false,"campfire_choices":[{"data":"hermit:CursedWeapon","floor":8,"key":"SMITH"},{"data":"expansioncontent:QuickStudy","floor":15,"key":"SMITH"},{"data":"BettingIsNotGood","floor":23,"key":"SMITH"},{"data":"Master of Strategy","floor":25,"key":"SMITH"},{"data":"hermit:CursedWeapon","floor":28,"key":"SMITH"},{"data":"hermit:EyeOfTheStorm","floor":30,"key":"SMITH"},{"data":"BloodyBrimstone","floor":32,"key":"SMITH"},{"data":"expansioncontent:DashGenerateEvil","floor":49,"key":"SMITH"}],"circlet_count":0,"master_deck":["hermit:Strike_Hermit","hermit:Strike_Hermit","hermit:Defend_Hermit","hermit:Defend_Hermit","hermit:Snapshot","hermit:Covet","BloodyBrimstone+1","expansioncontent:QuickStudy+1","Finesse","hermit:Vantage","hermit:CursedWeapon+1","hermit:Snipe","expansioncontent:DashGenerateEvil+1","hermit:Maintenance+1","hermit:Shortfuse","Master of Strategy+1","BettingIsNotGood+1","hermit:CursedWeapon+1","hermit:EyeOfTheStorm+1","hermit:EyeOfTheStorm+1","Deep Breath","hermit:Showdown","hermit:Dive+1"],"relics":["hermit:Momento","HushsDoor","SteamSale","NeowsBlessing","Golden Idol","BargainBundle","Torii","D6","Gremlin Horn","Leech","Philosopher\u0027s Stone","GuppysHead","Boot","ReplayTheSpireMod:ShopPack","Dota2Spire:EyeOfSkadi","BelialBook","Dota2Spire:Bloodstone","Habit","Dota2Spire:Desolator","UnicornStump","Gambling Chip"],"acts_visited":["Exordium","TheCity","TheBeyond"],"potions_floor_usage":[40,40,46,46],"damage_taken":[{"damage":0,"enemies":"Jaw Worm","floor":1,"turns":1},{"damage":0,"enemies":"2 Louse","floor":3,"turns":1},{"damage":0,"enemies":"Lagavulin","floor":6,"turns":1},{"damage":9,"enemies":"3 Sentries","floor":10,"turns":2},{"damage":11,"enemies":"Cultist","floor":12,"turns":4},{"damage":13,"enemies":"Blue Slaver","floor":13,"turns":3},{"damage":2,"enemies":"Slime Boss","floor":16,"turns":5},{"damage":0,"enemies":"3 Byrds","floor":18,"turns":1},{"damage":2,"enemies":"Chosen","floor":20,"turns":4},{"damage":2,"enemies":"Snecko","floor":22,"turns":3},{"damage":2,"enemies":"Sentry and Sphere","floor":24,"turns":3},{"damage":18,"enemies":"Centurion and Healer","floor":31,"turns":4},{"damage":5,"enemies":"Collector","floor":33,"turns":5},{"damage":4,"enemies":"3 Shapes","floor":35,"turns":1},{"damage":2,"enemies":"3 Darklings","floor":39,"turns":1},{"damage":7,"enemies":"Transient","floor":40,"turns":5},{"damage":10,"enemies":"Spire Growth","floor":41,"turns":4},{"damage":10,"enemies":"Giant Head","floor":42,"turns":5},{"damage":6,"enemies":"Maw","floor":45,"turns":5},{"damage":17,"enemies":"Transient","floor":46,"turns":5},{"damage":0,"enemies":"3 Darklings","floor":48,"turns":1},{"damage":28,"enemies":"Time Eater","floor":50,"turns":3}],"seed_played":"-5479325662130551288","potions_obtained":[{"floor":1,"key":"DistilledChaos"},{"floor":41,"key":"Explosive Potion"},{"floor":42,"key":"Doom Potion"}],"is_trial":false,"path_per_floor":["M","?","M","$","$","E","?","R","T","E","T","M","M","?","R","B",null,"M","T","M","$","M","R","M","R","T","?","R","$","R","M","R","B",null,"M","?","$","?","M","M","M","E","T","$","M","M","?","M","R","B",null],"character_chosen":"HERMIT","items_purchased":["BargainBundle","expansioncontent:QuickStudy","Finesse","DuplicationPotion","hermit:Tonic","hermit:Vantage","hermit:Determination+1","GuppysHead","expansioncontent:DashGenerateEvil","hermit:Shortfuse","ReplayTheSpireMod:ShopPack","BelialBook","hermit:EyeOfTheStorm","Habit","hermit:Showdown","Gambling Chip"],"campfire_rested":0,"item_purchase_floors":[4,4,4,4,4,4,4,17,17,21,21,29,29,37,44,44],"current_hp_per_floor":[75,57,57,57,57,57,42,42,42,33,33,34,32,32,32,34,50,47,47,47,47,47,47,47,47,52,52,52,52,52,44,44,43,49,46,46,46,46,41,42,35,29,29,29,27,25,25,25,25,17],"gold":118,"neow_bonus":"THREE_ENEMY_KILL","is_daily":false,"chose_seed":false,"campfire_upgraded":8,"win_rate":0.0,"timestamp":1607788944,"path_taken":["M","?","M","?","$","E","?","R","T","E","?","?","?","?","R","BOSS","M","?","M","$","M","R","M","R","T","?","R","$","R","?","R","BOSS","M","?","$","?","M","M","M","E","T","$","M","?","?","M","R","BOSS"],"items_purchased_type":["Relic","Card","Card","Potion","Potion","Card","Card","Relic","Card","Card","Relic","Relic","Card","Relic","Card","Relic"],"build_version":"2020-11-30","purchased_purges":6,"victory":true,"max_hp_per_floor":[75,75,75,75,75,75,75,75,75,72,72,72,72,72,72,69,50,47,47,47,47,47,47,47,47,52,52,52,52,52,52,52,49,49,46,46,46,46,43,43,43,40,40,40,40,37,37,34,34,31],"card_choices":[{"not_picked":[],"picked":"BloodyBrimstone","floor":0},{"not_picked":["hermit:Manifest","hermit:SprayPray"],"picked":"hermit:BigShot","floor":1},{"not_picked":["hermit:SprayPray","hermit:Roulette","hermit:Malice"],"picked":"SKIP","floor":3},{"not_picked":["hermit:DeadMansHand","hermit:Glare"],"picked":"hermit:CursedWeapon","floor":6},{"not_picked":["hermit:Combo","hermit:Brawl","hermit:Magnum"],"picked":"SKIP","floor":10},{"not_picked":["hermit:CalledShot","hermit:Ricochet","hermit:Malice"],"picked":"SKIP","floor":12},{"not_picked":["hermit:Dive","hermit:Vantage"],"picked":"hermit:Snipe","floor":13},{"not_picked":["hermit:Gestalt","hermit:LowProfile","hermit:Ricochet"],"picked":"SKIP","floor":18},{"not_picked":["hermit:BodyArmor","hermit:SprayPray"],"picked":"hermit:Maintenance+1","floor":20},{"not_picked":["Metamorphosis","HandOfGreed"],"picked":"Master of Strategy","floor":21},{"not_picked":["expansioncontent:Torchfire","expansioncontent:YouAreMine"],"picked":"BettingIsNotGood","floor":21},{"not_picked":["Sadistic Nature","expansioncontent:DefensiveMode"],"picked":"Replay:SS_forest_6","floor":21},{"not_picked":["hermit:PistolWhip","hermit:NoHoldsBarred+1","hermit:Gestalt"],"picked":"SKIP","floor":22},{"not_picked":["hermit:Desperado","hermit:BodyArmor","hermit:Malice"],"picked":"SKIP","floor":24},{"not_picked":["hermit:BigShot","hermit:HoleUp","hermit:Determination"],"picked":"SKIP","floor":31},{"not_picked":["hermit:Quickdraw","hermit:Misfire+1"],"picked":"hermit:EyeOfTheStorm+1","floor":35},{"not_picked":["Replay:Parry","Replay:Sssssssssshield"],"picked":"Deep Breath","floor":38},{"not_picked":["hermit:DeadMansHand+1","hermit:Determination+1","hermit:Horror+1"],"picked":"SKIP","floor":39},{"not_picked":["hermit:BodyArmor+1","hermit:LowProfile","hermit:Misfire"],"picked":"SKIP","floor":40},{"not_picked":["hermit:Ricochet+1","hermit:Misfire+1","hermit:LuckOfTheDraw"],"picked":"SKIP","floor":41},{"not_picked":["hermit:Desperado+1","hermit:FlashPowder+1","hermit:Reprieve"],"picked":"SKIP","floor":42},{"not_picked":["hermit:Vantage","hermit:TakeCover","hermit:Shortfuse+1"],"picked":"SKIP","floor":45},{"not_picked":["hermit:Deadeye","hermit:Snipe","hermit:Combo"],"picked":"SKIP","floor":46},{"not_picked":["hermit:Desperado+1","hermit:HoleUp+1"],"picked":"hermit:Dive+1","floor":48}],"player_experience":263111,"relics_obtained":[{"floor":6,"key":"Torii"},{"floor":9,"key":"D6"},{"floor":10,"key":"Gremlin Horn"},{"floor":11,"key":"Leech"},{"floor":19,"key":"Boot"},{"floor":26,"key":"Dota2Spire:EyeOfSkadi"},{"floor":42,"key":"Dota2Spire:Desolator"},{"floor":43,"key":"UnicornStump"}],"event_choices":[{"damage_healed":0,"gold_gain":0,"player_choice":"Take Damage","damage_taken":18,"relics_obtained":["Golden Idol"],"max_hp_gain":0,"max_hp_loss":0,"event_name":"Golden Idol","floor":2,"gold_loss":0},{"damage_healed":0,"gold_gain":52,"player_choice":"Gained Gold","damage_taken":0,"max_hp_gain":0,"max_hp_loss":0,"event_name":"Golden Wing","floor":14,"gold_loss":0},{"damage_healed":0,"gold_gain":0,"player_choice":"Read","damage_taken":0,"max_hp_gain":0,"max_hp_loss":0,"event_name":"The Library","floor":27,"gold_loss":0,"cards_obtained":["hermit:CursedWeapon"]},{"cards_removed":["Replay:SS_forest_6"],"damage_healed":0,"gold_gain":0,"player_choice":"Removed Power","damage_taken":0,"max_hp_gain":0,"max_hp_loss":0,"event_name":"Falling","floor":36,"gold_loss":0},{"damage_healed":0,"gold_gain":0,"player_choice":"Memory 1","damage_taken":0,"max_hp_gain":0,"max_hp_loss":0,"event_name":"SensoryStone","floor":38,"gold_loss":0},{"damage_healed":0,"gold_gain":0,"player_choice":"Ignored","damage_taken":0,"max_hp_gain":0,"max_hp_loss":0,"event_name":"Mysterious Sphere","floor":47,"gold_loss":0}],"is_beta":false,"boss_relics":[{"not_picked":["hermit:BartenderGlass","Cursed Key"],"picked":"Philosopher\u0027s Stone"},{"not_picked":[]},{"not_picked":["Kintsugi","Painkiller Herb"],"picked":"Dota2Spire:Bloodstone"},{"not_picked":[]}],"items_purged_floors":[4,17,21,29,37,44],"is_endless":false,"potions_floor_spawned":[1,6,12,18,33,39,41,42],"ascension_level":0}}