{"host":"1mv6gj0zv8k9e9tz","time":1607772232,"event":{"mods":["AchievementEnabler","BaseMod","Better Third Choice","Colored Map","KOR Keyword Fix","Minty Spire (QoL Compilation)","Permanent Neow","Rare Cards Sparkle","StSLib"],"gold_per_floor":[116,134,153,153,165,165,165,192,246,42,77,88,13,47,47,142,142,154,253,253,265,283,283,313,328,351,363,378,378,378,389,389,389,389],"floor_reached":33,"playtime":1667,"items_purged":[],"score":542,"play_id":"71295198-e7a7-4d59-9b57-4928b7e2a706","local_time":"20201212202352","is_ascension_mode":true,"campfire_choices":[{"data":"Bouncing Flask","floor":6.0,"key":"SMITH"},{"data":"Catalyst","floor":15.0,"key":"SMITH"},{"data":"Night Terror","floor":23,"key":"SMITH"},{"floor":30,"key":"REST"},{"floor":32,"key":"REST"}],"circlet_count":0,"master_deck":["AscendersBane","Strike_G","Strike_G","Strike_G","Strike_G","Defend_G","Defend_G","Defend_G","Defend_G","Survivor","Neutralize","Cloak And Dagger","Bouncing Flask+1","Backflip","Night Terror+1","Die Die Die","Dagger Throw","Catalyst+1","Bouncing Flask+1","PiercingWail","Dodge and Roll","Footwork","Die Die Die+1","Backflip+1","Blur","Deadly Poison","Footwork"],"relics":["Sozu","Mercury Hourglass","DollysMirror","Snake Skull","Molten Egg 2","Black Star","Strawberry","Toy Ornithopter","MealTicket"],"acts_visited":["Exordium","TheCity"],"potions_floor_usage":[],"damage_taken":[{"damage":0.0,"enemies":"Small Slimes","floor":1.0,"turns":4.0},{"damage":1.0,"enemies":"Jaw Worm","floor":2.0,"turns":5.0},{"damage":0.0,"enemies":"Cultist","floor":3.0,"turns":4.0},{"damage":8.0,"enemies":"Exordium Wildlife","floor":5.0,"turns":4.0},{"damage":10.0,"enemies":"Lagavulin","floor":8.0,"turns":6.0},{"damage":14.0,"enemies":"3 Sentries","floor":11.0,"turns":4.0},{"damage":0.0,"enemies":"Large Slime","floor":12.0,"turns":4.0},{"damage":19.0,"enemies":"Gremlin Nob","floor":14.0,"turns":4.0},{"damage":0.0,"enemies":"Slime Boss","floor":16.0,"turns":8.0},{"damage":12.0,"enemies":"Chosen","floor":18.0,"turns":5.0},{"damage":0,"enemies":"Spheric Guardian","floor":21,"turns":3},{"damage":4,"enemies":"Cultist and Chosen","floor":22,"turns":4},{"damage":22,"enemies":"Slavers","floor":24,"turns":3},{"damage":0,"enemies":"Snake Plant","floor":25,"turns":4},{"damage":12,"enemies":"Centurion and Healer","floor":27,"turns":6},{"damage":1,"enemies":"Shelled Parasite and Fungi","floor":28,"turns":4},{"damage":7,"enemies":"Colosseum Slavers","floor":29,"turns":5},{"damage":11,"enemies":"Snecko","floor":31,"turns":6},{"damage":72,"enemies":"Automaton","floor":33,"turns":6}],"seed_played":"8914670367262238251","potions_obtained":[],"is_trial":false,"path_per_floor":["M","M","M","?","M","R","?","E","T","$","E","M","$","E","R","B",null,"M","?","?","M","M","R","E","M","T","M","M","?","R","M","R","B"],"character_chosen":"THE_SILENT","items_purchased":["DollysMirror","PiercingWail","Footwork"],"campfire_rested":2,"item_purchase_floors":[10,10,13],"current_hp_per_floor":[63,62,62,62,54,54,54,44,44,44,30,30,30,11,11,11,55,43,43,43,43,39,39,24,24,24,12,11,4,27,16,39,0,0],"gold":389,"neow_bonus":"BOSS_RELIC","is_daily":false,"chose_seed":false,"campfire_upgraded":3,"win_rate":0.0,"timestamp":1607772232,"path_taken":["M","M","M","?","M","R","?","E","T","?","E","M","?","E","R","BOSS","M","?","?","M","?","R","E","M","T","M","M","?","R","M","R","BOSS"],"items_purchased_type":["Relic","Card","Card"],"build_version":"2020-11-30","purchased_purges":0,"victory":false,"max_hp_per_floor":[70,70,70,70,70,70,70,70,70,70,70,70,70,70,70,70,70,70,70,70,70,70,70,77,77,77,77,77,77,77,77,77,77,77],"card_choices":[{"not_picked":["Underhanded Strike","Outmaneuver"],"picked":"Cloak And Dagger","floor":1.0},{"not_picked":["Reflex","Deflect"],"picked":"Bouncing Flask","floor":2.0},{"not_picked":["Backstab","Cloak And Dagger"],"picked":"Backflip","floor":3.0},{"not_picked":["Infinite Blades","Cloak And Dagger"],"picked":"Die Die Die","floor":5.0},{"not_picked":["Skewer","Deadly Poison"],"picked":"Catalyst","floor":8.0},{"not_picked":["Infinite Blades","Caltrops","Predator"],"picked":"SKIP","floor":11.0},{"not_picked":["Masterful Stab","Finisher"],"picked":"Dodge and Roll","floor":12.0},{"not_picked":["Underhanded Strike+1","Bane+1","Dash+1"],"picked":"SKIP","floor":14.0},{"not_picked":["Glass Knife+1","Venomology"],"picked":"Die Die Die+1","floor":16.0},{"not_picked":["Cloak And Dagger","Deflect"],"picked":"Backflip+1","floor":18.0},{"not_picked":["Flechettes+1","Heel Hook+1"],"picked":"Blur","floor":21},{"not_picked":["Concentrate","Acrobatics"],"picked":"Deadly Poison","floor":22},{"not_picked":["Slice+1","Cloak And Dagger","Reflex"],"picked":"SKIP","floor":24},{"not_picked":["Slice+1","Dagger Spray+1","Acrobatics"],"picked":"SKIP","floor":25},{"not_picked":["Slice+1","Dagger Spray+1","Acrobatics"],"picked":"SKIP","floor":25},{"not_picked":["Sucker Punch+1","Poisoned Stab+1","Prepared"],"picked":"SKIP","floor":27},{"not_picked":["Sucker Punch+1","Poisoned Stab+1","Prepared"],"picked":"SKIP","floor":27},{"not_picked":["Prepared","Underhanded Strike+1","Calculated Gamble"],"picked":"SKIP","floor":28},{"not_picked":["Riddle With Holes+1","Heel Hook+1"],"picked":"Footwork","floor":31}],"player_experience":457818,"relics_obtained":[{"floor":8.0,"key":"Mercury Hourglass"},{"floor":11.0,"key":"Snake Skull"},{"floor":14.0,"key":"Molten Egg 2"},{"floor":24,"key":"Strawberry"},{"floor":24,"key":"Toy Ornithopter"},{"floor":26,"key":"MealTicket"}],"event_choices":[{"damage_healed":0.0,"max_hp_gain":0.0,"max_hp_loss":0.0,"gold_gain":0.0,"cards_transformed":["Strike_G"],"event_name":"Living Wall","player_choice":"Change","floor":4.0,"gold_loss":0.0,"damage_taken":0.0,"cards_obtained":["Night Terror"]},{"damage_healed":0.0,"max_hp_gain":0.0,"max_hp_loss":0.0,"gold_gain":0.0,"cards_transformed":["Defend_G"],"event_name":"Transmorgrifier","player_choice":"Transformed","floor":7.0,"gold_loss":0.0,"damage_taken":0.0,"cards_obtained":["Dagger Throw"]},{"damage_healed":0.0,"max_hp_gain":0.0,"max_hp_loss":0.0,"gold_gain":99.0,"event_name":"betterThird:BetterNest","player_choice":"Steal","floor":19.0,"gold_loss":0.0,"damage_taken":0.0},{"damage_healed":0,"gold_gain":0,"player_choice":"Got Potions","damage_taken":0,"max_hp_gain":0,"max_hp_loss":0,"event_name":"Lab","floor":20,"gold_loss":0},{"damage_healed":0,"gold_gain":0,"player_choice":"Fight","damage_taken":0,"max_hp_gain":0,"max_hp_loss":0,"event_name":"Colosseum","floor":29,"gold_loss":0},{"damage_healed":0,"gold_gain":0,"player_choice":"Fled From Nobs","damage_taken":0,"max_hp_gain":0,"max_hp_loss":0,"event_name":"Colosseum","floor":29,"gold_loss":0}],"is_beta":false,"boss_relics":[{"not_picked":["Ectoplasm","Busted Crown"],"picked":"Black Star"}],"items_purged_floors":[],"is_endless":false,"potions_floor_spawned":[5,11,14,16,18,24,28,29,31],"killed_by":"Automaton","ascension_level":12}}