{"host":"91n1pc4te07j54gv","time":1607751618,"event":{"mods":["BaseMod","BetterRewards","Colored Powertips","Downfall","Highlight Path","Infinite Spire","Minty Spire (QoL Compilation)","Quick Restart","Relic Filter","Relic Stats","Replay The Spire","Spicy Shops","StSLib"],"gold_per_floor":[116,116,116,116,130,130,165,181,259,294,311,342,368,385,385,385,385],"floor_reached":16,"playtime":788,"items_purged":[],"score":255,"play_id":"ae436104-a504-4657-9295-30d1775e9477","local_time":"20201212134018","is_ascension_mode":true,"campfire_choices":[{"data":"Redo","floor":6,"key":"SMITH"},{"data":"Seek","floor":15,"key":"SMITH"}],"circlet_count":0,"master_deck":["AscendersBane","Strike_B","Strike_B","Strike_B","Strike_B","Defend_B","Defend_B","Defend_B","Defend_B","Zap","Dualcast","Ball Lightning+1","Redo+1","Seek+1","Storm","Hologram","Heatsinks","Undo","Ball Lightning"],"relics":["Cracked Core","HandDrill","Bird Faced Urn","Tiny Chest","ReplayTheSpireMod:TigerMarble","Symbiotic Virus","Calipers","Replay:Ringing Soul","Guardian:PocketSentry","Matryoshka","infinitespire:ShieldingShard","Blue Doll"],"acts_visited":["Exordium"],"potions_floor_usage":[],"damage_taken":[{"damage":0,"enemies":"Cultist","floor":1,"turns":2},{"damage":3,"enemies":"Small Slimes","floor":5,"turns":3},{"damage":10,"enemies":"Gremlin Nob","floor":7,"turns":3},{"damage":12,"enemies":"Jaw Worm","floor":8,"turns":2},{"damage":11,"enemies":"3 Sentries","floor":10,"turns":5},{"damage":3,"enemies":"Blue Slaver","floor":11,"turns":2},{"damage":20,"enemies":"Lagavulin","floor":12,"turns":4},{"damage":0,"enemies":"2 Fungi Beasts","floor":14,"turns":3},{"damage":15,"enemies":"Fading Forest","floor":16,"turns":8}],"seed_played":"8643457248149716285","potions_obtained":[{"floor":5,"key":"FocusPotion"},{"floor":7,"key":"Adrenaline Potion"},{"floor":12,"key":"Doom Potion"}],"is_trial":false,"path_per_floor":["M","T","?","T","M","R","E","M","T","E","M","E","T","M","R","B"],"character_chosen":"DEFECT","items_purchased":["HandDrill","Bird Faced Urn","Tiny Chest","Ball Lightning+1"],"campfire_rested":0,"item_purchase_floors":[0,0,0,0],"current_hp_per_floor":[47,47,47,47,44,44,34,22,22,24,24,11,11,14,14,15,15],"gold":385,"neow_bonus":"","is_daily":false,"chose_seed":false,"campfire_upgraded":2,"win_rate":0.0,"timestamp":1607751618,"path_taken":["M","?","?","?","M","R","E","M","T","E","M","E","?","M","R","BOSS"],"items_purchased_type":["Relic","Relic","Relic","Card"],"build_version":"2020-11-30","purchased_purges":0,"victory":false,"max_hp_per_floor":[75,75,75,75,75,75,75,75,75,78,81,84,84,87,87,87,87],"relic_stats":{"counters":[38,168],"Bird Faced Urn":[10],"Tiny Chest":1,"HandDrill":[8],"obtain_stats":[{"Ice Cream":21,"Lantern":11,"Regal Pillow":14,"Calipers":7,"SacredBark":17,"Vajra":10,"Blue Doll":13,"infinitespire:Cubic Diamond":2,"Sozu":17,"Replay:Ringing Soul":9,"Matryoshka":12,"infinitespire:ShieldingShard":13,"MealTicket":26,"Tiny Chest":21,"HandDrill":0,"Cracked Core":0,"InkBottle":23,"Potion Belt":23,"Lee\u0027s Waffle":14,"Quantum Egg":4,"infinitespire:Joker Card":0,"infinitespire:Beetle Shell":10,"Geode":7,"Guardian:PocketSentry":10,"Strange Spoon":6,"Replay:Baseball":28,"DataDisk":29,"infinitespire:Lychee Nut":21,"Bird Faced Urn":0,"Orrery":0,"Pandora\u0027s Box":0,"Molten Egg 2":4,"Garlic":8,"ReplayTheSpireMod:TigerMarble":2,"Symbiotic Virus":3},{"Ice Cream":12,"Lantern":6,"Regal Pillow":9,"Calipers":32,"SacredBark":10,"Vajra":4,"Blue Doll":36,"infinitespire:Cubic Diamond":1,"Sozu":23,"Replay:Ringing Soul":33,"Matryoshka":36,"infinitespire:ShieldingShard":36,"MealTicket":14,"Tiny Chest":25,"HandDrill":29,"Cracked Core":0,"InkBottle":13,"Potion Belt":27,"Lee\u0027s Waffle":22,"Quantum Egg":2,"infinitespire:Joker Card":15,"infinitespire:Beetle Shell":20,"Geode":4,"Guardian:PocketSentry":34,"Strange Spoon":17,"Replay:Baseball":27,"DataDisk":28,"infinitespire:Lychee Nut":12,"Bird Faced Urn":29,"Orrery":15,"Pandora\u0027s Box":0,"Molten Egg 2":16,"Garlic":19,"ReplayTheSpireMod:TigerMarble":30,"Symbiotic Virus":30},{"Ice Cream":50,"Lantern":23,"Regal Pillow":32,"Calipers":145,"SacredBark":41,"Vajra":14,"Blue Doll":158,"infinitespire:Cubic Diamond":2,"Sozu":108,"Replay:Ringing Soul":147,"Matryoshka":158,"infinitespire:ShieldingShard":158,"MealTicket":63,"Tiny Chest":114,"HandDrill":137,"Cracked Core":0,"InkBottle":56,"Potion Belt":124,"Lee\u0027s Waffle":97,"Quantum Egg":4,"infinitespire:Joker Card":70,"infinitespire:Beetle Shell":87,"Geode":14,"Guardian:PocketSentry":152,"Strange Spoon":76,"Replay:Baseball":124,"DataDisk":136,"infinitespire:Lychee Nut":50,"Bird Faced Urn":137,"Orrery":70,"Pandora\u0027s Box":0,"Molten Egg 2":73,"Garlic":81,"ReplayTheSpireMod:TigerMarble":139,"Symbiotic Virus":139}]},"card_choices":[{"not_picked":["Barrage","Turbo"],"picked":"Redo","floor":1},{"not_picked":["Aggregate","Rip and Tear","Reprogram"],"picked":"SKIP","floor":5},{"not_picked":["Conserve Battery","ReplayTheSpireMod:Repulse"],"picked":"Seek","floor":7},{"not_picked":["Panic Button","Streamline"],"picked":"Storm","floor":8},{"not_picked":["Go for the Eyes","Barrage"],"picked":"Hologram","floor":10},{"not_picked":["Streamline","Hologram"],"picked":"Heatsinks","floor":11},{"not_picked":["Ball Lightning","Turbo"],"picked":"Undo","floor":12},{"not_picked":["Fusion","Steam"],"picked":"Ball Lightning","floor":14}],"player_experience":942925,"relics_obtained":[{"floor":2,"key":"ReplayTheSpireMod:TigerMarble"},{"floor":3,"key":"Symbiotic Virus"},{"floor":7,"key":"Calipers"},{"floor":9,"key":"Replay:Ringing Soul"},{"floor":10,"key":"Guardian:PocketSentry"},{"floor":12,"key":"Matryoshka"},{"floor":13,"key":"infinitespire:ShieldingShard"},{"floor":13,"key":"Blue Doll"}],"event_choices":[],"is_beta":false,"boss_relics":[],"items_purged_floors":[],"is_endless":false,"potions_floor_spawned":[5,7,12],"killed_by":"Fading Forest","ascension_level":10}}