{"host":"0azimyi6n3ugndj4","time":1607767831,"event":{"mods":["BaseMod","Bestiary","Conspire","Curses Come First","Defuse TimeMaze Blight","Hyrulean Relics","Infinite Spire","Minty Spire (QoL Compilation)","Relic Stats","Replay The Spire","StSLib","SuperFastMode","Uncapped","¡¼?Úª?ø«¡½REMEMod"],"gold_per_floor":[99,159,159,159,201,201,39,39,39,99,132,132,207,62,62,281,281,311,344,344,96,21,141,186,186,186,240,265,355,451,496,496,742,742,823,823,913,940,1060,1168,1168,1294,1294,1408,1408,1408,805,916,916,916,916],"floor_reached":50,"playtime":1882,"items_purged":["Replay:Bag of Tricks","Blasphemy"],"score":1707,"play_id":"8101512c-f1cd-4c68-bd21-db7aee1ff329","local_time":"20201212191031","daily_mods":["Draft","Hoarder","Chimera","Shiny","Specialized","Vintage","ControlledChaos","Allstar","Diverse","Colorless Cards","Heirloom","Time Dilation","Flight","Elite Swarm","Lethality","Midas","Night Terrors","Binary"],"is_ascension_mode":true,"campfire_choices":[{"data":"1","floor":6,"key":"LIFT"},{"data":"2","floor":15,"key":"LIFT"},{"data":"3","floor":32,"key":"LIFT"},{"floor":49,"key":"REST"}],"circlet_count":0,"master_deck":["Demon Form","Wraith Form v2","Echo Form","DevaForm","AscendersBane","Bash","Survivor","Zap","Eruption","Strike_R","Strike_G","Strike_B","Defend_R","Defend_G","Defend_P","Brilliance","Replay:AllIn","LessonLearned","Vault+1","Alpha","Establishment","REME_WorshipGod","Replay:LoomingThreat","DeusExMachina","Judgement","ConjureBlade","MasterReality","Ragnarok","REME_CRH","Scrawl","Wish","Omniscience","SpiritShield","DevaForm","Hyperbeam","REME_ForAll","Machine Learning","Buffer","Mirror Shield","Seek","Echo Form","All For One","Reboot","Fission","Core Surge","Multi-Cast","Thunder Strike","Biased Cognition","REME_Shoggoth","Electrodynamics","ReplayRNGCard","ReplayTheSpireMod:Omega Cannon","Rainbow","Meteor Strike","ReplayTheSpireMod:Fabricate Wheel","Amplify","Creative AI","REME_ShadowForm","ReplayTheSpireMod:Necrosis","Corpse Explosion","Die Die Die","Atom Bomb","ReplayTheSpireMod:From All Sides","Adrenaline","Envenom","Doppelganger","Burst","Wraith Form v2","REME_SpectralBlade","Tools of the Trade","REME_CopyPotion","After Image","Poison Darts","A Thousand Cuts","Venomology","Replay:Bag of Tricks+1","Malaise","Phantasmal Killer","Night Terror","infinitespire:Neurotoxin","Unload","REME_GrazeFinale","Bullet Time","Storm of Steel","Glass Knife","Grand Finale","Double Tap","Demon Form","REME_ACTH","Fiend Fire","Eclipse","conspire:Purge","Berserk","Impervious","Juggernaut","Brutality","Demonic Infusion","conspire:HitWhereItHurts","Exhume","Offering","REME_Fury","Bludgeon","Feed","Replay:Many Hands","Limit Break","Corruption","Barricade","Hemogenesis","REME_TheLastStrike","Reaper","Immolate","Thinking Ahead","Metamorphosis","Master of Strategy","Magnetism","Mayhem","REME_PuzzleBox","Secret Weapon","Midas Touch","ReplayTheSpireMod:Brewmster","REME_AllRoundStrike","Poisoned Strike","Sadistic Nature","Replay:Dark Deal","REME_Flogging","ReplayUltimateDefense","Transmutation","REME_BattleFury","HandOfGreed","ReplayTheSpireMod:Necrogeddon","Apotheosis","Panache","Violence","Secret Technique","The Bomb","Crow Ritual","REME_BuildACard","REME_ProfessionalPlagiarism","Shrug It Off+1","Shrug It Off+1","Shrug It Off+1","Shrug It Off+1","Shrug It Off+1","Shrug It Off+1","Shrug It Off+1","Shrug It Off+1","Shrug It Off+1","Shrug It Off+1","Shrug It Off+1","Shrug It Off+1","Shrug It Off+1","Shrug It Off+1","Shrug It Off+1","Replay:BluntJabs","Replay:BluntJabs","Replay:BluntJabs","Dagger Spray","Dagger Spray","Dagger Spray","FlurryOfBlows","FlurryOfBlows","FlurryOfBlows","Protect","Protect","Protect","Redo","Redo","Redo","Go for the Eyes","Go for the Eyes","Go for the Eyes","BowlingBash","BowlingBash","BowlingBash","PiercingWail","PiercingWail","PiercingWail","Footwork","Footwork","Footwork","Body Slam","Body Slam","Body Slam","Defragment","Defragment","Defragment","Leap","Leap","Leap","Seeing Red","Seeing Red","Seeing Red","Thunderclap","Thunderclap","Thunderclap","Anger","Anger","Anger","REME_Shoggoth","REME_Shoggoth","REME_Shoggoth","BootSequence+1","BootSequence+1","AbeCurse","AbeCurse","AbeCurse"],"relics":["Cracked Core","Frozen Eye","Busted Crown","REME_ComplimentaryCards","Girya","Strawberry","WarpedTongs","Akabeko","Sling","zeldaRelics:CourageTriforce","Replay:Baseball","Art of War","Durian","MawBank","zeldaRelics:Navi","Abe\u0027s Treasure","infinitespire:CheckeredPen","MealTicket","MutagenicStrength","zeldaRelics:Boomerang","Darkstone Periapt","HornCleat","zeldaRelics:WisdomTriforce","Bag of Marbles","White Beast Statue","Prayer Wheel","Prayer Wheel","Prayer Wheel","StrikeDummy","Inserter","Tiny Chest","Replay:Arrowhead","conspire:TopHat","Prayer Wheel","zeldaRelics:PowerTriforce","Carrot","Empty Cage","Matryoshka","War Paint","Cauldron","Replay:Bottled Eggs","Replay:Accelerometer"],"acts_visited":["Exordium","TheCity","TheBeyond"],"potions_floor_usage":[],"damage_taken":[{"damage":9,"enemies":"conspire:RoseBush","floor":2,"turns":1},{"damage":0,"enemies":"Cultist","floor":5,"turns":1},{"damage":0,"enemies":"Jaw Worm","floor":10,"turns":1},{"damage":0,"enemies":"Lots of Slimes","floor":11,"turns":1},{"damage":23,"enemies":"conspire:MimicChest","floor":13,"turns":3},{"damage":5,"enemies":"Slime Boss","floor":16,"turns":2},{"damage":5,"enemies":"Chosen","floor":18,"turns":5},{"damage":15,"enemies":"3 Byrds","floor":19,"turns":2},{"damage":0,"enemies":"Gremlin Leader","floor":23,"turns":1},{"damage":0,"enemies":"Snake Plant","floor":24,"turns":1},{"damage":100044,"enemies":"conspire:HollyBat","floor":27,"turns":24},{"damage":0,"enemies":"Sentry and Sphere","floor":29,"turns":1},{"damage":0,"enemies":"3 Cultists","floor":30,"turns":3},{"damage":0,"enemies":"conspire:HollyBat","floor":31,"turns":19},{"damage":0,"enemies":"Champ","floor":33,"turns":3},{"damage":1,"enemies":"3 Shapes","floor":35,"turns":2},{"damage":0,"enemies":"Mind Bloom Boss Battle","floor":37,"turns":1},{"damage":0,"enemies":"3 Darklings","floor":39,"turns":2},{"damage":0,"enemies":"Nemesis","floor":40,"turns":5},{"damage":0,"enemies":"Reptomancer","floor":42,"turns":1},{"damage":6,"enemies":"Nightmare","floor":44,"turns":1},{"damage":0,"enemies":"Nemesis","floor":48,"turns":1},{"damage":169,"enemies":"conspire:OrnateMirror","floor":50,"turns":2}],"seed_played":"-3094009199330586241","potions_obtained":[{"floor":2,"key":"BlessingOfTheForge"},{"floor":11,"key":"GamblersBrew"},{"floor":23,"key":"FairyPotion"},{"floor":27,"key":"conspire:TimeTravelPotion"},{"floor":37,"key":"FairyPotion"},{"floor":47,"key":"Energy Potion"}],"is_trial":true,"path_per_floor":["?","M","$","?","M","R","$","$","T","M","M","?","?","$","R","B",null,"M","M","?","$","?","E","M","WH","T","M","T","M","M","M","R","B",null,"M","?","?","T","M","E","T","E","T","NM","AVR","?","$","E","R","B"],"character_chosen":"DEFECT","items_purchased":["Sling","zeldaRelics:Navi","zeldaRelics:Boomerang","War Paint","Cauldron","Replay:Bottled Eggs"],"campfire_rested":1,"item_purchase_floors":[7,14,21,47,47,47],"current_hp_per_floor":[64,62,62,62,62,62,62,62,62,62,62,67,44,44,44,39,72,67,52,52,67,67,67,67,75,75,1,1,1,1,1,1,1,69,68,68,68,68,68,68,68,68,68,62,62,62,77,77,86,0,0],"gold":916,"neow_bonus":"TEN_PERCENT_HP_BONUS","is_daily":false,"chose_seed":false,"campfire_upgraded":0,"win_rate":0.0,"timestamp":1607767831,"path_taken":["?","?","$","?","M","R","$","$","T","M","?","?","?","?","R","BOSS","M","?","?","$","?","E","M","WH","T","M","?","M","M","?","R","BOSS","M","?","?","?","M","E","?","E","T","NM","AVR","?","?","E","R","BOSS"],"items_purchased_type":["Relic","Relic","Relic","Relic","Relic","Relic"],"build_version":"2020-11-30","purchased_purges":2,"victory":false,"max_hp_per_floor":[71,78,78,78,78,78,78,78,78,78,78,83,83,83,83,83,83,83,83,83,83,83,83,83,91,91,91,91,91,91,91,91,91,91,91,91,91,91,91,91,91,91,91,91,91,91,91,91,86,86,86],"relic_stats":{"Darkstone Periapt":0,"Busted Crown":44,"Inserter":[7],"counters":[23,83],"MealTicket":30,"Prayer Wheel":0,"Tiny Chest":1,"Art of War":[9],"War Paint":["Replay:Bag of Tricks","Vault"],"MawBank":12,"obtain_stats":[{"Darkstone Periapt":24,"Replay:Accelerometer":48,"zeldaRelics:Boomerang":21,"Carrot":44,"Sling":7,"Empty Cage":45,"conspire:TopHat":39,"zeldaRelics:WisdomTriforce":40,"Frozen Eye":0,"HornCleat":27,"Matryoshka":45,"Strawberry":2,"zeldaRelics:Navi":14,"MealTicket":19,"Prayer Wheel":31,"Tiny Chest":35,"zeldaRelics:CouragePiece":9,"Replay:Bottled Eggs":47,"Cracked Core":0,"zeldaRelics:PowerPiece":41,"Girya":0,"zeldaRelics:WisdomPiece":28,"Inserter":34,"infinitespire:CheckeredPen":18,"zeldaRelics:PowerTriforce":43,"War Paint":47,"MawBank":13,"Akabeko":5,"zeldaRelics:CourageTriforce":26,"White Beast Statue":30,"Replay:Arrowhead":37,"WarpedTongs":4,"Cauldron":47,"Replay:Baseball":10,"Busted Crown":0,"MutagenicStrength":20,"Art of War":11,"Durian":12,"Bag of Marbles":29,"StrikeDummy":31,"Abe\u0027s Treasure":17,"REME_ComplimentaryCards":0},{"Darkstone Periapt":10,"Replay:Accelerometer":22,"zeldaRelics:Boomerang":8,"Carrot":21,"Sling":2,"Empty Cage":21,"conspire:TopHat":18,"zeldaRelics:WisdomTriforce":19,"Frozen Eye":0,"HornCleat":11,"Matryoshka":21,"Strawberry":1,"zeldaRelics:Navi":5,"MealTicket":8,"Prayer Wheel":14,"Tiny Chest":16,"zeldaRelics:CouragePiece":2,"Replay:Bottled Eggs":21,"Cracked Core":0,"zeldaRelics:PowerPiece":19,"Girya":0,"zeldaRelics:WisdomPiece":11,"Inserter":15,"infinitespire:CheckeredPen":7,"zeldaRelics:PowerTriforce":20,"War Paint":21,"MawBank":5,"Akabeko":2,"zeldaRelics:CourageTriforce":10,"White Beast Statue":13,"Replay:Arrowhead":17,"WarpedTongs":1,"Cauldron":21,"Replay:Baseball":3,"Busted Crown":0,"MutagenicStrength":8,"Art of War":4,"Durian":4,"Bag of Marbles":12,"StrikeDummy":14,"Abe\u0027s Treasure":6,"REME_ComplimentaryCards":0},{"Darkstone Periapt":18,"Replay:Accelerometer":81,"zeldaRelics:Boomerang":16,"Carrot":80,"Sling":2,"Empty Cage":80,"conspire:TopHat":73,"zeldaRelics:WisdomTriforce":78,"Frozen Eye":0,"HornCleat":42,"Matryoshka":80,"Strawberry":1,"zeldaRelics:Navi":7,"MealTicket":16,"Prayer Wheel":49,"Tiny Chest":70,"zeldaRelics:CouragePiece":2,"Replay:Bottled Eggs":80,"Cracked Core":0,"zeldaRelics:PowerPiece":78,"Girya":0,"zeldaRelics:WisdomPiece":42,"Inserter":68,"infinitespire:CheckeredPen":14,"zeldaRelics:PowerTriforce":79,"War Paint":80,"MawBank":7,"Akabeko":2,"zeldaRelics:CourageTriforce":18,"White Beast Statue":46,"Replay:Arrowhead":71,"WarpedTongs":1,"Cauldron":80,"Replay:Baseball":3,"Busted Crown":0,"MutagenicStrength":16,"Art of War":4,"Durian":4,"Bag of Marbles":43,"StrikeDummy":65,"Abe\u0027s Treasure":9,"REME_ComplimentaryCards":0}],"WarpedTongs":[74]},"card_choices":[{"not_picked":["Intimidate","Quick Slash"],"picked":"Replay:BluntJabs","floor":0},{"not_picked":["Run Through","Hidden Blade"],"picked":"Dagger Spray","floor":0},{"not_picked":["Protect","Poisoned Stab"],"picked":"FlurryOfBlows","floor":0},{"not_picked":["Steam","Terror"],"picked":"Protect","floor":0},{"not_picked":["Hologram","Swivel"],"picked":"Redo","floor":0},{"not_picked":["Havoc","ReplayTheSpireMod:Strike From Hell"],"picked":"Go for the Eyes","floor":0},{"not_picked":["Ball Lightning","EmptyFist"],"picked":"BowlingBash","floor":0},{"not_picked":["Outmaneuver","ReplayTheSpireMod:Speed Training"],"picked":"PiercingWail","floor":0},{"not_picked":["Rebound","Replay:Battleflow"],"picked":"Footwork","floor":0},{"not_picked":["Blur","Anger"],"picked":"Body Slam","floor":0},{"not_picked":["Wild Strike","Go for the Eyes"],"picked":"Defragment","floor":0},{"not_picked":["WaveOfTheHand","CutThroughFate"],"picked":"Leap","floor":0},{"not_picked":["Anger","ReplayGash"],"picked":"Seeing Red","floor":0},{"not_picked":["Clothesline","Disarm"],"picked":"Thunderclap","floor":0},{"not_picked":["Replay:Poison Smokescreen","Iron Wave"],"picked":"Anger","floor":0}],"player_experience":1439637,"relics_obtained":[{"floor":2,"key":"Strawberry"},{"floor":5,"key":"Akabeko"},{"floor":9,"key":"zeldaRelics:CouragePiece"},{"floor":10,"key":"Replay:Baseball"},{"floor":11,"key":"Art of War"},{"floor":12,"key":"Durian"},{"floor":13,"key":"MawBank"},{"floor":18,"key":"infinitespire:CheckeredPen"},{"floor":19,"key":"MealTicket"},{"floor":23,"key":"zeldaRelics:CouragePiece"},{"floor":24,"key":"Darkstone Periapt"},{"floor":26,"key":"zeldaRelics:CouragePiece"},{"floor":27,"key":"HornCleat"},{"floor":28,"key":"zeldaRelics:WisdomPiece"},{"floor":29,"key":"Bag of Marbles"},{"floor":30,"key":"White Beast Statue"},{"floor":31,"key":"StrikeDummy"},{"floor":35,"key":"Tiny Chest"},{"floor":37,"key":"Replay:Arrowhead"},{"floor":38,"key":"zeldaRelics:WisdomPiece"},{"floor":39,"key":"conspire:TopHat"},{"floor":40,"key":"zeldaRelics:WisdomPiece"},{"floor":41,"key":"zeldaRelics:PowerPiece"},{"floor":42,"key":"zeldaRelics:PowerPiece"},{"floor":43,"key":"zeldaRelics:PowerPiece"},{"floor":44,"key":"Carrot"},{"floor":48,"key":"Replay:Accelerometer"}],"event_choices":[{"damage_healed":0,"gold_gain":0,"player_choice":"Rummage","damage_taken":0,"relics_obtained":["WarpedTongs"],"max_hp_gain":0,"max_hp_loss":0,"event_name":"Accursed Blacksmith","floor":4,"gold_loss":0,"cards_obtained":["Pain"]},{"damage_healed":0,"gold_gain":0,"player_choice":"Inject Mutagens","damage_taken":0,"relics_obtained":["MutagenicStrength"],"max_hp_gain":0,"max_hp_loss":0,"event_name":"Drug Dealer","floor":20,"gold_loss":0},{"cards_removed":["Pain"],"damage_healed":0,"gold_gain":0,"player_choice":"Gave Gold","damage_taken":0,"max_hp_gain":0,"max_hp_loss":0,"event_name":"Beggar","floor":22,"gold_loss":75},{"cards_removed":["Chrysalis"],"damage_healed":0,"gold_gain":0,"player_choice":"Removed Skill","damage_taken":0,"max_hp_gain":0,"max_hp_loss":0,"event_name":"Falling","floor":36,"gold_loss":0},{"damage_healed":0,"gold_gain":0,"player_choice":"Fight","damage_taken":0,"max_hp_gain":0,"max_hp_loss":0,"event_name":"MindBloom","floor":37,"gold_loss":0},{"damage_healed":0,"gold_gain":0,"player_choice":"Memory 1","damage_taken":0,"max_hp_gain":0,"max_hp_loss":0,"event_name":"SensoryStone","floor":46,"gold_loss":0}],"is_beta":false,"boss_relics":[{"not_picked":["Ring of Chaos","REME_DuelDisc"],"picked":"Abe\u0027s Treasure"},{"not_picked":["Calling Bell","conspire:SeveredTorchhead"],"picked":"Inserter"}],"items_purged_floors":[21,45],"is_endless":true,"potions_floor_spawned":[2,11,13,23,24,27,30,31,33,35,37,39,40,42,44,48],"killed_by":"conspire:OrnateMirror","ascension_level":20}}