{"host":"uceopoba4zvqsgiy","time":1607788826,"event":{"mods":["Act Like it!","BaseMod","Better Skull","Better Third Choice","Elementarium","GifTheSpireLib","Hermit","Humility","Infinite Spire","Jorbs\u0027s Wanderer Trilogy","Marked Mod","Minty Spire (QoL Compilation)","Potionbrewer","Replay The Spire","Robot Space Explorer","Shade Mod","Spicy Shops","StSLib","Stuff the Spire","The Blue Laboratory","The Cursed","The Dragon Tamer","The Hierophant","The Judge","The Jungle","Wandering Minibosses"],"gold_per_floor":[116,116,116,116,64,108,133,133,156,156,156,156],"floor_reached":11,"playtime":259,"items_purged":[],"score":136,"play_id":"1ee52553-c22a-45ff-a79f-e6c0cc38fe6d","local_time":"20201213023026","is_ascension_mode":true,"campfire_choices":[{"data":"StuffTheSpire:Synthwave","floor":10,"key":"SMITH"}],"circlet_count":0,"master_deck":["Strike_B","Strike_B","Strike_B","Strike_B","Defend_B","Defend_B","Defend_B","Defend_B","Zap","Dualcast","Consume","Regret","Loop","StuffTheSpire:Synthwave+1","Gash"],"relics":["Cracked Core","NeowsBlessing","StuffTheSpire:RedRose","NlothsMask","CeramicFish"],"acts_visited":["Exordium"],"potions_floor_usage":[11,11,11],"damage_taken":[{"damage":0,"enemies":"Cultist","floor":1,"turns":1},{"damage":0,"enemies":"3 Sentries","floor":6,"turns":2},{"damage":0,"enemies":"Small Slimes","floor":7,"turns":1},{"damage":73,"enemies":"Gremlin Nob","floor":11,"turns":5}],"seed_played":"5465887787538656058","potions_obtained":[{"floor":8,"key":"blueLaboratory:PhilterOfMotion"},{"floor":8,"key":"blueLaboratory:PlasmaFuel"},{"floor":8,"key":"potionbrewer:StunPotion"}],"is_trial":false,"path_per_floor":["M","?","?","?","$","E","M","?","T","R","E"],"character_chosen":"DEFECT","items_purchased":["Loop"],"campfire_rested":0,"item_purchase_floors":[5],"current_hp_per_floor":[68,68,68,68,68,68,68,68,68,68,0,0],"gold":156,"neow_bonus":"THREE_ENEMY_KILL","is_daily":false,"chose_seed":false,"campfire_upgraded":1,"win_rate":0.0,"timestamp":1607788826,"path_taken":["M","?","?","?","$","E","?","?","T","R","E"],"items_purchased_type":["Card"],"build_version":"2020-11-30","purchased_purges":0,"victory":false,"max_hp_per_floor":[75,75,75,75,75,75,75,75,75,75,75,75],"card_choices":[{"not_picked":["ReplayTheSpireMod:Repulse","Hologram"],"picked":"Consume","floor":1},{"not_picked":["Steam Power","Sweeping Beam"],"picked":"StuffTheSpire:Synthwave","floor":6},{"not_picked":["Cold Snap","Rebound"],"picked":"Gash","floor":7}],"player_experience":1484311,"relics_obtained":[{"floor":6,"key":"CeramicFish"}],"event_choices":[{"damage_healed":0,"gold_gain":0,"player_choice":"Ignored","damage_taken":0,"max_hp_gain":0,"max_hp_loss":0,"event_name":"Golden Wing","floor":3,"gold_loss":0},{"damage_healed":0,"gold_gain":0,"player_choice":"Trade","damage_taken":0,"relics_obtained":["NlothsMask"],"max_hp_gain":0,"max_hp_loss":0,"event_name":"FaceTrader","floor":4,"gold_loss":0},{"damage_healed":0,"gold_gain":0,"player_choice":"Got Potions","damage_taken":0,"max_hp_gain":0,"max_hp_loss":0,"event_name":"Lab","floor":8,"gold_loss":0}],"is_beta":false,"boss_relics":[],"items_purged_floors":[],"is_endless":false,"potions_floor_spawned":[],"killed_by":"Gremlin Nob","ascension_level":9}}