{"host":"f14d6hm2349s9jse","time":1607747108,"event":{"mods":["2.2 Compatiblity","BaseMod","Minty Spire (QoL Compilation)","Shade Mod","StSLib"],"gold_per_floor":[109,129,145,10,10,39,52,84,84,84,104,137,150,169,169,272,272,284,146,146,146,157,182,182,281,352,372,372,385,411,411,411,507,507,527,583,502,502,522,558,558,601,625,634,659,221,239,267,267,267,267,267,49,93,93,93],"floor_reached":55,"playtime":6897,"items_purged":[],"score":963,"play_id":"2c88743e-a6f7-4e8d-b119-f55627dbfa37","local_time":"20201211232508","is_ascension_mode":false,"campfire_choices":[{"floor":10,"key":"REST"},{"floor":15,"key":"REST"},{"floor":24,"key":"REST"},{"floor":32,"key":"REST"},{"floor":41,"key":"RECALL"},{"floor":49,"key":"REST"},{"data":"Shade:SkeletonArmy","floor":52,"key":"SMITH"}],"circlet_count":0,"master_deck":["Shade:Strike_Shade","Shade:Strike_Shade","Shade:Strike_Shade","Shade:Strike_Shade","Shade:Defend_Shade","Shade:Defend_Shade","Shade:Defend_Shade+1","Shade:AnimateDead","Shade:CarefulCut","Shade:SpectralStrikes","Shade:UnbarTheGrave+1","Shade:ExtraLimbs+1","Shade:Tombstone","Shade:PressTheAttack+1","Shade:SkeletonArmy+1","Shade:FleshLikeOak","Shade:AblativeArmor","Shade:Awaken","Shade:OminousRitual","Shade:StitchTogether","Shade:ClawBack","Shade:FuneraryArmor+1","Shade:FleshToFlesh+1","Shade:ScuttlingHand","Shade:Awaken+1","Shade:LoseControl+1","CurseOfTheBell","Shade:FleshToFlesh+1","Shade:AncientSpear+1","Shade:CloudOfShrapnel","Shade:FuneraryArmor+1","Shade:FleshLikeOak+1","Shade:Trample+1","Shade:OpenGraves","Apotheosis+1","Shade:AncientSpear","Madness+1","Madness+1","Shade:FleshToFlesh+1","Shade:TouchOfTheGrave","Shade:SoulToxin+1"],"relics":["Shade:YorickSkull","NeowsBlessing","Vajra","Bag of Marbles","Dead Branch","Runic Dome","Orichalcum","Ginger","Toxic Egg 2","Letter Opener","Mummified Hand","Nilry\u0027s Codex","Calling Bell","CeramicFish","Ornamental Fan","StoneCalendar","Lizard Tail","Juzu Bracelet","Nunchaku","Boot","MealTicket","Kunai","War Paint","Bronze Scales","Whetstone"],"acts_visited":["Exordium","TheCity","TheBeyond","TheEnding"],"potions_floor_usage":[6,8,23,30,30,36,36,42,48,55,55],"damage_taken":[{"damage":0,"enemies":"Cultist","floor":1,"turns":1},{"damage":0,"enemies":"2 Louse","floor":2,"turns":1},{"damage":0,"enemies":"Jaw Worm","floor":3,"turns":1},{"damage":16,"enemies":"Lagavulin","floor":6,"turns":6},{"damage":1,"enemies":"3 Louse","floor":7,"turns":3},{"damage":22,"enemies":"Gremlin Nob","floor":8,"turns":4},{"damage":0,"enemies":"Large Slime","floor":11,"turns":4},{"damage":6,"enemies":"3 Sentries","floor":12,"turns":7},{"damage":0,"enemies":"Looter","floor":13,"turns":3},{"damage":0,"enemies":"2 Fungi Beasts","floor":14,"turns":2},{"damage":38,"enemies":"The Guardian","floor":16,"turns":10},{"damage":0,"enemies":"Spheric Guardian","floor":18,"turns":2},{"damage":0,"enemies":"Chosen","floor":22,"turns":2},{"damage":29,"enemies":"Book of Stabbing","floor":23,"turns":5},{"damage":12,"enemies":"Snecko","floor":27,"turns":5},{"damage":2,"enemies":"Sentry and Sphere","floor":29,"turns":5},{"damage":4,"enemies":"Slavers","floor":30,"turns":6},{"damage":2,"enemies":"Automaton","floor":33,"turns":9},{"damage":0,"enemies":"Orb Walker","floor":35,"turns":3},{"damage":26,"enemies":"2 Orb Walkers","floor":36,"turns":4},{"damage":3,"enemies":"3 Shapes","floor":39,"turns":6},{"damage":0,"enemies":"Nemesis","floor":40,"turns":7},{"damage":2,"enemies":"Giant Head","floor":42,"turns":8},{"damage":10,"enemies":"Reptomancer","floor":45,"turns":5},{"damage":3,"enemies":"Transient","floor":48,"turns":5},{"damage":23,"enemies":"Donu and Deca","floor":50,"turns":6},{"damage":71,"enemies":"Shield and Spear","floor":54,"turns":6},{"damage":78,"enemies":"The Heart","floor":55,"turns":6}],"seed_played":"6023548894381315155","potions_obtained":[{"floor":2,"key":"Ancient Potion"},{"floor":3,"key":"EssenceOfSteel"},{"floor":6,"key":"Dexterity Potion"},{"floor":11,"key":"Dexterity Potion"},{"floor":12,"key":"BlessingOfTheForge"},{"floor":23,"key":"Explosive Potion"},{"floor":29,"key":"Energy Potion"},{"floor":33,"key":"Strength Potion"},{"floor":39,"key":"FairyPotion"},{"floor":40,"key":"EntropicBrew"},{"floor":45,"key":"Fruit Juice"},{"floor":54,"key":"SteroidPotion"}],"is_trial":false,"path_per_floor":["M","M","M","$","?","E","M","E","T","R","M","E","M","M","R","B",null,"M","$","?","?","M","E","R","?","T","M","T","M","E","?","R","B",null,"M","?","$","?","M","E","R","E","T","?","E","$","?","M","R","B",null,"R","$","E","B"],"character_chosen":"SHADE","items_purchased":["Shade:Tombstone","Shade:StitchTogether","Shade:FleshToFlesh","Shade:ClawBack","Shade:CloudOfShrapnel","Shade:FuneraryArmor+1","Kunai","Shade:AncientSpear","War Paint","Bronze Scales","Shade:TouchOfTheGrave"],"campfire_rested":5,"item_purchase_floors":[4,19,19,19,37,37,46,46,46,53,53],"current_hp_per_floor":[65,65,65,65,65,49,48,26,26,45,45,39,39,39,58,20,65,65,65,65,65,65,36,55,55,55,43,43,41,44,28,47,52,65,65,46,46,46,43,50,50,55,55,55,45,60,52,54,70,47,70,70,70,21,0,0],"gold":93,"neow_bonus":"THREE_ENEMY_KILL","is_daily":false,"chose_seed":false,"campfire_upgraded":1,"win_rate":0.0,"timestamp":1607747108,"path_taken":["M","M","?","?","?","E","?","E","T","R","M","E","M","M","R","BOSS","M","?","?","?","M","E","R","?","T","M","?","M","E","?","R","BOSS","M","?","$","?","M","E","R","E","T","?","E","$","?","M","R","BOSS","R","$","E","BOSS"],"items_purchased_type":["Card","Card","Card","Card","Card","Card","Relic","Card","Relic","Relic","Card"],"build_version":"2020-11-30","purchased_purges":0,"victory":false,"max_hp_per_floor":[65,65,65,65,65,65,65,65,65,65,65,65,65,65,65,65,65,65,65,65,65,65,65,65,65,65,65,65,65,65,65,65,65,65,65,65,65,65,65,65,65,65,65,65,65,65,65,70,70,70,70,70,70,70,70,70],"card_choices":[{"not_picked":["Shade:AncientSpear","Shade:ClawBack"],"picked":"Shade:SpectralStrikes","floor":1},{"not_picked":["Shade:FleshToFlesh","Shade:Excise"],"picked":"Shade:UnbarTheGrave","floor":2},{"not_picked":["Shade:FleshToFlesh","Shade:Patience"],"picked":"Shade:ExtraLimbs","floor":3},{"not_picked":["Shade:CommandSoldier","Shade:FreshBones"],"picked":"Shade:PressTheAttack","floor":6},{"not_picked":["Shade:FleshToFlesh","Shade:FingerOfDeath"],"picked":"Shade:SkeletonArmy","floor":7},{"not_picked":["Shade:CallWraith","Shade:SkeletonHug"],"picked":"Shade:FleshLikeOak","floor":8},{"not_picked":["Shade:FuneraryArmor","Shade:Frenzy"],"picked":"Shade:AblativeArmor","floor":11},{"not_picked":["Shade:ClawBack","Shade:FuneraryArmor"],"picked":"Shade:Awaken","floor":12},{"not_picked":["Shade:Premonition","Shade:Trample","Shade:ExtraLimbs"],"picked":"SKIP","floor":13},{"not_picked":["Shade:Brains","Shade:Carnophage","Shade:SoulToxin"],"picked":"SKIP","floor":14},{"not_picked":["Shade:DarkOfNight","Shade:Putrefaction"],"picked":"Shade:OminousRitual","floor":16},{"not_picked":["Shade:Frenzy","Shade:FingerOfDeath","Shade:GoDigging"],"picked":"SKIP","floor":18},{"not_picked":["Shade:ClawBack","Shade:ExtraLimbs+1","Shade:FeralStrike"],"picked":"SKIP","floor":22},{"not_picked":["Shade:FreshBones","Shade:WallOfFlesh"],"picked":"Shade:FuneraryArmor+1","floor":23},{"not_picked":["Shade:FingerOfDeath","Shade:ExtraLimbs"],"picked":"Shade:FleshToFlesh+1","floor":27},{"not_picked":["Shade:Trample","Shade:SpectralStrikes"],"picked":"Shade:ScuttlingHand","floor":29},{"not_picked":["Shade:WallOfFlesh+1","Shade:Bonestorm"],"picked":"Shade:Awaken+1","floor":30},{"not_picked":["Shade:OfferingToTheBeyond","Shade:UnbarTheGrave+1"],"picked":"Shade:LoseControl+1","floor":33},{"not_picked":["Shade:ExtraLimbs","Shade:GreyBargain+1"],"picked":"Shade:FleshToFlesh+1","floor":35},{"not_picked":["Shade:Patience+1","Shade:Excise+1"],"picked":"Shade:AncientSpear+1","floor":36},{"not_picked":["Shade:FleshToFlesh+1","Shade:Bonestorm"],"picked":"Shade:FleshLikeOak+1","floor":39},{"not_picked":["Shade:CallWraith+1","Shade:Premonition+1"],"picked":"Shade:Trample+1","floor":40},{"not_picked":["Shade:LastGasp+1","Shade:Tombstone"],"picked":"Shade:OpenGraves","floor":42},{"not_picked":["Metamorphosis+1","Master of Strategy+1"],"picked":"Apotheosis+1","floor":44},{"not_picked":["Shade:TouchOfTheGrave","Shade:Brains+1","Shade:FreshBones+1"],"picked":"SKIP","floor":45},{"not_picked":["Shade:Bonestorm","Shade:CommandSoldier+1"],"picked":"Shade:FleshToFlesh+1","floor":48},{"not_picked":["Shade:WallOfFlesh+1","Shade:SanguineRitual+1"],"picked":"Shade:SoulToxin+1","floor":54}],"player_experience":2463875,"relics_obtained":[{"floor":6,"key":"Vajra"},{"floor":8,"key":"Bag of Marbles"},{"floor":12,"key":"Dead Branch"},{"floor":23,"key":"Ginger"},{"floor":26,"key":"Toxic Egg 2"},{"floor":28,"key":"Letter Opener"},{"floor":30,"key":"Mummified Hand"},{"floor":31,"key":"Nilry\u0027s Codex"},{"floor":34,"key":"CeramicFish"},{"floor":34,"key":"Ornamental Fan"},{"floor":34,"key":"StoneCalendar"},{"floor":36,"key":"Lizard Tail"},{"floor":40,"key":"Juzu Bracelet"},{"floor":42,"key":"Nunchaku"},{"floor":43,"key":"Boot"},{"floor":45,"key":"MealTicket"},{"floor":54,"key":"Whetstone"}],"event_choices":[{"cards_removed":["Shade:Defend_Shade"],"damage_healed":0,"gold_gain":0,"player_choice":"Offered Basic","damage_taken":0,"max_hp_gain":0,"max_hp_loss":0,"event_name":"Bonfire Elementals","floor":5,"gold_loss":0},{"damage_healed":0,"gold_gain":0,"player_choice":"Ignored","damage_taken":0,"max_hp_gain":0,"max_hp_loss":0,"event_name":"Vampires","floor":20,"gold_loss":0},{"damage_healed":0,"gold_gain":0,"player_choice":"Opened","damage_taken":0,"relics_obtained":["Orichalcum"],"max_hp_gain":0,"max_hp_loss":0,"event_name":"The Mausoleum","floor":21,"gold_loss":0},{"damage_healed":0,"gold_gain":99,"player_choice":"Stole From Cult","damage_taken":0,"max_hp_gain":0,"max_hp_loss":0,"event_name":"Nest","floor":25,"gold_loss":0},{"damage_healed":0,"gold_gain":0,"player_choice":"Obtained Book","damage_taken":16,"max_hp_gain":0,"max_hp_loss":0,"event_name":"Cursed Tome","floor":31,"gold_loss":0},{"damage_healed":0,"gold_gain":0,"player_choice":"Fight","damage_taken":0,"max_hp_gain":0,"max_hp_loss":0,"event_name":"Mysterious Sphere","floor":36,"gold_loss":0},{"cards_removed":["Shade:FleshToFlesh"],"damage_healed":0,"gold_gain":0,"player_choice":"Removed Skill","damage_taken":0,"max_hp_gain":0,"max_hp_loss":0,"event_name":"Falling","floor":38,"gold_loss":0},{"damage_healed":0,"gold_gain":0,"player_choice":"Memory 1","damage_taken":0,"max_hp_gain":0,"max_hp_loss":0,"event_name":"SensoryStone","floor":44,"gold_loss":0},{"damage_healed":0,"gold_gain":0,"player_choice":"Embrace Madness","damage_taken":8,"max_hp_gain":0,"max_hp_loss":0,"event_name":"Winding Halls","floor":47,"gold_loss":0,"cards_obtained":["Madness","Madness"]}],"is_beta":false,"boss_relics":[{"not_picked":["Busted Crown","SacredBark"],"picked":"Runic Dome"},{"not_picked":["Shade:YorickPolishedSkull","Astrolabe"],"picked":"Calling Bell"}],"items_purged_floors":[],"is_endless":false,"potions_floor_spawned":[2,3,6,11,12,16,23,29,33,39,40,45,54],"killed_by":"The Heart","ascension_level":0}}