{"host":"l2821e3dgmq4sghh","time":1607796727,"event":{"mods":["BaseMod","Colored Powertips","Minty Spire (QoL Compilation)","StSLib"],"gold_per_floor":[114,114,128,138,138,138,169,169,193,210,229,229,99,74,74,74,74],"floor_reached":16,"playtime":725,"items_purged":["Strike_G"],"score":190,"play_id":"a4d8cfdb-4e2c-4c59-bf5a-2b3d5f486b92","local_time":"20201212191207","is_ascension_mode":true,"campfire_choices":[{"data":"Poisoned Stab","floor":6,"key":"SMITH"},{"floor":15,"key":"REST"}],"circlet_count":0,"master_deck":["AscendersBane","Strike_G","Strike_G","Defend_G","Defend_G","Defend_G","Defend_G+1","Defend_G+1","Survivor","Neutralize","Sucker Punch","Backstab","Dodge and Roll","Poisoned Stab+1","Dagger Spray","Quick Slash","Bouncing Flask","Deflect"],"relics":["Runic Dome","Pen Nib","War Paint"],"acts_visited":["Exordium"],"potions_floor_usage":[7],"damage_taken":[{"damage":0,"enemies":"2 Louse","floor":1,"turns":3},{"damage":0,"enemies":"Cultist","floor":3,"turns":4},{"damage":3,"enemies":"Small Slimes","floor":4,"turns":4},{"damage":50,"enemies":"Lagavulin","floor":7,"turns":10},{"damage":0,"enemies":"Looter","floor":10,"turns":3},{"damage":1,"enemies":"Blue Slaver","floor":11,"turns":2},{"damage":28,"enemies":"The Guardian","floor":16,"turns":9}],"seed_played":"-6504868037719365589","potions_obtained":[{"floor":3,"key":"EssenceOfSteel"},{"floor":10,"key":"SkillPotion"}],"is_trial":false,"path_per_floor":["M","?","M","M","?","R","E","?","T","M","M","?","$","$","R","B"],"character_chosen":"THE_SILENT","items_purchased":["Strength Potion","Deflect"],"campfire_rested":1,"item_purchase_floors":[13,14],"current_hp_per_floor":[59,59,59,56,56,56,6,6,6,6,5,5,5,5,24,0,0],"gold":74,"neow_bonus":"BOSS_RELIC","is_daily":false,"chose_seed":false,"campfire_upgraded":1,"win_rate":0.0,"timestamp":1607796727,"path_taken":["M","?","?","M","?","R","E","?","T","M","M","?","?","$","R","BOSS"],"items_purchased_type":["Potion","Card"],"build_version":"2020-11-30","purchased_purges":1,"victory":false,"max_hp_per_floor":[66,66,66,66,66,66,66,66,66,66,66,66,66,66,66,66,66],"card_choices":[{"not_picked":["Bane","Caltrops"],"picked":"Sucker Punch","floor":1},{"not_picked":["Infinite Blades","Outmaneuver"],"picked":"Dodge and Roll","floor":3},{"not_picked":["Outmaneuver","Unload"],"picked":"Poisoned Stab","floor":4},{"not_picked":["Corpse Explosion","Venomology"],"picked":"Dagger Spray","floor":7},{"not_picked":["Blade Dance","Choke"],"picked":"Quick Slash","floor":10},{"not_picked":["Distraction","Blade Dance"],"picked":"Bouncing Flask","floor":11}],"player_experience":5284330,"relics_obtained":[{"floor":7,"key":"Pen Nib"},{"floor":9,"key":"War Paint"}],"event_choices":[{"damage_healed":0,"gold_gain":0,"cards_transformed":["Strike_G"],"player_choice":"Transformed","damage_taken":0,"max_hp_gain":0,"max_hp_loss":0,"event_name":"Transmorgrifier","floor":2,"gold_loss":0,"cards_obtained":["Backstab"]},{"cards_removed":["Strike_G"],"damage_healed":0,"gold_gain":0,"player_choice":"Forget","damage_taken":0,"max_hp_gain":0,"max_hp_loss":0,"event_name":"Living Wall","floor":5,"gold_loss":0},{"damage_healed":0,"gold_gain":0,"player_choice":"Ignored","damage_taken":0,"max_hp_gain":0,"max_hp_loss":0,"event_name":"Shining Light","floor":8,"gold_loss":0},{"damage_healed":0,"gold_gain":0,"player_choice":"Fled","damage_taken":0,"max_hp_gain":0,"max_hp_loss":0,"event_name":"Scrap Ooze","floor":12,"gold_loss":0}],"is_beta":false,"boss_relics":[],"items_purged_floors":[13],"is_endless":false,"potions_floor_spawned":[3,10],"killed_by":"The Guardian","ascension_level":18}}