{"host":"9vk21r6l9dtkpvh9","time":1607799121,"event":{"mods":["2.2 Compatiblity","AchievementEnabler","Act Like it!","Astrologer","Bard","Bartender","BaseMod","Better Altar","Better Match","Better Note","Better Sensory Stone","Better Skull","Better Third Choice","BetterRewards","CapriCore","CatGirl Mod","Colored Map","Colored Powertips","Conspire","DeckTracker","Downfall","Energized Spire","Fiend Mod","Gensokyo","GifTheSpireLib","Hermit","Hubris","Infinite Spire","Jorbs\u0027s Wanderer Trilogy","Koishi","LagranYue(???·?)","Luminous","Mad Scientist","Marisa????????","Mimic Mod","Minty Spire (QoL Compilation)","Potionbrewer","Rare Cards Sparkle","Relic Stats","Replay The Spire","SOS???????","Shade Mod","Spicy Shops","StSLib","SuperFastMode","Td1madao Mod","The Animator","The Construct","The Forsaken","The Gatherer","The Hayseed","The Hierophant","The Immortal","The Jungle","The Mystic","The Necromancer","The Runesmith","The Senshi","The Servant 0.9.4","The Trickster","The Valiant","The Wild Card","TheBandit","TheSwordswoman","TheWitcher","WarShipGirlsR/????R mod","vexMod","???Mod??????Boss"],"gold_per_floor":[113,113,113,113,37,37,71,91,139,6,25,0,0,20,20,20,20],"floor_reached":16,"playtime":607,"items_purged":["TheSimpletonMod:Spoilage"],"score":123,"play_id":"e455fe48-1b14-493b-a241-e78790a77572","local_time":"20201212135201","is_ascension_mode":false,"campfire_choices":[{"data":"TheSimpletonMod:ReapAndSow","floor":15,"key":"SMITH"}],"circlet_count":0,"master_deck":["TheSimpletonMod:Strike_TheSimpleton","TheSimpletonMod:Strike_TheSimpleton","TheSimpletonMod:Strike_TheSimpleton","TheSimpletonMod:Strike_TheSimpleton","TheSimpletonMod:Defend_TheSimpleton","TheSimpletonMod:Defend_TheSimpleton","TheSimpletonMod:Defend_TheSimpleton","TheSimpletonMod:Defend_TheSimpleton","TheSimpletonMod:Haymaker","TheSimpletonMod:ReapAndSow+1","TheSimpletonMod:SpiceUp","TheSimpletonMod:BuzzBomb","TheSimpletonMod:RootDown","TheSimpletonMod:Rototilling+1","TheSimpletonMod:SlashAndBurn","TheSimpletonMod:Corn+1"],"relics":["TheSimpletonMod:SpudOfTheInnocent","TheSimpletonMod:NightSoil","TheSimpletonMod:TheHarvester","LagranYue:RandomDrawCardRelic","infinitespire:CheckeredPen","Toy Ornithopter","construct:RocketBooster","Protect_Vest"],"acts_visited":["Exordium"],"potions_floor_usage":[],"damage_taken":[{"damage":7,"enemies":"2 Louse","floor":1,"turns":4},{"damage":21,"enemies":"Replay:BlueRogue","floor":7,"turns":6},{"damage":10,"enemies":"Jaw Worm","floor":8,"turns":4},{"damage":0,"enemies":"Small Slimes","floor":11,"turns":2},{"damage":10,"enemies":"3 Louse","floor":14,"turns":3},{"damage":0,"enemies":"The Guardian","floor":16,"turns":4}],"seed_played":"8036974825867552522","potions_obtained":[{"floor":2,"key":"potionbrewer:HastePotion"},{"floor":7,"key":"Elixir"},{"floor":11,"key":"Elixir"}],"is_trial":false,"path_per_floor":["M","?","T","?","$","?","E","M","T","$","M","?","$","M","R","B"],"character_chosen":"THE_SIMPLETON","items_purchased":["Toy Ornithopter","TheSimpletonMod:Rototilling+1"],"campfire_rested":0,"item_purchase_floors":[5,10],"current_hp_per_floor":[79,79,79,79,79,89,71,65,65,65,65,65,65,59,59,59,59],"gold":20,"neow_bonus":"TEN_PERCENT_HP_BONUS","is_daily":false,"chose_seed":false,"campfire_upgraded":1,"win_rate":0.0,"timestamp":1607799121,"path_taken":["M","?","?","?","?","?","E","M","T","$","?","?","?","M","R","BOSS"],"items_purchased_type":["Relic","Card"],"build_version":"2020-11-30","purchased_purges":1,"victory":false,"max_hp_per_floor":[82,82,82,82,82,92,92,92,92,92,92,92,92,92,92,92,92],"relic_stats":{"counters":[6,22],"obtain_stats":[{"TheSimpletonMod:TheHarvester":0,"construct:RocketBooster":7,"LagranYue:RandomDrawCardRelic":0,"TheSimpletonMod:SpudOfTheInnocent":0,"Protect_Vest":9,"infinitespire:CheckeredPen":3,"TheSimpletonMod:NightSoil":0,"Toy Ornithopter":5},{"TheSimpletonMod:TheHarvester":0,"construct:RocketBooster":2,"LagranYue:RandomDrawCardRelic":0,"TheSimpletonMod:SpudOfTheInnocent":0,"Protect_Vest":3,"infinitespire:CheckeredPen":1,"TheSimpletonMod:NightSoil":0,"Toy Ornithopter":1},{"TheSimpletonMod:TheHarvester":0,"construct:RocketBooster":10,"LagranYue:RandomDrawCardRelic":0,"TheSimpletonMod:SpudOfTheInnocent":0,"Protect_Vest":13,"infinitespire:CheckeredPen":4,"TheSimpletonMod:NightSoil":0,"Toy Ornithopter":4}],"Toy Ornithopter":0},"card_choices":[{"not_picked":["TheSimpletonMod:ToughenUp","TheSimpletonMod:CullingStrike"],"picked":"TheSimpletonMod:SpiceUp","floor":1},{"not_picked":["TheSimpletonMod:CropRotation","TheSimpletonMod:Ferment"],"picked":"TheSimpletonMod:BuzzBomb","floor":7},{"not_picked":["TheSimpletonMod:Thresh","TheSimpletonMod:BumperCrop"],"picked":"TheSimpletonMod:RootDown","floor":8},{"not_picked":["TheSimpletonMod:ToughenUp","TheSimpletonMod:CullingStrike"],"picked":"TheSimpletonMod:SlashAndBurn","floor":11},{"not_picked":["TheSimpletonMod:SlashAndBurn","TheSimpletonMod:CullingStrike","TheSimpletonMod:SpiceUp"],"picked":"SKIP","floor":14}],"player_experience":580212,"relics_obtained":[{"floor":3,"key":"infinitespire:CheckeredPen"},{"floor":7,"key":"construct:RocketBooster"},{"floor":9,"key":"Protect_Vest"}],"event_choices":[{"damage_healed":0,"gold_gain":0,"player_choice":"Leave","damage_taken":0,"max_hp_gain":0,"max_hp_loss":0,"event_name":"The Cleric","floor":4,"gold_loss":0}],"is_beta":false,"boss_relics":[],"items_purged_floors":[10],"is_endless":false,"potions_floor_spawned":[7,11],"killed_by":"The Guardian","ascension_level":0}}