{"host":"mkv3lj8gfkr85ioo","time":1607812286,"event":{"mods":["AchievementEnabler","BaseMod","Colored Map","Minty Spire (QoL Compilation)","SuperFastMode"],"gold_per_floor":[116,116,133,133,43,68,68,85,112,140,140,140,171,171,171,242,242,255,267,267,26,26,26,40,40,67,67,67,67,84,112,112,187,187,201,201,211,31,42,75,75,109,158,158,208,222,253,266,266,266],"floor_reached":51,"playtime":2013,"items_purged":["Strike_R","Clash"],"score":1750,"play_id":"376640d4-44e5-407a-9355-4cf674002975","local_time":"20201213073126","is_ascension_mode":true,"campfire_choices":[{"data":"Bludgeon","floor":7.0,"key":"SMITH"},{"data":"Wild Strike","floor":12.0,"key":"SMITH"},{"floor":15.0,"key":"REST"},{"floor":23.0,"key":"REST"},{"floor":25.0,"key":"REST"},{"floor":32.0,"key":"REST"},{"floor":41,"key":"REST"},{"floor":49,"key":"REST"}],"circlet_count":0,"master_deck":["AscendersBane","Bash+1","Second Wind+1","Wild Strike+1","Bludgeon+1","Immolate","Power Through+1","Offering+1","Power Through+1","Second Wind+1","Flex+1","Barricade","Infernal Blade+1","Shockwave+1","Ghostly Armor+1","Disarm+1","Dual Wield+1","Finesse+1","Enlightenment+1","Evolve","Infernal Blade+1"],"relics":["Burning Blood","NeowsBlessing","Blood Vial","Toy Ornithopter","Nunchaku","Paper Frog","Toxic Egg 2","White Beast Statue","Fusion Hammer","Tiny Chest","Dream Catcher","Pandora\u0027s Box","Dead Branch","Turnip","Bag of Marbles","Art of War","Mummified Hand"],"acts_visited":["Exordium","TheCity","TheBeyond"],"potions_floor_usage":[37,50],"damage_taken":[{"damage":0.0,"enemies":"Small Slimes","floor":1.0,"turns":1.0},{"damage":0.0,"enemies":"Jaw Worm","floor":3.0,"turns":1.0},{"damage":0.0,"enemies":"3 Sentries","floor":6.0,"turns":1.0},{"damage":6.0,"enemies":"2 Louse","floor":8.0,"turns":3.0},{"damage":8.0,"enemies":"Gremlin Nob","floor":10.0,"turns":3.0},{"damage":25.0,"enemies":"Lagavulin","floor":13.0,"turns":7.0},{"damage":68.0,"enemies":"Hexaghost","floor":16.0,"turns":6.0},{"damage":31.0,"enemies":"3 Byrds","floor":18.0,"turns":6.0},{"damage":23.0,"enemies":"Shell Parasite","floor":19.0,"turns":3.0},{"damage":14.0,"enemies":"Cultist and Chosen","floor":24.0,"turns":5.0},{"damage":6.0,"enemies":"Snake Plant","floor":30.0,"turns":2.0},{"damage":6.0,"enemies":"Book of Stabbing","floor":31.0,"turns":2.0},{"damage":73.0,"enemies":"Automaton","floor":33.0,"turns":10.0},{"damage":21.0,"enemies":"3 Shapes","floor":35.0,"turns":4.0},{"damage":22,"enemies":"3 Darklings","floor":37,"turns":7},{"damage":39,"enemies":"Jaw Worm Horde","floor":39,"turns":4},{"damage":0,"enemies":"Nemesis","floor":40,"turns":9},{"damage":6,"enemies":"Giant Head","floor":42,"turns":7},{"damage":6,"enemies":"Sphere and 2 Shapes","floor":46,"turns":3},{"damage":0,"enemies":"Nemesis","floor":47,"turns":7},{"damage":10,"enemies":"Transient","floor":48,"turns":6},{"damage":20,"enemies":"Awakened One","floor":50,"turns":9}],"seed_played":"-5912601966412269579","potions_obtained":[{"floor":3.0,"key":"SneckoOil"},{"floor":8.0,"key":"ElixirPotion"},{"floor":13.0,"key":"ElixirPotion"},{"floor":16.0,"key":"AttackPotion"},{"floor":18.0,"key":"PowerPotion"},{"floor":24.0,"key":"LiquidMemories"},{"floor":31.0,"key":"AttackPotion"},{"floor":33.0,"key":"Fire Potion"},{"floor":35.0,"key":"FairyPotion"},{"floor":37,"key":"Block Potion"},{"floor":48,"key":"ElixirPotion"}],"is_trial":false,"path_per_floor":["M","?","M","?","$","E","R","M","T","E","?","R","E","T","R","B",null,"M","M","?","$","?","R","M","R","T","$","?","?","M","E","R","B",null,"M","?","M","$","M","E","R","E","T","T","?","M","E","M","R","B",null],"character_chosen":"IRONCLAD","items_purchased":["Bludgeon","Offering+1","Evolve"],"campfire_rested":6,"item_purchase_floors":[5,21,38],"current_hp_per_floor":[74,69,75,52,52,60,60,62,62,67,72,72,55,55,79,23,66,43,28,28,28,28,52,46,70,70,70,47,47,49,56,81,18,68,55,50,41,41,10,18,43,45,45,45,45,47,55,53,78,71],"gold":266,"neow_bonus":"THREE_ENEMY_KILL","is_daily":false,"chose_seed":false,"campfire_upgraded":2,"win_rate":0.0,"timestamp":1607812286,"path_taken":["M","?","M","?","?","E","R","M","T","E","?","R","E","?","R","BOSS","M","M","?","$","?","R","M","R","T","$","?","?","M","E","R","BOSS","M","?","M","$","M","E","R","E","T","?","?","M","E","M","R","BOSS"],"items_purchased_type":["Card","Card","Card"],"build_version":"2020-11-30","purchased_purges":2,"victory":true,"max_hp_per_floor":[75,75,75,75,75,75,75,75,75,75,80,80,80,80,80,80,80,80,80,80,80,80,80,80,80,80,80,85,85,85,85,85,85,85,85,85,85,85,85,85,85,85,85,85,85,85,85,85,85,85],"card_choices":[{"not_picked":["Clash","Sword Boomerang"],"picked":"Second Wind","floor":1.0},{"not_picked":["Clash","Twin Strike"],"picked":"Wild Strike","floor":3.0},{"not_picked":["Burning Pact","Clash","Wild Strike"],"picked":"SKIP","floor":6.0},{"not_picked":["Intimidate","Heavy Blade","Limit Break"],"picked":"SKIP","floor":8.0},{"not_picked":["Cleave","Iron Wave","Clothesline"],"picked":"SKIP","floor":10.0},{"not_picked":["Metallicize","Hemokinesis","Headbutt"],"picked":"SKIP","floor":13.0},{"not_picked":["Limit Break+1","Juggernaut"],"picked":"Immolate","floor":16.0},{"not_picked":["Carnage","Armaments+1","Searing Blow"],"picked":"SKIP","floor":18.0},{"not_picked":["Clash","Reckless Charge"],"picked":"Power Through+1","floor":19.0},{"not_picked":["Carnage","Disarm+1","Heavy Blade"],"picked":"SKIP","floor":24.0},{"not_picked":["Inflame","Thunderclap","Iron Wave"],"picked":"SKIP","floor":30.0},{"not_picked":["Inflame","Rupture"],"picked":"Second Wind+1","floor":31.0},{"not_picked":["Cleave","Clash","Blood for Blood"],"picked":"SKIP","floor":35.0},{"not_picked":["Dramatic Entrance","Purity+1"],"picked":"Finesse+1","floor":36},{"not_picked":["Good Instincts+1","Panache"],"picked":"Enlightenment+1","floor":36},{"not_picked":["Headbutt","Ghostly Armor+1","Cleave"],"picked":"SKIP","floor":37},{"not_picked":["Armaments+1","Havoc+1","Flex+1"],"picked":"SKIP","floor":39},{"not_picked":["Headbutt","Anger","Whirlwind"],"picked":"SKIP","floor":40},{"not_picked":["Barricade","Evolve+1"],"picked":"Infernal Blade+1","floor":42},{"not_picked":["Carnage","Heavy Blade","Spot Weakness+1"],"picked":"SKIP","floor":46},{"not_picked":["Dropkick","Whirlwind+1","Anger+1"],"picked":"SKIP","floor":47},{"not_picked":["Thunderclap+1","Pommel Strike+1","Flex+1"],"picked":"SKIP","floor":48}],"player_experience":135175,"relics_obtained":[{"floor":6.0,"key":"Toy Ornithopter"},{"floor":9.0,"key":"Nunchaku"},{"floor":10.0,"key":"Paper Frog"},{"floor":13.0,"key":"Toxic Egg 2"},{"floor":14.0,"key":"White Beast Statue"},{"floor":26.0,"key":"Tiny Chest"},{"floor":31.0,"key":"Dream Catcher"},{"floor":40,"key":"Dead Branch"},{"floor":42,"key":"Turnip"},{"floor":43,"key":"Bag of Marbles"},{"floor":44,"key":"Art of War"},{"floor":47,"key":"Mummified Hand"}],"event_choices":[{"damage_healed":0.0,"max_hp_gain":0.0,"max_hp_loss":0.0,"gold_gain":0.0,"event_name":"Scrap Ooze","player_choice":"Success","floor":2.0,"gold_loss":0.0,"damage_taken":5.0,"relics_obtained":["Blood Vial"]},{"damage_healed":0.0,"max_hp_gain":0.0,"max_hp_loss":0.0,"gold_gain":0.0,"event_name":"Shining Light","player_choice":"Entered Light","floor":4.0,"gold_loss":0.0,"damage_taken":23.0,"cards_upgraded":["Bash","Second Wind"]},{"damage_healed":0.0,"max_hp_gain":5.0,"max_hp_loss":0.0,"gold_gain":0.0,"event_name":"Big Fish","player_choice":"Donut","floor":11.0,"gold_loss":0.0,"damage_taken":0.0},{"damage_healed":0.0,"max_hp_gain":0.0,"max_hp_loss":0.0,"gold_gain":0.0,"event_name":"Ghosts","player_choice":"Ignored","floor":20.0,"gold_loss":0.0,"damage_taken":0.0},{"damage_healed":0.0,"max_hp_gain":0.0,"max_hp_loss":0.0,"gold_gain":0.0,"event_name":"Cursed Tome","player_choice":"Ignored","floor":22.0,"gold_loss":0.0,"damage_taken":0.0},{"damage_healed":0.0,"max_hp_gain":5.0,"max_hp_loss":0.0,"gold_gain":0.0,"event_name":"Forgotten Altar","player_choice":"Shed Blood","floor":28.0,"gold_loss":0.0,"damage_taken":28.0},{"damage_healed":0.0,"max_hp_gain":0.0,"max_hp_loss":0.0,"gold_gain":0.0,"event_name":"Duplicator","player_choice":"Copied","floor":29.0,"gold_loss":0.0,"damage_taken":0.0,"cards_obtained":["Power Through"]},{"damage_healed":0,"gold_gain":0,"player_choice":"Memory 2","damage_taken":5,"max_hp_gain":0,"max_hp_loss":0,"event_name":"SensoryStone","floor":36,"gold_loss":0},{"damage_healed":0,"gold_gain":50,"player_choice":"Pray","damage_taken":0,"max_hp_gain":0,"max_hp_loss":0,"event_name":"Golden Shrine","floor":45,"gold_loss":0}],"is_beta":false,"boss_relics":[{"not_picked":["Empty Cage","Tiny House"],"picked":"Fusion Hammer"},{"not_picked":["Calling Bell","Black Star"],"picked":"Pandora\u0027s Box"}],"items_purged_floors":[21,38],"is_endless":false,"potions_floor_spawned":[3,8,13,16,18,19,24,30,31,33,35,37,39,40,42,46,47,48],"ascension_level":17}}