{"host":"ow9msrs9p2ctkx99","time":1607787121,"event":{"mods":["AchievementEnabler","BaseMod","Colored Map","Colored Powertips","Minty Spire (QoL Compilation)","Permanent Neow","Quick Restart","SuperFastMode"],"gold_per_floor":[114,131,144,158,9,43,43,55,143,171,183,195,240,327,339,351,351],"floor_reached":16,"playtime":392,"items_purged":[],"score":193,"play_id":"29a74371-0769-4be7-abd8-44c40d573867","local_time":"20201212163201","is_ascension_mode":true,"campfire_choices":[{"floor":7,"key":"DIG"},{"floor":12,"key":"REST"},{"floor":15,"key":"REST"}],"circlet_count":0,"master_deck":["AscendersBane","Strike_G","Strike_G","Strike_G","Strike_G","Strike_G","Defend_G","Defend_G","Defend_G","Defend_G","Defend_G","Survivor","Neutralize","Footwork","Skewer","Cloak And Dagger","Go for the Eyes","Mind Blast","After Image","Streamline"],"relics":["Ring of the Snake","Bag of Preparation","PrismaticShard","Shovel","MawBank","Ornamental Fan","Dream Catcher"],"acts_visited":["Exordium"],"potions_floor_usage":[6,6,16],"damage_taken":[{"damage":6.0,"enemies":"Cultist","floor":1.0,"turns":5.0},{"damage":0.0,"enemies":"Jaw Worm","floor":2.0,"turns":6.0},{"damage":0,"enemies":"Small Slimes","floor":3,"turns":4},{"damage":3,"enemies":"Red Slaver","floor":4,"turns":6},{"damage":36,"enemies":"Gremlin Nob","floor":6,"turns":6},{"damage":9,"enemies":"3 Louse","floor":10,"turns":5},{"damage":19,"enemies":"3 Sentries","floor":13,"turns":10},{"damage":30,"enemies":"Hexaghost","floor":16,"turns":9}],"seed_played":"7743994922611376224","potions_obtained":[{"floor":1.0,"key":"Block Potion"},{"floor":2.0,"key":"Regen Potion"},{"floor":13,"key":"LiquidMemories"}],"is_trial":false,"path_per_floor":["M","M","M","M","$","E","R","?","T","M","$","R","E","?","R","B"],"character_chosen":"THE_SILENT","items_purchased":["PrismaticShard"],"campfire_rested":2,"item_purchase_floors":[5],"current_hp_per_floor":[53,53,53,50,50,29,29,29,29,20,20,39,20,9,28,0,0],"gold":351,"neow_bonus":"RANDOM_COMMON_RELIC","is_daily":false,"chose_seed":false,"campfire_upgraded":0,"win_rate":0.0,"timestamp":1607787121,"path_taken":["M","?","M","M","$","E","R","?","T","?","$","R","E","?","R","BOSS"],"items_purchased_type":["Relic"],"build_version":"2020-11-30","purchased_purges":0,"victory":false,"max_hp_per_floor":[66,66,66,66,66,66,66,66,66,66,66,66,66,66,66,66,66],"card_choices":[{"not_picked":["Cloak And Dagger","Dagger Throw"],"picked":"Footwork","floor":1.0},{"not_picked":["Quick Slash","Calculated Gamble"],"picked":"Skewer","floor":2.0},{"not_picked":["Bane","Deflect"],"picked":"Cloak And Dagger","floor":3},{"not_picked":["Eviscerate","Predator","Bane"],"picked":"SKIP","floor":4},{"not_picked":["Conserve Battery","Cloak And Dagger"],"picked":"Go for the Eyes","floor":6},{"not_picked":["Poisoned Stab","Warcry"],"picked":"Mind Blast","floor":10},{"not_picked":["Outmaneuver","Leg Sweep"],"picked":"After Image","floor":13},{"not_picked":["Bane","Outmaneuver"],"picked":"Streamline","floor":15}],"player_experience":947627,"relics_obtained":[{"floor":6,"key":"Shovel"},{"floor":7,"key":"MawBank"},{"floor":9,"key":"Ornamental Fan"},{"floor":13,"key":"Dream Catcher"}],"event_choices":[{"damage_healed":0,"gold_gain":0,"player_choice":"0 cards matched","damage_taken":0,"max_hp_gain":0,"max_hp_loss":0,"event_name":"Match and Keep!","floor":8,"gold_loss":0,"cards_obtained":[]},{"damage_healed":0,"gold_gain":75,"player_choice":"Gather Gold","damage_taken":11,"max_hp_gain":0,"max_hp_loss":0,"event_name":"World of Goop","floor":14,"gold_loss":0}],"is_beta":false,"boss_relics":[],"items_purged_floors":[],"is_endless":false,"potions_floor_spawned":[1,2,13],"killed_by":"Hexaghost","ascension_level":15}}