{"host":"Ian","time":1607803079,"event":{"mods":["BaseMod","Bestiary","Block Reminder","Colored Map","Highlight Path","Key Reminder","Minty Spire (QoL Compilation)","Relic Stats"],"gold_per_floor":[112,112,112,129,144,144,176,176,252,281,291,291,44,54,54,54,54],"floor_reached":16,"playtime":509,"items_purged":[],"score":220,"play_id":"c529d624-dfda-4705-836b-a0e7282afad4","local_time":"20201212195759","is_ascension_mode":true,"campfire_choices":[{"data":"Carnage","floor":6,"key":"SMITH"},{"data":"Bash","floor":8,"key":"SMITH"},{"floor":15,"key":"REST"}],"circlet_count":0,"master_deck":["AscendersBane","Strike_R","Strike_R","Strike_R","Strike_R","Defend_R","Defend_R","Defend_R","Bash+1","Thinking Ahead","Dropkick","Pommel Strike","Carnage+1","True Grit","Feel No Pain+1","Shrug It Off"],"relics":["Burning Blood","Ancient Tea Set","Frozen Egg 2","Juzu Bracelet","Regal Pillow"],"acts_visited":["Exordium"],"potions_floor_usage":[7,14],"damage_taken":[{"damage":6,"enemies":"Jaw Worm","floor":1,"turns":6},{"damage":14,"enemies":"2 Louse","floor":4,"turns":2},{"damage":0,"enemies":"Cultist","floor":5,"turns":2},{"damage":6,"enemies":"Gremlin Nob","floor":7,"turns":3},{"damage":25,"enemies":"3 Sentries","floor":10,"turns":7},{"damage":11,"enemies":"Blue Slaver","floor":11,"turns":3},{"damage":12,"enemies":"Exordium Thugs","floor":14,"turns":4},{"damage":52,"enemies":"The Guardian","floor":16,"turns":6}],"seed_played":"1531364274382216606","potions_obtained":[{"floor":1,"key":"BlessingOfTheForge"},{"floor":5,"key":"FearPotion"}],"is_trial":false,"path_per_floor":["M","?","?","M","M","R","E","R","T","E","M","?","$","M","R","B"],"character_chosen":"IRONCLAD","items_purchased":["Regal Pillow","Feel No Pain+1"],"campfire_rested":1,"item_purchase_floors":[13,13],"current_hp_per_floor":[50,43,43,35,41,41,41,41,41,22,17,17,17,11,48,0,0],"gold":54,"neow_bonus":"RANDOM_COLORLESS_2","is_daily":false,"chose_seed":false,"campfire_upgraded":2,"win_rate":0.0,"timestamp":1607803079,"path_taken":["M","?","?","M","?","R","E","R","T","E","M","?","?","M","R","BOSS"],"items_purchased_type":["Relic","Card"],"build_version":"2020-12-07","purchased_purges":0,"victory":false,"max_hp_per_floor":[75,75,75,75,75,75,75,75,75,75,75,75,75,75,75,75,75],"relic_stats":{"Regal Pillow":15,"counters":[8,33],"Juzu Bracelet":0,"obtain_stats":[{"Regal Pillow":13,"Juzu Bracelet":10,"Frozen Egg 2":9,"Ancient Tea Set":7,"Burning Blood":0},{"Regal Pillow":6,"Juzu Bracelet":5,"Frozen Egg 2":4,"Ancient Tea Set":4,"Burning Blood":0},{"Regal Pillow":23,"Juzu Bracelet":20,"Frozen Egg 2":13,"Ancient Tea Set":13,"Burning Blood":0}],"Burning Blood":42},"card_choices":[{"not_picked":["Panache","Transmutation"],"picked":"Thinking Ahead","floor":0},{"not_picked":["Iron Wave","Body Slam"],"picked":"Dropkick","floor":1},{"not_picked":["Entrench","Twin Strike"],"picked":"Pommel Strike","floor":4},{"not_picked":["Clash","Wild Strike"],"picked":"Carnage","floor":5},{"not_picked":["Pommel Strike","Hemokinesis","Limit Break"],"picked":"SKIP","floor":7},{"not_picked":["Fire Breathing+1","Perfected Strike","Warcry"],"picked":"SKIP","floor":10},{"not_picked":["Combust+1","Sword Boomerang"],"picked":"True Grit","floor":11},{"not_picked":["Headbutt","Uppercut"],"picked":"Shrug It Off","floor":14}],"player_experience":2508659,"relics_obtained":[{"floor":7,"key":"Ancient Tea Set"},{"floor":9,"key":"Frozen Egg 2"},{"floor":10,"key":"Juzu Bracelet"}],"event_choices":[{"cards_removed":["Strike_R"],"damage_healed":0,"gold_gain":0,"player_choice":"Card Removal","damage_taken":7,"max_hp_gain":0,"max_hp_loss":0,"event_name":"Golden Wing","floor":2,"gold_loss":0},{"cards_removed":["Defend_R"],"damage_healed":0,"gold_gain":0,"player_choice":"Purged","damage_taken":0,"max_hp_gain":0,"max_hp_loss":0,"event_name":"Purifier","floor":3,"gold_loss":0},{"damage_healed":0,"gold_gain":0,"player_choice":"Ignored","damage_taken":0,"max_hp_gain":0,"max_hp_loss":0,"event_name":"Shining Light","floor":12,"gold_loss":0}],"is_beta":true,"boss_relics":[],"items_purged_floors":[],"is_endless":false,"potions_floor_spawned":[1,5],"killed_by":"The Guardian","ascension_level":20}}