{"host":"v0byp44r5syn346h","time":1607744455,"event":{"mods":["2.2 Compatiblity","AchievementEnabler","Act Like it!","AlwaysNeverKeys","Aspiration","BaseMod","Bestiary","Better Match","Better Note","Better Skull","Better Third Choice","Better Vampires","BetterRewards","Card Filter","Colored Map","Colored Powertips","Conspire","Defuse TimeMaze Blight","Displayed Cursed Tome","Downfall","Friendly Minions","Gremlin Skip","Halation","Highlight Path","Hubris","Infinite Spire","Minty Spire (QoL Compilation)","Pale of the Ancients","Quarter Circle Forward PUNCH!","Quick Restart","Random Character Button","Rare Cards Sparkle","Relic Filter","Relic Stats","Reorder Act Four","Replay The Spire","Reworked Bosses","Shop Mod","Spicy Shops","Spikes Relics","StSLib","SuperFastMode","The Blue Laboratory","The Construct","The Cursed","The Hierophant","The Jungle","Thieving Mod","Trackpad","Unknown Chances","egg","vexMod"],"gold_per_floor":[118,140,140,583,142,170,199,232,285,302,332,332,363,374,374,374,374],"floor_reached":16,"playtime":383,"items_purged":["Strike_P"],"score":277,"play_id":"3d0c54a1-d4d5-49da-bac7-a6945761170b","local_time":"20201212044055","is_ascension_mode":true,"campfire_choices":[{"data":"Eruption","floor":12,"key":"SMITH"},{"data":"Apotheosis","floor":15,"key":"SMITH"}],"circlet_count":0,"master_deck":["Strike_P","Strike_P","Defend_P","Defend_P","Defend_P","Defend_P","Eruption+1","Vigilance","FlurryOfBlows","FearNoEvil","Replay:DivineShield","Apotheosis+1","WheelKick","Weave","FlurryOfBlows","EmptyMind","Scrawl","EmptyBody","Collect"],"relics":["PureWater","trackpad:HandOfMidas","aspiration:HummingbirdHeart","Happy Flower","conspire:Boomerang","Boot","Gambling Chip","infinitespire:WardingShard"],"acts_visited":["Exordium"],"potions_floor_usage":[16],"damage_taken":[{"damage":0,"enemies":"Cultist","floor":1,"turns":2},{"damage":2,"enemies":"2 Louse","floor":2,"turns":2},{"damage":12,"enemies":"Replay:BlueRogue","floor":6,"turns":5},{"damage":0,"enemies":"Small Slimes","floor":7,"turns":1},{"damage":7,"enemies":"Lagavulin","floor":8,"turns":6},{"damage":10,"enemies":"Gremlin Gang","floor":10,"turns":4},{"damage":2,"enemies":"Gremlin Nob","floor":11,"turns":3},{"damage":0,"enemies":"Lagavulin","floor":13,"turns":3},{"damage":0,"enemies":"Looter","floor":14,"turns":2},{"damage":9,"enemies":"The Guardian","floor":16,"turns":3}],"seed_played":"-8298994569375414008","potions_obtained":[{"floor":1,"key":"FairyPotion"},{"floor":7,"key":"blueLaboratory:BottleOfVodka"},{"floor":11,"key":"blueLaboratory:HeartbeatPotion"},{"floor":13,"key":"BottledMiracle"}],"is_trial":false,"path_per_floor":["M","M","?","?","$","E","M","E","T","M","E","R","E","M","R","B"],"character_chosen":"WATCHER","items_purchased":["trackpad:HandOfMidas","Apotheosis","aspiration:HummingbirdHeart"],"campfire_rested":0,"item_purchase_floors":[0,5,5],"current_hp_per_floor":[52,50,50,19,19,7,7,21,21,11,9,9,9,9,9,0,0],"gold":374,"neow_bonus":"","is_daily":false,"chose_seed":false,"campfire_upgraded":2,"win_rate":0.0,"timestamp":1607744455,"path_taken":["M","?","?","?","$","E","M","E","T","M","E","R","E","M","R","BOSS"],"items_purchased_type":["Relic","Card","Relic"],"build_version":"2020-11-30","purchased_purges":1,"victory":false,"max_hp_per_floor":[72,72,72,72,72,72,72,72,72,72,72,72,72,72,72,72,72],"relic_stats":{"Happy Flower":[7],"counters":[52,185],"Gambling Chip":[10],"Boot":[11],"obtain_stats":[{"halation:BlackBeret":10,"Golden Egg":9,"trackpad:Mousetrap":7,"vexMod:MemoryStick":13,"RoseTintedShades":12,"Cursed Key":17,"Boot":9,"halation:RedSoulGem":2,"Replay:Ringing Soul":9,"trackpad:PocketGalaxy":0,"TheAbacus":4,"Strawberry":30,"vexMod:RedPlottingStone":0,"Gambling Chip":11,"WingedGreaves":0,"Necronomicon":22,"trackpad:AdjectivePendant":3,"Chemical X":0,"Ring of Panic":2,"hubris:MobiusCoin":0,"NeowsBlessing":0,"trackpad:HandOfMidas":0,"Happy Flower":6,"trackpad:Trackpad":17,"Guide Book":0,"vexMod:MysteryBossChallenge":17,"Oddly Smooth Stone":22,"infinitespire:Joker Card":8,"PreservedInsect":0,"infinitespire:Beetle Shell":9,"vexMod:PaidLearning":0,"aspiration:RandomNobGenerator":17,"aspiration:HummingbirdHeart":5,"conspire:Boomerang":8,"aspiration:HiddenCompartment":6,"Question Card":26,"OrangePellets":0,"Pondfish Scales":0,"infinitespire:WardingShard":13,"Snack Pack":23,"hubris:TenFootPole":2,"halation:AfternoonTea":13,"PureWater":0,"ReplayTheSpireMod:Ring of Challenge":2,"Meat on the Bone":8},{"halation:BlackBeret":37,"Golden Egg":4,"trackpad:Mousetrap":16,"vexMod:MemoryStick":18,"RoseTintedShades":38,"Cursed Key":20,"Boot":47,"halation:RedSoulGem":1,"Replay:Ringing Soul":16,"trackpad:PocketGalaxy":32,"TheAbacus":30,"Strawberry":27,"vexMod:RedPlottingStone":29,"Gambling Chip":49,"WingedGreaves":32,"Necronomicon":23,"trackpad:AdjectivePendant":1,"Chemical X":32,"Ring of Panic":30,"hubris:MobiusCoin":32,"NeowsBlessing":0,"trackpad:HandOfMidas":42,"Happy Flower":45,"trackpad:Trackpad":8,"Guide Book":32,"vexMod:MysteryBossChallenge":8,"Oddly Smooth Stone":11,"infinitespire:Joker Card":4,"PreservedInsect":12,"infinitespire:Beetle Shell":36,"vexMod:PaidLearning":32,"aspiration:RandomNobGenerator":41,"aspiration:HummingbirdHeart":44,"conspire:Boomerang":47,"aspiration:HiddenCompartment":3,"Question Card":25,"OrangePellets":32,"Pondfish Scales":12,"infinitespire:WardingShard":50,"Snack Pack":24,"hubris:TenFootPole":33,"halation:AfternoonTea":6,"PureWater":0,"ReplayTheSpireMod:Ring of Challenge":30,"Meat on the Bone":36},{"halation:BlackBeret":138,"Golden Egg":6,"trackpad:Mousetrap":57,"vexMod:MemoryStick":63,"RoseTintedShades":139,"Cursed Key":73,"Boot":170,"halation:RedSoulGem":1,"Replay:Ringing Soul":57,"trackpad:PocketGalaxy":124,"TheAbacus":119,"Strawberry":105,"vexMod:RedPlottingStone":114,"Gambling Chip":177,"WingedGreaves":124,"Necronomicon":88,"trackpad:AdjectivePendant":1,"Chemical X":124,"Ring of Panic":119,"hubris:MobiusCoin":124,"NeowsBlessing":0,"trackpad:HandOfMidas":154,"Happy Flower":163,"trackpad:Trackpad":22,"Guide Book":124,"vexMod:MysteryBossChallenge":22,"Oddly Smooth Stone":35,"infinitespire:Joker Card":6,"PreservedInsect":38,"infinitespire:Beetle Shell":136,"vexMod:PaidLearning":124,"aspiration:RandomNobGenerator":149,"aspiration:HummingbirdHeart":158,"conspire:Boomerang":170,"aspiration:HiddenCompartment":3,"Question Card":96,"OrangePellets":124,"Pondfish Scales":38,"infinitespire:WardingShard":180,"Snack Pack":92,"hubris:TenFootPole":126,"halation:AfternoonTea":12,"PureWater":0,"ReplayTheSpireMod:Ring of Challenge":119,"Meat on the Bone":136}]},"card_choices":[{"not_picked":["Protect","FlyingSleeves"],"picked":"FlurryOfBlows","floor":1},{"not_picked":["Evaluate","Protect"],"picked":"FearNoEvil","floor":2},{"not_picked":["Replay:Battleflow","Swivel"],"picked":"WheelKick","floor":6},{"not_picked":["Halt","Replay:Vibes"],"picked":"Weave","floor":7},{"not_picked":["Wireheading","Swivel"],"picked":"FlurryOfBlows","floor":8},{"not_picked":["Pray","ClearTheMind"],"picked":"EmptyMind","floor":10},{"not_picked":["JustLucky","Weave"],"picked":"Scrawl","floor":11},{"not_picked":["Crescendo","Prostrate"],"picked":"EmptyBody","floor":13},{"not_picked":["ClearTheMind","Pray"],"picked":"Collect","floor":14}],"player_experience":816159,"relics_obtained":[{"floor":6,"key":"Happy Flower"},{"floor":8,"key":"conspire:Boomerang"},{"floor":9,"key":"Boot"},{"floor":11,"key":"Gambling Chip"},{"floor":13,"key":"infinitespire:WardingShard"}],"event_choices":[{"damage_healed":0,"gold_gain":0,"cards_transformed":["Strike_P"],"player_choice":"Change","damage_taken":0,"max_hp_gain":0,"max_hp_loss":0,"event_name":"Living Wall","floor":3,"gold_loss":0,"cards_obtained":["Replay:DivineShield"]},{"damage_healed":0,"gold_gain":443,"player_choice":"GO GO GO GO ","damage_taken":35,"relics_obtained":[],"max_hp_gain":0,"max_hp_loss":0,"event_name":"betterSkull:BetterSkull","floor":4,"gold_loss":0,"cards_upgraded":[]}],"is_beta":false,"boss_relics":[],"items_purged_floors":[0],"is_endless":false,"potions_floor_spawned":[1,7,11,13,14],"killed_by":"The Guardian","ascension_level":7}}