{"host":"6qo42zgaknezulyg","time":1607739734,"event":{"mods":["2.2 Compatiblity","BaseMod","Keyboard Shortcuts","Minty Spire (QoL Compilation)","Permanent Neow","Quick Restart","StSLib","SuperFastMode","The Cursed"],"gold_per_floor":[368,50,0,20,0,0,16,43,68,68,68,94,109,135,135,233,233,245,245,279,22,42,73,73,99,183,229,241,267,279,325,337,450,462,493,505,517,69,79,105,144,144,153,196,42,64,92,115,124,124],"floor_reached":51,"playtime":3366,"items_purged":["TheCursedMod:Strike_TheCursed","TheCursedMod:Strike_TheCursed","TheCursedMod:Defend_TheCursed"],"score":1074,"play_id":"ab5399d2-5f0d-4145-8140-e3779897fc6e","local_time":"20201212112214","is_ascension_mode":true,"campfire_choices":[{"data":"TheCursedMod:HellfireBreathing","floor":6.0,"key":"SMITH"},{"floor":10.0,"key":"REST"},{"floor":15.0,"key":"REST"},{"data":"TheCursedMod:CollectTribute","floor":24.0,"key":"SMITH"},{"data":"TheCursedMod:LuckyCharm","floor":28.0,"key":"SMITH"},{"data":"TheCursedMod:CircleOfAmplification","floor":30.0,"key":"SMITH"},{"data":"TheCursedMod:Defend_TheCursed","floor":32.0,"key":"SMITH"},{"data":"TheCursedMod:CursedRelics","floor":42.0,"key":"SMITH"},{"floor":49.0,"key":"REST"}],"circlet_count":0,"master_deck":["TheCursedMod:Defend_TheCursed+1","TheCursedMod:Defend_TheCursed+1","TheCursedMod:Defend_TheCursed","TheCursedMod:CursedWand+1","TheCursedMod:CleanUpWorkshop+1","TheCursedMod:Dregs","TheCursedMod:HellfireBreathing+1","TheCursedMod:RapidMovement+1","TheCursedMod:AshesToAshes+1","TheCursedMod:ReleasedKnowledge+1","TheCursedMod:CursedSpellbook+1","TheCursedMod:CircleOfAmplification+1","TheCursedMod:CursedBoomerang+1","TheCursedMod:DarkBarrier+1","TheCursedMod:SmokeScreen+1","TheCursedMod:CursedStaff+1","TheCursedMod:UltimatePain+1","TheCursedMod:Obscuration+1","TheCursedMod:CollectTribute+1","TheCursedMod:HellsGateOpen+1","TheCursedMod:PrepareRite+1","TheCursedMod:LuckyCharm+1","TheCursedMod:TroublousMinions+1","TheCursedMod:ReleasedStrength+1","Clumsy","TheCursedMod:AshesToAshes+1","TheCursedMod:Torture+1","TheCursedMod:CursedRelics+1","CurseOfTheBell","TheCursedMod:SpreadPlague+1","TheCursedMod:SpitefulPlan+1","TheCursedMod:CircleOfAmplification+1","TheCursedMod:SaltUponWound+1","Injury","TheCursedMod:CursedMace+1","TheCursedMod:LuckyCharm+1","TheCursedMod:CircleOfAbyss+1","TheCursedMod:CursedBoomerang+1","TheCursedMod:CursedSpellbook+1","TheCursedMod:CursedArmor+1"],"relics":["TheCursedMod:BlackMagic101","Toxic Egg 2","PreservedInsect","Lantern","Toy Ornithopter","Gambling Chip","Ancient Tea Set","Cursed Key","Red Mask","Orrery","Bottled Tornado","MawBank","Frozen Egg 2","War Paint","Whetstone","Calling Bell","Happy Flower","Letter Opener","Ice Cream","CeramicFish","TungstenRod","Dream Catcher","Pantograph","Regal Pillow"],"acts_visited":["Exordium","TheCity","TheBeyond"],"potions_floor_usage":[50,50,50],"damage_taken":[{"damage":5.0,"enemies":"Cultist","floor":1.0,"turns":4.0},{"damage":7.0,"enemies":"Small Slimes","floor":4.0,"turns":4.0},{"damage":1.0,"enemies":"Jaw Worm","floor":7.0,"turns":5.0},{"damage":29.0,"enemies":"3 Sentries","floor":8.0,"turns":13.0},{"damage":13.0,"enemies":"Gremlin Nob","floor":12.0,"turns":5.0},{"damage":2.0,"enemies":"3 Louse","floor":13.0,"turns":4.0},{"damage":16.0,"enemies":"3 Sentries","floor":14.0,"turns":10.0},{"damage":29.0,"enemies":"The Guardian","floor":16.0,"turns":13.0},{"damage":6.0,"enemies":"Spheric Guardian","floor":18.0,"turns":6.0},{"damage":11.0,"enemies":"Masked Bandits","floor":20.0,"turns":4.0},{"damage":0.0,"enemies":"3 Byrds","floor":22.0,"turns":3.0},{"damage":0.0,"enemies":"Slavers","floor":23.0,"turns":5.0},{"damage":8.0,"enemies":"Gremlin Leader","floor":25.0,"turns":3.0},{"damage":0.0,"enemies":"Slavers","floor":27.0,"turns":5.0},{"damage":0.0,"enemies":"Shelled Parasite and Fungi","floor":29.0,"turns":4.0},{"damage":1.0,"enemies":"Book of Stabbing","floor":31.0,"turns":5.0},{"damage":24.0,"enemies":"Automaton","floor":33.0,"turns":8.0},{"damage":0.0,"enemies":"3 Darklings","floor":35.0,"turns":5.0},{"damage":0.0,"enemies":"3 Shapes","floor":39.0,"turns":4.0},{"damage":5.0,"enemies":"Jaw Worm Horde","floor":40.0,"turns":4.0},{"damage":0.0,"enemies":"Reptomancer","floor":41.0,"turns":5.0},{"damage":0.0,"enemies":"Nemesis","floor":44.0,"turns":1.0},{"damage":0.0,"enemies":"Spire Growth","floor":46.0,"turns":3.0},{"damage":6.0,"enemies":"3 Darklings","floor":47.0,"turns":3.0},{"damage":6.0,"enemies":"Jaw Worm Horde","floor":48.0,"turns":3.0},{"damage":0,"enemies":"Awakened One","floor":50,"turns":6}],"seed_played":"-7528283347182642958","potions_obtained":[{"floor":1.0,"key":"EssenceOfSteel"},{"floor":4.0,"key":"Block Potion"},{"floor":7.0,"key":"SkillPotion"},{"floor":14.0,"key":"CultistPotion"},{"floor":16.0,"key":"LiquidBronze"},{"floor":20.0,"key":"EssenceOfSteel"},{"floor":25.0,"key":"SneckoOil"}],"is_trial":false,"path_per_floor":["M","$","?","M","?","R","M","E","T","R","T","E","M","E","R","B",null,"M","?","?","$","M","E","R","E","T","E","R","M","R","E","R","B",null,"M","?","?","$","M","M","E","R","T","E","$","M","M","M","R","B",null],"character_chosen":"THE_CURSED","items_purchased":["Toxic Egg 2","TheCursedMod:HellfireBreathing","Orrery","TheCursedMod:LuckyCharm","TheCursedMod:SpitefulPlan+1","TungstenRod","TheCursedMod:LuckyCharm+1"],"campfire_rested":3,"item_purchase_floors":[2,2,21,21,38,38,45],"current_hp_per_floor":[49,49,49,42,42,42,41,12,12,34,34,26,24,8,30,6,75,69,69,58,58,63,63,63,55,55,55,55,55,55,54,54,30,75,75,75,75,75,75,70,70,70,70,70,70,70,64,58,75,75],"gold":124,"neow_bonus":"TWO_FIFTY_GOLD","is_daily":false,"chose_seed":false,"campfire_upgraded":6,"win_rate":0.0,"timestamp":1607739734,"path_taken":["M","$","?","M","?","R","M","E","T","R","?","E","M","E","R","BOSS","M","?","?","$","M","E","R","E","T","E","R","M","R","E","R","BOSS","M","?","?","$","M","M","E","R","T","E","$","?","?","M","R","BOSS"],"items_purchased_type":["Relic","Card","Relic","Card","Card","Relic","Card"],"build_version":"2020-11-30","purchased_purges":3,"victory":true,"max_hp_per_floor":[75,75,75,75,75,75,75,75,75,75,75,75,75,75,75,75,75,75,75,75,75,75,75,75,75,75,75,75,75,75,75,75,75,75,75,75,75,75,75,75,75,75,75,75,75,75,75,75,75,75],"card_choices":[{"not_picked":["TheCursedMod:CircleOfFlame","TheCursedMod:SmokeScreen"],"picked":"TheCursedMod:CircleOfAmplification","floor":1.0},{"not_picked":["TheCursedMod:SpitefulStrike","TheCursedMod:Stretching+1"],"picked":"TheCursedMod:RapidMovement+1","floor":4.0},{"not_picked":["TheCursedMod:Wield","TheCursedMod:ManaCirculation"],"picked":"TheCursedMod:AshesToAshes+1","floor":7.0},{"not_picked":["TheCursedMod:CircleOfFlame+1","TheCursedMod:VitalStrike"],"picked":"TheCursedMod:ReleasedKnowledge+1","floor":8.0},{"not_picked":["TheCursedMod:HellfireBreathing","TheCursedMod:Obscuration+1"],"picked":"TheCursedMod:CursedSpellbook+1","floor":12.0},{"not_picked":["TheCursedMod:CursedBlade","TheCursedMod:Stretching+1"],"picked":"TheCursedMod:CircleOfAmplification+1","floor":13.0},{"not_picked":["TheCursedMod:StingEye","TheCursedMod:CursedShiv"],"picked":"TheCursedMod:CursedBoomerang","floor":14.0},{"not_picked":["TheCursedMod:OutForBlood","TheCursedMod:ManaCirculation"],"picked":"TheCursedMod:DarkBarrier+1","floor":16.0},{"not_picked":["TheCursedMod:Torture+1","TheCursedMod:SpitefulStrike"],"picked":"TheCursedMod:SmokeScreen+1","floor":18.0},{"not_picked":["TheCursedMod:Stretching+1","TheCursedMod:CursedBoomerang"],"picked":"TheCursedMod:CursedStaff+1","floor":20.0},{"not_picked":["TheCursedMod:Evocation+1","TheCursedMod:SmokeScreen+1"],"picked":"TheCursedMod:UltimatePain+1","floor":21.0},{"not_picked":["TheCursedMod:Stretching+1","TheCursedMod:HellsGateOpen"],"picked":"TheCursedMod:Obscuration+1","floor":21.0},{"not_picked":["TheCursedMod:ManaBullet","TheCursedMod:Stretching+1"],"picked":"TheCursedMod:CollectTribute","floor":21.0},{"not_picked":["TheCursedMod:CircleOfCorruption+1","TheCursedMod:CircleOfWindfury+1"],"picked":"TheCursedMod:HellsGateOpen+1","floor":21.0},{"not_picked":["TheCursedMod:RapidMovement+1","TheCursedMod:SurpriseAttack"],"picked":"TheCursedMod:PrepareRite+1","floor":21.0},{"not_picked":["TheCursedMod:Stigma","TheCursedMod:Stretching+1"],"picked":"TheCursedMod:TroublousMinions+1","floor":22.0},{"not_picked":["TheCursedMod:VitalStrike","TheCursedMod:Stigma+1"],"picked":"TheCursedMod:ReleasedStrength+1","floor":23.0},{"not_picked":["TheCursedMod:Stretching+1","TheCursedMod:HellfireBreathing","TheCursedMod:Obscuration+1"],"picked":"SKIP","floor":25.0},{"not_picked":["TheCursedMod:CircleOfCorruption+1","TheCursedMod:FuryStrike"],"picked":"TheCursedMod:SmokeScreen+1","floor":27.0},{"not_picked":["TheCursedMod:Stigma","TheCursedMod:HellfireBreathing+1"],"picked":"TheCursedMod:AshesToAshes+1","floor":29.0},{"not_picked":["TheCursedMod:CircleOfFlame+1","TheCursedMod:CircleOfFocus+1"],"picked":"TheCursedMod:Torture+1","floor":31.0},{"not_picked":["TheCursedMod:Neurasthenia+1","TheCursedMod:AntiAging+1"],"picked":"TheCursedMod:CursedRelics","floor":33.0},{"not_picked":["TheCursedMod:Wield+1","TheCursedMod:AbyssShockwave"],"picked":"TheCursedMod:SpreadPlague+1","floor":35.0},{"not_picked":["TheCursedMod:EmpowerCircles+1","TheCursedMod:RavingStaff+1","TheCursedMod:FuryStrike"],"picked":"SKIP","floor":39.0},{"not_picked":["TheCursedMod:FleshFromBone+1","TheCursedMod:Stigma"],"picked":"TheCursedMod:CircleOfAmplification+1","floor":40.0},{"not_picked":["TheCursedMod:CursedMace","TheCursedMod:ForbiddenAlchemy+1"],"picked":"TheCursedMod:SaltUponWound+1","floor":41.0},{"not_picked":["TheCursedMod:TacticalStrike","TheCursedMod:RapidMovement+1"],"picked":"TheCursedMod:CursedMace+1","floor":44.0},{"not_picked":["TheCursedMod:VitalStrike+1","TheCursedMod:SpreadPlague+1"],"picked":"TheCursedMod:CircleOfAbyss+1","floor":46.0},{"not_picked":["TheCursedMod:SpitefulStrike+1","TheCursedMod:SmokeScreen+1"],"picked":"TheCursedMod:CursedBoomerang+1","floor":47.0},{"not_picked":["TheCursedMod:TroublousMinions+1","TheCursedMod:CircleOfCorruption+1"],"picked":"TheCursedMod:CursedSpellbook+1","floor":48.0},{"not_picked":["TheCursedMod:AntiAging+1","TheCursedMod:RapidMovement+1"],"picked":"TheCursedMod:CursedArmor+1","floor":49.0}],"player_experience":731766,"relics_obtained":[{"floor":8.0,"key":"PreservedInsect"},{"floor":9.0,"key":"Lantern"},{"floor":11.0,"key":"Toy Ornithopter"},{"floor":12.0,"key":"Gambling Chip"},{"floor":14.0,"key":"Ancient Tea Set"},{"floor":20.0,"key":"Red Mask"},{"floor":23.0,"key":"Bottled Tornado"},{"floor":25.0,"key":"MawBank"},{"floor":26.0,"key":"Frozen Egg 2"},{"floor":27.0,"key":"War Paint"},{"floor":31.0,"key":"Whetstone"},{"floor":34.0,"key":"Happy Flower"},{"floor":34.0,"key":"Letter Opener"},{"floor":34.0,"key":"Ice Cream"},{"floor":41.0,"key":"Dream Catcher"},{"floor":43.0,"key":"Pantograph"},{"floor":44.0,"key":"Regal Pillow"}],"event_choices":[{"cards_removed":["TheCursedMod:Strike_TheCursed"],"damage_healed":0.0,"max_hp_gain":0.0,"max_hp_loss":0.0,"gold_gain":0.0,"event_name":"The Cleric","player_choice":"Card Removal","floor":3.0,"gold_loss":50.0,"damage_taken":0.0},{"damage_healed":0.0,"max_hp_gain":0.0,"max_hp_loss":0.0,"gold_gain":0.0,"event_name":"World of Goop","player_choice":"Left Gold","floor":5.0,"gold_loss":20.0,"damage_taken":0.0},{"cards_removed":["TheCursedMod:Strike_TheCursed"],"damage_healed":0.0,"max_hp_gain":0.0,"max_hp_loss":0.0,"gold_gain":0.0,"event_name":"Back to Basics","player_choice":"Elegance","floor":19.0,"gold_loss":0.0,"damage_taken":0.0},{"damage_healed":0.0,"max_hp_gain":0.0,"max_hp_loss":0.0,"gold_gain":0.0,"event_name":"Masked Bandits","player_choice":"Fought Bandits","floor":20.0,"gold_loss":0.0,"damage_taken":0.0},{"cards_removed":["TheCursedMod:SmokeScreen"],"damage_healed":0.0,"max_hp_gain":0.0,"max_hp_loss":0.0,"gold_gain":0.0,"event_name":"Falling","player_choice":"Removed Skill","floor":36.0,"gold_loss":0.0,"damage_taken":0.0},{"cards_removed":["TheCursedMod:CircleOfAmplification"],"damage_healed":0.0,"max_hp_gain":0.0,"max_hp_loss":0.0,"gold_gain":0.0,"event_name":"WeMeetAgain","player_choice":"Gave Card","floor":37.0,"gold_loss":0.0,"damage_taken":0.0,"relics_obtained":["CeramicFish"]}],"is_beta":false,"boss_relics":[{"not_picked":["SlaversCollar","Astrolabe"],"picked":"Cursed Key"},{"not_picked":["Tiny House","Fusion Hammer"],"picked":"Calling Bell"}],"items_purged_floors":[21,38,45],"is_endless":false,"potions_floor_spawned":[1,4,7,14,16,20,25,27,40,41,46,48],"ascension_level":1}}