{"host":"msmkw03x1o7nq45i","time":1607759778,"event":{"mods":["AchievementEnabler","BaseMod","Bestiary","Colored Powertips","GifTheSpireLib","Highlight Path","Minty Spire (QoL Compilation)","Random Character Button","StSLib","everything is the same but u backflip on backflip"],"gold_per_floor":[109,109,59,69,80,115,115,133,133,466,62,62,76,76,76,147,197,214,214,489,502,521,549,562,582,582,97,97,114,126,142,142,142,142],"floor_reached":33,"playtime":1846,"items_purged":["Strike_R","Regret"],"score":489,"play_id":"fc16b10e-dfe3-4bfb-8584-e06751030155","local_time":"20201212095618","is_ascension_mode":true,"campfire_choices":[{"data":"Searing Blow","floor":7,"key":"SMITH"},{"data":"Searing Blow+2","floor":12,"key":"SMITH"},{"data":"Searing Blow+3","floor":15,"key":"SMITH"},{"data":"Searing Blow+4","floor":28,"key":"SMITH"},{"data":"Searing Blow+5","floor":32,"key":"SMITH"}],"circlet_count":0,"master_deck":["AscendersBane","Strike_R+1","Strike_R","Strike_R","Defend_R","Defend_R","Defend_R","Defend_R","Bash+1","Clothesline+1","Searing Blow+6","Dropkick","Headbutt","Cleave","Shockwave","Impervious","Dropkick","Pommel Strike","Ghostly Armor","Burning Pact"],"relics":["Coffee Dripper","Bottled Flame","Ginger","Old Coin","Whetstone","Happy Flower","Tiny House","Frozen Egg 2","Pear","Omamori"],"acts_visited":["Exordium","TheCity"],"potions_floor_usage":[10,16,23,25,25,29,33,33],"damage_taken":[{"damage":0,"enemies":"Cultist","floor":1,"turns":4},{"damage":2,"enemies":"Jaw Worm","floor":4,"turns":3},{"damage":3,"enemies":"Small Slimes","floor":5,"turns":3},{"damage":10,"enemies":"Lagavulin","floor":6,"turns":6},{"damage":0,"enemies":"2 Fungi Beasts","floor":8,"turns":2},{"damage":10,"enemies":"3 Sentries","floor":10,"turns":5},{"damage":10,"enemies":"Red Slaver","floor":13,"turns":2},{"damage":23,"enemies":"Hexaghost","floor":16,"turns":6},{"damage":5,"enemies":"Shell Parasite","floor":18,"turns":4},{"damage":4,"enemies":"Chosen","floor":21,"turns":4},{"damage":13,"enemies":"Centurion and Healer","floor":22,"turns":5},{"damage":27,"enemies":"Gremlin Leader","floor":23,"turns":6},{"damage":18,"enemies":"Snake Plant","floor":24,"turns":3},{"damage":4,"enemies":"Cultist and Chosen","floor":25,"turns":5},{"damage":6,"enemies":"Sentry and Sphere","floor":29,"turns":4},{"damage":0,"enemies":"Snake Plant","floor":30,"turns":2},{"damage":2,"enemies":"Cultist and Chosen","floor":31,"turns":4},{"damage":37,"enemies":"Collector","floor":33,"turns":7}],"seed_played":"-390858805384646073","potions_obtained":[{"floor":4,"key":"Strength Potion"},{"floor":8,"key":"Fire Potion"},{"floor":10,"key":"PowerPotion"},{"floor":16,"key":"CultistPotion"},{"floor":17,"key":"ColorlessPotion"},{"floor":21,"key":"BloodPotion"},{"floor":23,"key":"Block Potion"},{"floor":29,"key":"Explosive Potion"},{"floor":30,"key":"BloodPotion"}],"is_trial":false,"path_per_floor":["M","?","?","M","M","E","R","M","T","E","$","R","M","$","R","B",null,"M","?","?","M","M","E","M","M","T","$","R","M","M","M","R","B"],"character_chosen":"IRONCLAD","items_purchased":["Whetstone","Happy Flower","Shockwave","Ghostly Armor","Omamori","HeartOfIron","Weak Potion"],"campfire_rested":0,"item_purchase_floors":[11,11,11,27,27,27,27],"current_hp_per_floor":[72,72,72,70,67,57,57,57,57,47,47,47,37,37,37,14,69,64,64,64,60,47,20,2,15,25,25,25,19,19,17,17,0,0],"gold":142,"neow_bonus":"BOSS_RELIC","is_daily":false,"chose_seed":false,"campfire_upgraded":5,"win_rate":0.0,"timestamp":1607759778,"path_taken":["M","?","?","M","M","E","R","?","T","E","?","R","M","?","R","BOSS","M","?","?","?","M","E","M","M","T","$","R","M","M","M","R","BOSS"],"items_purchased_type":["Relic","Relic","Card","Card","Relic","Potion","Potion"],"build_version":"2020-11-30","purchased_purges":2,"victory":false,"max_hp_per_floor":[80,80,80,80,80,80,80,80,80,80,80,80,80,80,80,80,85,85,85,85,85,85,85,85,85,95,95,95,95,95,95,95,95,95],"card_choices":[{"not_picked":["Thunderclap","Hemokinesis"],"picked":"Clothesline","floor":1},{"not_picked":["Seeing Red","Carnage"],"picked":"Searing Blow","floor":4},{"not_picked":["Battle Trance","Iron Wave"],"picked":"Dropkick","floor":5},{"not_picked":["Shrug It Off","Pommel Strike"],"picked":"Headbutt","floor":6},{"not_picked":["Reckless Charge","Burning Pact"],"picked":"Cleave","floor":8},{"not_picked":["Wild Strike","Brutality","Headbutt"],"picked":"SKIP","floor":10},{"not_picked":["True Grit","Body Slam","Havoc"],"picked":"SKIP","floor":13},{"not_picked":["Reaper","Brutality"],"picked":"Impervious","floor":16},{"not_picked":["Seeing Red","Uppercut"],"picked":"Dropkick","floor":18},{"not_picked":["Clothesline","Headbutt","Dark Embrace"],"picked":"SKIP","floor":21},{"not_picked":["Clash","Infernal Blade+1","Clothesline"],"picked":"SKIP","floor":22},{"not_picked":["Havoc","Heavy Blade","Entrench"],"picked":"SKIP","floor":23},{"not_picked":["Brutality+1","Rage"],"picked":"Pommel Strike","floor":24},{"not_picked":["Headbutt","Warcry","Body Slam"],"picked":"SKIP","floor":25},{"not_picked":["Cleave","Sword Boomerang"],"picked":"Burning Pact","floor":29},{"not_picked":["Flex","Dark Embrace+1","Warcry"],"picked":"SKIP","floor":30},{"not_picked":["Armaments","Flex","Feel No Pain+1"],"picked":"SKIP","floor":31}],"player_experience":269839,"relics_obtained":[{"floor":6,"key":"Bottled Flame"},{"floor":9,"key":"Ginger"},{"floor":10,"key":"Old Coin"},{"floor":23,"key":"Frozen Egg 2"},{"floor":26,"key":"Pear"}],"event_choices":[{"damage_healed":0,"gold_gain":0,"player_choice":"Grow","damage_taken":0,"max_hp_gain":0,"max_hp_loss":0,"event_name":"Living Wall","floor":2,"gold_loss":0,"cards_upgraded":["Bash"]},{"cards_removed":["Strike_R"],"damage_healed":0,"gold_gain":0,"player_choice":"Card Removal","damage_taken":0,"max_hp_gain":0,"max_hp_loss":0,"event_name":"The Cleric","floor":3,"gold_loss":50},{"damage_healed":0,"gold_gain":0,"player_choice":"Ignored","damage_taken":0,"max_hp_gain":0,"max_hp_loss":0,"event_name":"Ghosts","floor":19,"gold_loss":0},{"damage_healed":0,"gold_gain":275,"player_choice":"Desecrate","damage_taken":0,"max_hp_gain":0,"max_hp_loss":0,"event_name":"Golden Shrine","floor":20,"gold_loss":0,"cards_obtained":["Regret"]}],"is_beta":false,"boss_relics":[{"not_picked":["SacredBark","Fusion Hammer"],"picked":"Tiny House"}],"items_purged_floors":[11,27],"is_endless":false,"potions_floor_spawned":[4,8,10,16,21,23,24,29,30],"killed_by":"Collector","ascension_level":13}}