{"host":"wqsqub3crsxqknzv","time":1607785396,"event":{"mods":["BaseMod","Better Third Choice","Colored Powertips","Conspire","Hubris","Infinite Spire","Jedi Mod","Minty Spire (QoL Compilation)","Replay The Spire","StSLib"],"gold_per_floor":[119,119,133,143,97,97,107,121,121,46,59,9,28,41,41,143,143,112,112,122,122,122],"floor_reached":21,"playtime":716,"items_purged":["Strike_R"],"score":175,"play_id":"781c2aa7-f921-43a4-92ba-ecfaa3bcd9b1","local_time":"20201212170316","is_ascension_mode":false,"campfire_choices":[{"data":"Bash","floor":6,"key":"SMITH"},{"data":"conspire:ExplosiveBarrier","floor":15,"key":"SMITH"}],"circlet_count":0,"master_deck":["Strike_R","Strike_R","Strike_R","Defend_R","Defend_R","Defend_R","Defend_R","Bash+1","Pummel+1","conspire:ExplosiveBarrier+1","hubris:StunningStrike+1","CurseOfTheBell","Searing Blow","infinitespire:Fortify","Whirlwind+1"],"relics":["Burning Blood","NeowsBlessing","betterThird:SlimedRelic","Another Sword","Calling Bell","ReplayTheSpireMod:Lightbulb","Mirror","CaptainsWheel","Guide Book"],"acts_visited":["Exordium","TheCity"],"potions_floor_usage":[8,13,16,16,21],"damage_taken":[{"damage":0,"enemies":"conspire:RoseBush","floor":1,"turns":1},{"damage":0,"enemies":"Cultist","floor":3,"turns":1},{"damage":0,"enemies":"infinitespire:Voidling","floor":4,"turns":1},{"damage":11,"enemies":"Large Slime","floor":7,"turns":6},{"damage":2,"enemies":"conspire:2 RoseBushes","floor":8,"turns":9},{"damage":5,"enemies":"Exordium Thugs","floor":11,"turns":4},{"damage":21,"enemies":"Large Slime","floor":13,"turns":5},{"damage":3,"enemies":"2 Fungi Beasts","floor":14,"turns":3},{"damage":28,"enemies":"Hexaghost","floor":16,"turns":16},{"damage":16,"enemies":"2 Thieves","floor":18,"turns":5},{"damage":42,"enemies":"Spheric Guardian","floor":20,"turns":10},{"damage":36,"enemies":"Shelled Parasite and Fungi","floor":21,"turns":12}],"seed_played":"4393396274090801535","potions_obtained":[{"floor":3,"key":"jedi:StrikingPotion"},{"floor":4,"key":"jedi:StrikingPotion"},{"floor":8,"key":"Adrenaline Potion"},{"floor":11,"key":"HeartOfIron"},{"floor":18,"key":"BlessingOfTheForge"}],"is_trial":false,"path_per_floor":["M","?","M","M","?","R","M","M","T","$","M","?","M","M","R","B",null,"M","AVR","M","M"],"character_chosen":"IRONCLAD","items_purchased":[],"campfire_rested":0,"item_purchase_floors":[],"current_hp_per_floor":[80,80,80,80,69,69,64,68,68,68,69,69,54,57,57,35,80,70,70,34,0,0],"gold":122,"neow_bonus":"THREE_ENEMY_KILL","is_daily":false,"chose_seed":false,"campfire_upgraded":2,"win_rate":0.0,"timestamp":1607785396,"path_taken":["M","?","?","?","?","R","M","M","T","?","?","?","M","M","R","BOSS","M","AVR","M","M"],"items_purchased_type":[],"build_version":"2020-11-29","purchased_purges":1,"victory":false,"max_hp_per_floor":[80,80,80,80,80,80,80,80,80,80,80,80,80,80,80,80,80,80,80,80,80,80],"card_choices":[{"not_picked":["Body Slam","Warcry"],"picked":"Pummel","floor":1},{"not_picked":["Body Slam","Pummel","Anger"],"picked":"SKIP","floor":3},{"not_picked":["Seeing Red","True Grit","Ghostly Armor"],"picked":"SKIP","floor":4},{"not_picked":["ReplayTheSpireMod:Muscle Training","Run Through"],"picked":"conspire:ExplosiveBarrier","floor":7},{"not_picked":["Ghostly Armor","Headbutt","True Grit"],"picked":"SKIP","floor":8},{"not_picked":["Run Through","Thunderclap","Cleave"],"picked":"SKIP","floor":11},{"not_picked":["hubris:ReadiedAction","Hemokinesis","Clash"],"picked":"SKIP","floor":13},{"not_picked":["Pommel Strike","Hemokinesis","Flame Barrier"],"picked":"SKIP","floor":14},{"not_picked":["Juggernaut","Brutality"],"picked":"hubris:StunningStrike","floor":16},{"not_picked":["Seeing Red","Rupture"],"picked":"Searing Blow","floor":18},{"not_picked":["Clothesline+1","Run Through"],"picked":"Whirlwind+1","floor":20}],"player_experience":0,"relics_obtained":[{"floor":9,"key":"Another Sword"},{"floor":17,"key":"ReplayTheSpireMod:Lightbulb"},{"floor":17,"key":"Mirror"},{"floor":17,"key":"CaptainsWheel"}],"event_choices":[{"damage_healed":0,"gold_gain":0,"player_choice":"Bought 0 Potions","damage_taken":0,"max_hp_gain":0,"max_hp_loss":0,"event_name":"The Woman in Blue","floor":2,"gold_loss":0},{"damage_healed":0,"gold_gain":0,"player_choice":"Slimed","damage_taken":11,"max_hp_gain":0,"max_hp_loss":0,"event_name":"betterThird:BetterGoop","floor":5,"gold_loss":46},{"cards_removed":["Strike_R"],"damage_healed":0,"gold_gain":0,"player_choice":"Card Removal","damage_taken":0,"max_hp_gain":0,"max_hp_loss":0,"event_name":"The Cleric","floor":12,"gold_loss":50}],"is_beta":false,"boss_relics":[{"not_picked":["Replay:Wanted Poster","Sozu"],"picked":"Calling Bell"}],"items_purged_floors":[10],"is_endless":false,"potions_floor_spawned":[3,4,8,11,18],"killed_by":"Shelled Parasite and Fungi","ascension_level":0}}