{"host":"Ian","time":1607789551,"event":{"mods":["BaseMod","Bestiary","Block Reminder","Colored Map","Highlight Path","Key Reminder","Minty Spire (QoL Compilation)","Relic Stats"],"gold_per_floor":[16,30,41,41,59,59,89,89,89,89,14,14,29,79,79,151,151,162,77,97,111,11,42,42,42,42,70,81,92,92,125,125,197,197,212,232,122,138,13,46,46,65,92,105,105,139,139,170,170,170,170,170],"floor_reached":51,"playtime":2642,"items_purged":["Strike_R","Strike_R","Strike_R"],"score":1490,"play_id":"b7a5e542-f83d-4279-9879-c2c71b1f3c67","local_time":"20201212161231","is_ascension_mode":true,"campfire_choices":[{"data":"Inflame","floor":6.0,"key":"SMITH"},{"data":"Uppercut","floor":8.0,"key":"SMITH"},{"data":"Sword Boomerang","floor":10.0,"key":"SMITH"},{"data":"Cleave","floor":12.0,"key":"SMITH"},{"data":"Defend_R","floor":15.0,"key":"SMITH"},{"floor":24,"key":"REST"},{"floor":30,"key":"REST"},{"floor":32,"key":"REST"},{"floor":41,"key":"RECALL"},{"floor":45,"key":"REST"},{"floor":49,"key":"REST"}],"circlet_count":0,"master_deck":["AscendersBane","Strike_R","Defend_R+1","Defend_R","Defend_R","Defend_R","Sword Boomerang+1","Cleave+1","Thunderclap","Inflame+1","Uppercut+1","Limit Break","Disarm","Armaments","Battle Trance+1","Shockwave","Headbutt","Offering","Shrug It Off","Dropkick+1","Inflame+1","Evolve","Shrug It Off","Ghostly Armor"],"relics":["Burning Blood","Lantern","Bottled Flame","Fusion Hammer","Blue Candle","Pen Nib","Bird Faced Urn","Boot","Champion Belt","Runic Cube","InkBottle","Omamori","Turnip"],"acts_visited":["Exordium","TheCity","TheBeyond"],"potions_floor_usage":[16,18,23,23,36,40,44,50],"damage_taken":[{"damage":4.0,"enemies":"Small Slimes","floor":1.0,"turns":4.0},{"damage":11.0,"enemies":"Jaw Worm","floor":2.0,"turns":4.0},{"damage":1.0,"enemies":"Cultist","floor":3.0,"turns":3.0},{"damage":11.0,"enemies":"Looter","floor":5.0,"turns":5.0},{"damage":20.0,"enemies":"Lagavulin","floor":7.0,"turns":6.0},{"damage":6.0,"enemies":"Lots of Slimes","floor":13.0,"turns":3.0},{"damage":22,"enemies":"The Guardian","floor":16,"turns":11},{"damage":10,"enemies":"Spheric Guardian","floor":18,"turns":4},{"damage":7,"enemies":"Chosen","floor":20,"turns":3},{"damage":10,"enemies":"3 Cultists","floor":21,"turns":3},{"damage":22,"enemies":"Slavers","floor":23,"turns":4},{"damage":34,"enemies":"Gremlin Leader","floor":27,"turns":6},{"damage":10,"enemies":"Centurion and Healer","floor":28,"turns":3},{"damage":24,"enemies":"Shelled Parasite and Fungi","floor":29,"turns":4},{"damage":27,"enemies":"Book of Stabbing","floor":31,"turns":5},{"damage":55,"enemies":"Collector","floor":33,"turns":8},{"damage":8,"enemies":"Orb Walker","floor":35,"turns":3},{"damage":10,"enemies":"3 Shapes","floor":36,"turns":7},{"damage":24,"enemies":"Maw","floor":38,"turns":4},{"damage":10,"enemies":"Nemesis","floor":40,"turns":3},{"damage":20,"enemies":"Jaw Worm Horde","floor":42,"turns":3},{"damage":6,"enemies":"Transient","floor":44,"turns":6},{"damage":27,"enemies":"Giant Head","floor":46,"turns":5},{"damage":41,"enemies":"Nemesis","floor":48,"turns":5},{"damage":89,"enemies":"Donu and Deca","floor":50,"turns":9},{"damage":27,"enemies":"Awakened One","floor":51,"turns":2}],"seed_played":"5181583065703244467","potions_obtained":[{"floor":2.0,"key":"CultistPotion"},{"floor":7.0,"key":"Dexterity Potion"},{"floor":13.0,"key":"PowerPotion"},{"floor":16,"key":"Ancient Potion"},{"floor":18,"key":"BlessingOfTheForge"},{"floor":28,"key":"BloodPotion"},{"floor":31,"key":"ColorlessPotion"},{"floor":36,"key":"PowerPotion"},{"floor":40,"key":"DistilledChaos"},{"floor":44,"key":"FearPotion"},{"floor":48,"key":"BloodPotion"}],"is_trial":false,"path_per_floor":["M","M","M","?","M","R","E","R","T","R","$","R","M","?","R","B",null,"M","?","M","M","$","E","R","?","T","E","M","M","R","E","R","B",null,"M","M","?","M","$","E","R","M","T","M","R","E","$","E","R","B","B"],"character_chosen":"IRONCLAD","items_purchased":[],"campfire_rested":5,"item_purchase_floors":[],"current_hp_per_floor":[84,79,84,84,79,79,65,65,65,65,65,65,65,57,57,41,77,73,73,72,68,68,52,78,78,78,52,50,34,60,41,67,20,72,72,87,87,71,71,71,71,59,59,63,89,70,70,41,67,7,0,0],"gold":170,"neow_bonus":"TWENTY_PERCENT_HP_BONUS","is_daily":false,"chose_seed":false,"campfire_upgraded":5,"win_rate":0.0,"timestamp":1607789551,"path_taken":["M","M","M","?","M","R","E","R","T","R","$","R","M","?","R","BOSS","M","?","M","M","$","E","R","?","T","E","?","M","R","E","R","BOSS","M","M","?","M","$","E","R","?","T","M","R","E","$","E","R","BOSS","BOSS"],"items_purchased_type":[],"build_version":"2020-12-07","purchased_purges":3,"victory":false,"max_hp_per_floor":[89,89,89,89,89,89,89,89,89,89,89,89,89,89,89,89,89,89,89,89,89,89,89,89,89,89,89,89,89,89,89,89,89,89,89,89,89,89,89,89,89,89,89,89,89,89,89,89,89,89,89,89],"relic_stats":{"counters":[26,123],"Blue Candle":[0],"Bird Faced Urn":[44],"Pen Nib":[13],"Turnip":[0],"Champion Belt":[53],"Boot":[53],"obtain_stats":[{"Lantern":7,"Blue Candle":19,"Pen Nib":23,"Omamori":46,"Boot":27,"Burning Blood":0,"keyreminder:keyreminder":31,"Bottled Flame":9,"Bird Faced Urn":26,"Fusion Hammer":17,"Turnip":48,"Champion Belt":31,"InkBottle":40,"Runic Cube":34},{"Lantern":5,"Blue Candle":8,"Pen Nib":11,"Omamori":23,"Boot":12,"Burning Blood":0,"keyreminder:keyreminder":15,"Bottled Flame":5,"Bird Faced Urn":11,"Fusion Hammer":7,"Turnip":24,"Champion Belt":15,"InkBottle":20,"Runic Cube":16},{"Lantern":22,"Blue Candle":40,"Pen Nib":50,"Omamori":107,"Boot":56,"Burning Blood":0,"keyreminder:keyreminder":68,"Bottled Flame":22,"Bird Faced Urn":50,"Fusion Hammer":36,"Turnip":112,"Champion Belt":68,"InkBottle":93,"Runic Cube":76}],"Burning Blood":150,"InkBottle":[11],"Runic Cube":[31]},"card_choices":[{"not_picked":["Heavy Blade","Warcry"],"picked":"Sword Boomerang","floor":1.0},{"not_picked":["Armaments","Second Wind"],"picked":"Cleave","floor":2.0},{"not_picked":["Flame Barrier","Shockwave"],"picked":"Thunderclap","floor":3.0},{"not_picked":["Rupture","Spot Weakness"],"picked":"Inflame","floor":5.0},{"not_picked":["Cleave","Ghostly Armor"],"picked":"Uppercut","floor":7.0},{"not_picked":["Clash","Havoc","Pommel Strike"],"picked":"SKIP","floor":13.0},{"not_picked":["Berserk","Demon Form"],"picked":"Limit Break","floor":16},{"not_picked":["Headbutt","Perfected Strike"],"picked":"Disarm","floor":18},{"not_picked":["Heavy Blade","Sever Soul"],"picked":"Armaments","floor":20},{"not_picked":["Havoc","Warcry"],"picked":"Battle Trance","floor":21},{"not_picked":["Evolve","Clothesline","Blood for Blood"],"picked":"SKIP","floor":23},{"not_picked":["Fiend Fire","Blood for Blood"],"picked":"Shockwave","floor":27},{"not_picked":["Searing Blow","Sentinel","Body Slam"],"picked":"SKIP","floor":28},{"not_picked":["Dark Embrace","True Grit"],"picked":"Headbutt","floor":29},{"not_picked":["Wild Strike","True Grit","Sentinel"],"picked":"SKIP","floor":31},{"not_picked":["Brutality","Exhume"],"picked":"Offering","floor":33},{"not_picked":["Pummel","Dual Wield"],"picked":"Shrug It Off","floor":35},{"not_picked":["Searing Blow","Body Slam+1"],"picked":"Dropkick+1","floor":36},{"not_picked":["Cleave","Rupture","Headbutt+1"],"picked":"SKIP","floor":38},{"not_picked":["Infernal Blade","Reckless Charge","Dark Embrace"],"picked":"SKIP","floor":40},{"not_picked":["Whirlwind+1","Hemokinesis"],"picked":"Inflame+1","floor":42},{"not_picked":["Headbutt","Uppercut"],"picked":"Evolve","floor":44},{"not_picked":["Evolve+1","Anger"],"picked":"Shrug It Off","floor":46},{"not_picked":["Second Wind","Evolve"],"picked":"Ghostly Armor","floor":48}],"player_experience":2503017,"relics_obtained":[{"floor":7.0,"key":"Lantern"},{"floor":9.0,"key":"Bottled Flame"},{"floor":23,"key":"Pen Nib"},{"floor":26,"key":"Bird Faced Urn"},{"floor":27,"key":"Boot"},{"floor":31,"key":"Champion Belt"},{"floor":40,"key":"InkBottle"},{"floor":46,"key":"Omamori"},{"floor":48,"key":"Turnip"}],"event_choices":[{"damage_healed":0.0,"max_hp_gain":0.0,"max_hp_loss":0.0,"gold_gain":0.0,"event_name":"The Cleric","player_choice":"Leave","floor":4.0,"gold_loss":0.0,"damage_taken":0.0},{"damage_healed":0.0,"max_hp_gain":0.0,"max_hp_loss":0.0,"gold_gain":50.0,"event_name":"FaceTrader","player_choice":"Touch","floor":14.0,"gold_loss":0.0,"damage_taken":8.0},{"damage_healed":0,"gold_gain":0,"player_choice":"Obtained Relic","damage_taken":0,"relics_obtained":["Blue Candle"],"max_hp_gain":0,"max_hp_loss":0,"event_name":"Addict","floor":19,"gold_loss":85},{"cards_removed":["Bash"],"damage_healed":0,"gold_gain":0,"player_choice":"Offered Basic","damage_taken":0,"max_hp_gain":0,"max_hp_loss":0,"event_name":"Bonfire Elementals","floor":25,"gold_loss":0},{"cards_removed":["Strike_R"],"damage_healed":0,"gold_gain":0,"player_choice":"Upgrade and Remove","damage_taken":0,"max_hp_gain":0,"max_hp_loss":0,"event_name":"Designer","floor":37,"gold_loss":110,"cards_upgraded":["Battle Trance"]}],"is_beta":true,"boss_relics":[{"not_picked":["SacredBark","Black Blood"],"picked":"Fusion Hammer"},{"not_picked":["Pandora\u0027s Box","Tiny House"],"picked":"Runic Cube"}],"items_purged_floors":[11,22,39],"is_endless":false,"potions_floor_spawned":[2,7,13,16,18,28,31,36,40,44,48],"killed_by":"Awakened One","ascension_level":20}}