{"host":"jm9833yuloeli2yd","time":1607807640,"event":{"mods":["AchievementEnabler","BaseMod","Better Altar","Better Match","Better Note","Better Sensory Stone","Better Skull","Better Vampires","Colored Map","Colored Powertips","DeckTracker","Minty Spire (QoL Compilation)","Permanent Neow","Quick Restart","Replay The Spire","StSLib","SuperFastMode"],"gold_per_floor":[116,116,116,135,12,12,43,43,43,43,43,69,8,26,91,165,165,179,192,211,221,232,232,232,258,258,287,300,575,30,49,49,120,120,137,152,77,87,137,172,182,216,216,236,236,247,247,247,257,257,257,261,273,273,273,9,45,59,59],"floor_reached":58,"playtime":2604,"items_purged":["Defend_B"],"score":2413,"play_id":"5df96e83-328c-43f8-8da2-51b61c1c9228","local_time":"20201212161400","is_ascension_mode":true,"campfire_choices":[{"data":"Zap","floor":6.0,"key":"SMITH"},{"data":"Doom and Gloom","floor":8.0,"key":"SMITH"},{"data":"Self Repair","floor":10.0,"key":"SMITH"},{"floor":23.0,"key":"REST"},{"data":"Mirror Shield","floor":32.0,"key":"SMITH"},{"data":"Seek","floor":45.0,"key":"SMITH"},{"floor":51.0,"key":"RECALL"},{"data":"Mirror Shield","floor":55,"key":"SMITH"}],"circlet_count":0,"master_deck":["AscendersBane","Defend_B","Defend_B+1","Defend_B+1","Zap+1","Dualcast","Loop+1","Self Repair+1","Capacitor+1","Doom and Gloom+1","Electrodynamics","Defragment+1","Go for the Eyes","Ball Lightning","Mirror Shield+1","Beam Cell","Defragment+1","Mirror Shield+1","Genetic Algorithm","Bite","Bite","Bite","Bite","Coolheaded","Hologram","Compile Driver","ReplayTheSpireMod:Private Reserves","Capacitor","Seek+1","CurseOfTheBell","Time Bomb+1","Machine Learning+1","Looming Evil","Undo+1","Static Discharge","Undo+1","Amnesia","Spreading Infection","Buffer+1","FTL","Replay:Hysterical Blindness","Delirium","Amnesia","ReplaySolidLightProjector+1","Panacea+1","Overencumbered"],"relics":["Cracked Core","Geode","Replay:Baseball","Snack Pack","Sundial","Bag of Preparation","Omamori","Cursed Key","Simple Rune","Mummified Hand","Pet Ghost","Runic Capacitor","Replay:Bottled Steam","Calling Bell","Happy Flower","Golden Egg","Pondfish Scales","Ring of Greed","Ring of Misfortune","Blue Doll","Membership Card","Counterbalance","Blue Candle","Replay:Bandana","Toy Ornithopter","Torii","Bird Faced Urn"],"acts_visited":["Exordium","TheCity","TheBeyond","TheEnding"],"potions_floor_usage":[53,58,58],"damage_taken":[{"damage":2.0,"enemies":"Jaw Worm","floor":1.0,"turns":2.0},{"damage":10.0,"enemies":"2 Louse","floor":4.0,"turns":2.0},{"damage":15.0,"enemies":"Lagavulin","floor":7.0,"turns":7.0},{"damage":15.0,"enemies":"Replay:BlueRogue","floor":12.0,"turns":5.0},{"damage":3.0,"enemies":"Small Slimes","floor":14.0,"turns":1.0},{"damage":26.0,"enemies":"Lagavulin Event","floor":15.0,"turns":5.0},{"damage":34.0,"enemies":"The Guardian","floor":16.0,"turns":9.0},{"damage":27.0,"enemies":"3 Byrds","floor":18.0,"turns":4.0},{"damage":4.0,"enemies":"Chosen","floor":19.0,"turns":3.0},{"damage":24.0,"enemies":"Snake Plant","floor":20.0,"turns":3.0},{"damage":18.0,"enemies":"Shelled Parasite and Fungi","floor":21.0,"turns":5.0},{"damage":13.0,"enemies":"3 Cultists","floor":22.0,"turns":4.0},{"damage":33.0,"enemies":"Gremlin Leader","floor":25.0,"turns":5.0},{"damage":0.0,"enemies":"Slavers","floor":27.0,"turns":5.0},{"damage":1.0,"enemies":"Snake Plant","floor":28.0,"turns":4.0},{"damage":20.0,"enemies":"Cultist and Chosen","floor":31.0,"turns":4.0},{"damage":14.0,"enemies":"Collector","floor":33.0,"turns":8.0},{"damage":0.0,"enemies":"Orb Walker","floor":35.0,"turns":3.0},{"damage":4.0,"enemies":"3 Shapes","floor":36.0,"turns":3.0},{"damage":28.0,"enemies":"Sphere and 2 Shapes","floor":38.0,"turns":3.0},{"damage":0.0,"enemies":"Reptomancer","floor":40.0,"turns":5.0},{"damage":8.0,"enemies":"Writhing Mass","floor":41.0,"turns":5.0},{"damage":0.0,"enemies":"Giant Head","floor":42.0,"turns":7.0},{"damage":26.0,"enemies":"Jaw Worm Horde","floor":44.0,"turns":3.0},{"damage":13.0,"enemies":"3 Darklings","floor":46.0,"turns":3.0},{"damage":13.0,"enemies":"Writhing Mass","floor":49.0,"turns":6.0},{"damage":0.0,"enemies":"Time Eater","floor":52.0,"turns":8.0},{"damage":37,"enemies":"Awakened One","floor":53,"turns":15},{"damage":33,"enemies":"Shield and Spear","floor":57,"turns":5},{"damage":73,"enemies":"The Heart","floor":58,"turns":11}],"seed_played":"8555224721084203303","potions_obtained":[{"floor":1.0,"key":"Block Potion"},{"floor":14.0,"key":"Strength Potion"},{"floor":15.0,"key":"Regen Potion"},{"floor":18.0,"key":"SteroidPotion"},{"floor":25.0,"key":"Block Potion"},{"floor":27.0,"key":"Energy Potion"},{"floor":33.0,"key":"Dexterity Potion"},{"floor":44.0,"key":"Dexterity Potion"},{"floor":57,"key":"AttackPotion"}],"is_trial":false,"path_per_floor":["M","?","?","M","$","R","E","R","T","R","?","E","$","M","R_BF","B",null,"M","M","M","M","M","R","?","E","T","E","M","?","$","M","R","B",null,"M","M","$","M","?","E","M","E","T","M","R","M","PTL","PTL","M","?","R_BF","B","B",null,"R","$","E","B"],"character_chosen":"DEFECT","items_purchased":["Capacitor+1","AttackPotion","Defragment+1","Runic Capacitor","ReplayTheSpireMod:Private Reserves","Replay:Bottled Steam","Torii","ReplaySolidLightProjector+1","Panacea","Block Potion"],"campfire_rested":1,"item_purchase_floors":[5,5,13,30,30,30,56,56,56,56],"current_hp_per_floor":[62,57,57,47,47,47,39,39,39,39,44,39,39,36,20,15,61,46,54,32,24,11,33,33,12,12,28,29,29,29,27,27,43,54,57,55,55,39,39,57,57,57,57,43,43,34,34,34,37,13,13,32,36,52,52,52,27,0,0],"gold":59,"neow_bonus":"RANDOM_COMMON_RELIC","is_daily":false,"chose_seed":false,"campfire_upgraded":6,"win_rate":0.0,"timestamp":1607807640,"path_taken":["M","?","?","M","$","R","E","R","T","R","?","E","?","M","R_BF","BOSS","M","M","?","M","M","R","?","E","T","E","M","?","$","?","R","BOSS","M","M","$","?","?","E","M","E","T","M","R","M","PTL","PTL","M","?","R_BF","BOSS","BOSS","R","$","E","BOSS"],"items_purchased_type":["Card","Potion","Card","Relic","Card","Relic","Relic","Card","Card","Potion"],"build_version":"2020-11-30","purchased_purges":1,"victory":false,"max_hp_per_floor":[71,71,71,71,71,71,71,71,71,71,76,76,76,76,76,76,76,76,76,76,76,76,76,57,57,57,57,57,57,57,57,57,57,57,57,57,57,57,57,57,57,57,57,57,57,57,57,57,57,57,57,57,57,57,57,57,57,57,57],"card_choices":[{"not_picked":["Steam","Rebound"],"picked":"Loop","floor":1.0},{"not_picked":["Beam Cell","Leap"],"picked":"Self Repair","floor":4.0},{"not_picked":["Cold Snap","Chaos"],"picked":"Doom and Gloom","floor":7.0},{"not_picked":["Doom and Gloom","Redo"],"picked":"Electrodynamics","floor":12.0},{"not_picked":["BasicCrystalCard","Turbo"],"picked":"Go for the Eyes","floor":14.0},{"not_picked":["Turbo","BasicCrystalCard"],"picked":"Ball Lightning","floor":15.0},{"not_picked":["All For One","Electrodynamics"],"picked":"Mirror Shield","floor":16.0},{"not_picked":["Streamline","BasicCrystalCard"],"picked":"Beam Cell","floor":18.0},{"not_picked":["Rip and Tear","Hologram"],"picked":"Defragment+1","floor":19.0},{"not_picked":["Coolheaded","ReplaySolidLightProjector+1"],"picked":"Mirror Shield","floor":20.0},{"not_picked":["Rebound","Turbo"],"picked":"Genetic Algorithm","floor":21.0},{"not_picked":["Blizzard","ReplayTheSpireMod:System Scan","Redo"],"picked":"SKIP","floor":22.0},{"not_picked":["ReplayTheSpireMod:Reroute Power+1","BasicCrystalCard"],"picked":"Coolheaded","floor":25.0},{"not_picked":["Cold Snap+1","Beam Cell"],"picked":"Hologram","floor":27.0},{"not_picked":["Panic Button","Meteor Strike"],"picked":"Compile Driver","floor":28.0},{"not_picked":["Streamline","Undo"],"picked":"Capacitor","floor":31.0},{"not_picked":["Hyperbeam","Mirror Shield"],"picked":"Seek","floor":33.0},{"not_picked":["BasicCrystalCard","Redo"],"picked":"Time Bomb+1","floor":35.0},{"not_picked":["Coolheaded","Barrage","Leap+1"],"picked":"SKIP","floor":36.0},{"not_picked":["Barrage","Turbo"],"picked":"Machine Learning","floor":38.0},{"not_picked":["Sweeping Beam","Barrage"],"picked":"Undo+1","floor":40.0},{"not_picked":["Scrape","Chaos"],"picked":"Static Discharge","floor":41.0},{"not_picked":["BasicCrystalCard","Leap+1"],"picked":"Undo+1","floor":42.0},{"not_picked":["Go for the Eyes+1","Beam Cell","Redo"],"picked":"SKIP","floor":44.0},{"not_picked":["Go for the Eyes","Streamline"],"picked":"Buffer","floor":46.0},{"not_picked":["Time Bomb+1","Steam"],"picked":"FTL","floor":49.0},{"not_picked":["Turbo","Crystallizer","Gash"],"picked":"SKIP","floor":57}],"player_experience":1036691,"relics_obtained":[{"floor":7.0,"key":"Snack Pack"},{"floor":9.0,"key":"Sundial"},{"floor":12.0,"key":"Bag of Preparation"},{"floor":25.0,"key":"Simple Rune"},{"floor":26.0,"key":"Mummified Hand"},{"floor":27.0,"key":"Pet Ghost"},{"floor":34.0,"key":"Happy Flower"},{"floor":34.0,"key":"Golden Egg"},{"floor":34.0,"key":"Pondfish Scales"},{"floor":39.0,"key":"Ring of Greed"},{"floor":39.0,"key":"Ring of Misfortune"},{"floor":39.0,"key":"Blue Doll"},{"floor":39.0,"key":"Membership Card"},{"floor":40.0,"key":"Counterbalance"},{"floor":42.0,"key":"Blue Candle"},{"floor":57,"key":"Bird Faced Urn"}],"event_choices":[{"damage_healed":0.0,"max_hp_gain":0.0,"max_hp_loss":0.0,"gold_gain":0.0,"event_name":"Scrap Ooze","player_choice":"Success","floor":2.0,"gold_loss":0.0,"damage_taken":5.0,"relics_obtained":["Replay:Baseball"]},{"damage_healed":0.0,"max_hp_gain":0.0,"max_hp_loss":0.0,"gold_gain":0.0,"event_name":"Living Wall","player_choice":"Grow","floor":3.0,"gold_loss":0.0,"damage_taken":0.0,"cards_upgraded":["Loop"]},{"damage_healed":0.0,"max_hp_gain":5.0,"max_hp_loss":0.0,"gold_gain":0.0,"event_name":"Big Fish","player_choice":"Donut","floor":11.0,"gold_loss":0.0,"damage_taken":0.0},{"damage_healed":0.0,"max_hp_gain":0.0,"max_hp_loss":0.0,"gold_gain":0.0,"event_name":"Dead Adventurer","player_choice":"Searched \u00273\u0027 times","floor":15.0,"gold_loss":0.0,"damage_taken":0.0,"relics_obtained":["Omamori"]},{"damage_healed":0.0,"max_hp_gain":0.0,"max_hp_loss":19.0,"gold_gain":0.0,"event_name":"Vampires","player_choice":"Became a vampire","floor":24.0,"gold_loss":0.0,"damage_taken":0.0,"cards_obtained":["Bite","Bite","Bite","Bite"]},{"damage_healed":0.0,"max_hp_gain":0.0,"max_hp_loss":0.0,"gold_gain":275.0,"event_name":"Golden Shrine","player_choice":"Desecrate","floor":29.0,"gold_loss":0.0,"damage_taken":0.0,"cards_obtained":["Regret"]},{"damage_healed":0.0,"max_hp_gain":0.0,"max_hp_loss":0.0,"gold_gain":0.0,"event_name":"betterSkull:BetterSkull","player_choice":"RE RE ","floor":50.0,"gold_loss":0.0,"damage_taken":28.0,"cards_upgraded":[],"relics_obtained":["Replay:Bandana","Toy Ornithopter"]}],"is_beta":false,"boss_relics":[{"not_picked":["Velvet Choker","Astrolabe"],"picked":"Cursed Key"},{"not_picked":["Snecko Eye","Replay:Grab Bag"],"picked":"Calling Bell"}],"items_purged_floors":[37],"is_endless":false,"potions_floor_spawned":[1,14,15,18,21,25,27,33,36,38,44,57],"killed_by":"The Heart","ascension_level":20}}