{"host":"kv06jx36eid0zw4n","time":1607807015,"event":{"mods":["AchievementEnabler","Act Like it!","Aspiration","BaseMod","Beaked The Cultist","Better Note","Better Skull","Better Third Choice","BetterRewards","Block Reminder","CCEM","Colored Map","Conspire","Curses Come First","Dota2Spire","Elementarium","Energized Spire","Friendly Minions","Gensokyo","GifTheSpireLib","Glutton Mod","GungeonMod","Halation","Hallownest","Hermit","Hubris","Infinite Spire","Key Reminder","KomeijiMod","Lobotomy","LobotomyExtend","Mimic Mod","Minty Spire (QoL Compilation)","MostiFishMod","Pale of the Ancients","Prisma Mod","Quarter Circle Forward PUNCH!","Rare Cards Sparkle","Replay The Spire","RumiaBox-????????","Small Relic Pack","Spicy Shops","StSLib","Stuff the Spire","The Blue Laboratory","The Cursed","The Judge","TheBandit","Trackpad","Uncapped","Wandering Minibosses","[IsaacMod]????","vexMod"],"gold_per_floor":[112,129,0,12,28,28,63,63],"floor_reached":7,"playtime":549,"items_purged":[],"score":119,"play_id":"35767dc5-f5c5-48c7-b315-18b5c127cc58","local_time":"20201212220335","is_ascension_mode":true,"campfire_choices":[{"floor":6,"key":"RECALL"}],"circlet_count":0,"master_deck":["AscendersBane","Strike_G","Strike_G","Strike_G","Strike_G","Strike_G","Defend_G","Defend_G","Defend_G","Defend_G","Defend_G","Survivor","Neutralize","Venomology","Poisoned Stab","Deadly Poison","Flying Knee","Masterful Stab","Venomology"],"relics":["Ring of the Snake","DaveBox","HushsDoor","RhineSuit","MoneyPower","Question Card","LetterFromLob","relicPack:WeightedSword","keyreminder:keyreminder","DemoMod:GlassGuonStoneRelic","trackpad:GuardianSpirit"],"acts_visited":["Hallownest:Greenpath"],"potions_floor_usage":[5,7,7],"damage_taken":[{"damage":7,"enemies":"Hallownest:monsterHuskGuard","floor":1,"turns":2},{"damage":0,"enemies":"Hallownest:2_MossCreeps","floor":2,"turns":4},{"damage":0,"enemies":"Hallownest:2_Tiktiks_and_1_Crawlid","floor":4,"turns":3},{"damage":2,"enemies":"Hallownest:MossCreep_and_Mosskin","floor":5,"turns":4},{"damage":0,"enemies":"Hallownest:eliteCrystalGuardian","floor":7,"turns":4}],"seed_played":"-407379679527456737","potions_obtained":[{"floor":4,"key":"Adrenaline Potion"}],"is_trial":false,"path_per_floor":["M","M","$","M","M","R","E"],"character_chosen":"THE_SILENT","items_purchased":["relicPack:WeightedSword","Flying Knee"],"campfire_rested":0,"item_purchase_floors":[3,3],"current_hp_per_floor":[56,56,56,56,54,54,54,54],"gold":63,"neow_bonus":"ONE_RANDOM_RARE_CARD","is_daily":false,"chose_seed":false,"campfire_upgraded":0,"win_rate":0.0,"timestamp":1607807015,"path_taken":["M","M","$","M","M","R","E"],"items_purchased_type":["Relic","Card"],"build_version":"2020-11-30","purchased_purges":0,"victory":false,"max_hp_per_floor":[70,70,70,70,70,70,70,70],"card_choices":[{"not_picked":[],"picked":"ChaosCard","floor":0},{"not_picked":["Slice","Dodge and Roll"],"picked":"Poisoned Stab","floor":1},{"not_picked":["Cloak And Dagger","Blade Dance","StuffTheSpire:Sprint"],"picked":"Deadly Poison","floor":2},{"not_picked":["Eviscerate","Draining Mist","Slice"],"picked":"Masterful Stab","floor":4},{"not_picked":["MostiFishMod:ThornCasing","Deflect","StuffTheSpire:BumpUp"],"picked":"Venomology","floor":5}],"player_experience":1606690,"relics_obtained":[{"floor":1,"key":"Question Card"},{"floor":1,"key":"LetterFromLob"},{"floor":7,"key":"trackpad:GuardianSpirit"}],"event_choices":[],"is_beta":false,"boss_relics":[],"items_purged_floors":[],"is_endless":false,"potions_floor_spawned":[4,7],"killed_by":"Hallownest:eliteCrystalGuardian","ascension_level":12}}