{"host":"2461dio7vetlq1z3","time":1607787540,"event":{"mods":["AchievementEnabler","Aspiration","BaseMod","Hermit","Lobotomy","Minty Spire (QoL Compilation)","Relic Stats","Spicy Shops","StSLib","Waifu the Spire"],"gold_per_floor":[116,47,58,68,68,68,93,93,93,122,149,149,160,194,194,269,269,286,304,80,80,80,113,124,124,151,151,164,190,190,190],"floor_reached":30,"playtime":1598,"items_purged":["Strike_B"],"score":472,"play_id":"eef40a44-b872-4505-88a2-9fb12a6537ad","local_time":"20201212163900","is_ascension_mode":true,"campfire_choices":[{"data":"Hyperbeam","floor":6,"key":"SMITH"},{"data":"Recycle","floor":8,"key":"SMITH"},{"data":"Creative AI","floor":12,"key":"SMITH"},{"data":"Hologram","floor":15,"key":"SMITH"},{"floor":25,"key":"REST"},{"floor":27,"key":"REST"}],"circlet_count":0,"master_deck":["AscendersBane","Strike_B","Strike_B","Defend_B","Defend_B","Defend_B","Defend_B","Zap","Dualcast","Hyperbeam+1","Auto Shields","Echo Form","Recycle+1","Steam","Creative AI+1","Force Field","Hologram+1","Force Field","Creative AI","Go for the Eyes+1","Reinforced Body","BootSequence"],"relics":["Cracked Core","aspiration:FetidBarrel","aspiration:FrozenJewel","Pantograph","Odd Mushroom","WingedGreaves","SlaversCollar","OrangePellets","Potion Belt","Happy Flower","Bronze Scales"],"acts_visited":["Exordium","TheCity"],"potions_floor_usage":[14,23,29],"damage_taken":[{"damage":0,"enemies":"2 Louse","floor":1,"turns":1},{"damage":0,"enemies":"Small Slimes","floor":3,"turns":2},{"damage":0,"enemies":"Cultist","floor":4,"turns":3},{"damage":12,"enemies":"Gremlin Nob","floor":7,"turns":3},{"damage":10,"enemies":"3 Sentries","floor":10,"turns":4},{"damage":0,"enemies":"The Mushroom Lair","floor":11,"turns":2},{"damage":0,"enemies":"Red Slaver","floor":13,"turns":4},{"damage":2,"enemies":"Gremlin Nob","floor":14,"turns":4},{"damage":16,"enemies":"Hexaghost","floor":16,"turns":9},{"damage":19,"enemies":"2 Thieves","floor":18,"turns":3},{"damage":6,"enemies":"3 Byrds","floor":19,"turns":4},{"damage":35,"enemies":"Gremlin Leader","floor":23,"turns":8},{"damage":8,"enemies":"Centurion and Healer","floor":24,"turns":4},{"damage":3,"enemies":"Snecko","floor":28,"turns":10},{"damage":50,"enemies":"Book of Stabbing","floor":29,"turns":9},{"damage":14,"enemies":"Slavers","floor":30,"turns":1}],"seed_played":"8320452527800043984","potions_obtained":[{"floor":3,"key":"AttackPotion"},{"floor":4,"key":"Block Potion"},{"floor":11,"key":"Energy Potion"},{"floor":19,"key":"SteroidPotion"},{"floor":28,"key":"Regen Potion"}],"is_trial":false,"path_per_floor":["M","$","M","M","?","R","E","R","T","E","?","R","M","E","R","B",null,"M","M","$","?","$","E","M","R","T","R","M","E","E"],"character_chosen":"DEFECT","items_purchased":["Echo Form","OrangePellets"],"campfire_rested":2,"item_purchase_floors":[2,20],"current_hp_per_floor":[50,50,50,50,75,75,63,63,63,53,53,53,53,51,51,59,71,52,46,46,46,46,11,3,25,25,47,44,9,0,0],"gold":190,"neow_bonus":"THREE_RARE_CARDS","is_daily":false,"chose_seed":false,"campfire_upgraded":4,"win_rate":0.0,"timestamp":1607787540,"path_taken":["M","$","M","M","?","R","E","R","T","E","?","R","M","E","R","BOSS","M","M","$","?","?","E","?","R","T","R","M","E","E"],"items_purchased_type":["Card","Relic"],"build_version":"2020-11-30","purchased_purges":1,"victory":false,"max_hp_per_floor":[75,75,75,75,75,75,75,75,75,75,75,75,75,75,75,75,75,75,75,75,75,75,75,75,75,75,75,75,75,75,75],"relic_stats":{"OrangePellets":[4],"Happy Flower":[6],"counters":[16,71],"Pantograph":24,"Bronze Scales":[6],"obtain_stats":[{"Potion Belt":23,"SlaversCollar":17,"OrangePellets":20,"Happy Flower":26,"aspiration:FetidBarrel":7,"Pantograph":10,"Bronze Scales":29,"WingedGreaves":14,"Odd Mushroom":11,"Cracked Core":0,"aspiration:FrozenJewel":9},{"Potion Belt":12,"SlaversCollar":9,"OrangePellets":11,"Happy Flower":13,"aspiration:FetidBarrel":4,"Pantograph":5,"Bronze Scales":15,"WingedGreaves":8,"Odd Mushroom":6,"Cracked Core":0,"aspiration:FrozenJewel":4},{"Potion Belt":47,"SlaversCollar":32,"OrangePellets":39,"Happy Flower":51,"aspiration:FetidBarrel":9,"Pantograph":13,"Bronze Scales":70,"WingedGreaves":23,"Odd Mushroom":15,"Cracked Core":0,"aspiration:FrozenJewel":9}]},"card_choices":[{"not_picked":["Thunder Strike","Amplify"],"picked":"Hyperbeam","floor":0},{"not_picked":["Turbo","White Noise"],"picked":"Auto Shields","floor":1},{"not_picked":["Streamline","Coolheaded"],"picked":"Recycle","floor":3},{"not_picked":["Barrage","Stack"],"picked":"Steam","floor":4},{"not_picked":["Compile Driver","Loop"],"picked":"Creative AI","floor":7},{"not_picked":["Coolheaded","Leap"],"picked":"Force Field","floor":10},{"not_picked":["Barrage","Self Repair"],"picked":"Hologram","floor":11},{"not_picked":["Consume","Aggregate","Ball Lightning"],"picked":"SKIP","floor":13},{"not_picked":["Ball Lightning","Heatsinks"],"picked":"Force Field","floor":14},{"not_picked":["Rainbow","Machine Learning"],"picked":"Creative AI","floor":16},{"not_picked":["Cold Snap","Coolheaded"],"picked":"Go for the Eyes+1","floor":18},{"not_picked":["Conserve Battery","Rebound"],"picked":"Reinforced Body","floor":19},{"not_picked":["Beam Cell","Heatsinks","Hello World"],"picked":"SKIP","floor":23},{"not_picked":["Barrage","aspiration:Polymerization","Leap"],"picked":"SKIP","floor":24},{"not_picked":["Rip and Tear","Coolheaded"],"picked":"BootSequence","floor":28},{"not_picked":["Recycle","Electrodynamics","Scrape+1"],"picked":"SKIP","floor":29}],"player_experience":646011,"relics_obtained":[{"floor":7,"key":"aspiration:FetidBarrel"},{"floor":9,"key":"aspiration:FrozenJewel"},{"floor":10,"key":"Pantograph"},{"floor":11,"key":"Odd Mushroom"},{"floor":14,"key":"WingedGreaves"},{"floor":23,"key":"Potion Belt"},{"floor":26,"key":"Happy Flower"},{"floor":29,"key":"Bronze Scales"}],"event_choices":[{"damage_healed":25,"gold_gain":0,"player_choice":"Banana","damage_taken":0,"max_hp_gain":0,"max_hp_loss":0,"event_name":"Big Fish","floor":5,"gold_loss":0},{"damage_healed":0,"gold_gain":0,"player_choice":"Fought Mushrooms","damage_taken":0,"max_hp_gain":0,"max_hp_loss":0,"event_name":"Mushrooms","floor":11,"gold_loss":0},{"cards_removed":["Strike_B"],"damage_healed":0,"gold_gain":0,"player_choice":"Purged","damage_taken":0,"max_hp_gain":0,"max_hp_loss":0,"event_name":"Purifier","floor":21,"gold_loss":0}],"is_beta":false,"boss_relics":[{"not_picked":["Inserter","aspiration:SilentSkillbook"],"picked":"SlaversCollar"}],"items_purged_floors":[20],"is_endless":false,"potions_floor_spawned":[3,4,11,19,28],"killed_by":"Slavers","ascension_level":13}}