{"host":"foq4mrde4mssg7vt","time":1607802804,"event":{"mods":["AchievementEnabler","BaseMod","Colored Map","Colored Powertips","Highlight Path","Minty Spire (QoL Compilation)","Relic Stats","everything is the same but u backflip on backflip"],"gold_per_floor":[368,384,150,225,243,276,276,276,303,317,350,365,56,89,89,184,184,203,235,235,251,54,85,85,184,184,203,229,279,279,292,292,405,405,419,444,503,140,362,390,390,401,410,445,445,445,459,493,493,493,493,493,24,53,53],"floor_reached":56,"playtime":3067,"items_purged":["Strike_G","Strike_G","Strike_G","Writhe"],"score":1662,"play_id":"fd41c484-a1c2-4f20-a4b0-e7295a300007","local_time":"20201213035324","is_ascension_mode":true,"campfire_choices":[{"floor":7.0,"key":"REST"},{"data":"Bouncing Flask","floor":15.0,"key":"SMITH"},{"data":"Wraith Form v2","floor":24.0,"key":"SMITH"},{"floor":30.0,"key":"REST"},{"data":"After Image","floor":32.0,"key":"SMITH"},{"data":"Footwork","floor":41.0,"key":"SMITH"},{"data":"Catalyst","floor":46.0,"key":"SMITH"},{"floor":49.0,"key":"RECALL"},{"data":"Well Laid Plans","floor":52.0,"key":"SMITH"}],"circlet_count":0,"master_deck":["Defend_G","Defend_G","Defend_G","Defend_G","Defend_G","Survivor","Neutralize","Dagger Spray","Infinite Blades","Footwork+1","Dagger Throw","PiercingWail","Dodge and Roll","Glass Knife","Bouncing Flask+1","PiercingWail","After Image+1","Poisoned Stab+1","Noxious Fumes+1","Caltrops","Wraith Form v2+1","Blur","Well Laid Plans+1","Crippling Poison+1","Burst","Deflect+1","Cloak And Dagger+1","Catalyst+1","Acrobatics+1","Footwork","Footwork"],"relics":["Ring of the Snake","Snake Skull","Meat on the Bone","Smiling Mask","Nunchaku","Paper Crane","StrikeDummy","Cursed Key","Red Mask","CeramicFish","Philosopher\u0027s Stone","Torii","Pantograph","Bag of Preparation","Blood Vial","Centennial Puzzle","Frozen Eye","InkBottle","Ice Cream"],"acts_visited":["Exordium","TheCity","TheBeyond","TheEnding"],"potions_floor_usage":[55],"damage_taken":[{"damage":0.0,"enemies":"2 Louse","floor":1.0,"turns":3.0},{"damage":5.0,"enemies":"Cultist","floor":2.0,"turns":4.0},{"damage":0.0,"enemies":"Small Slimes","floor":5.0,"turns":3.0},{"damage":26.0,"enemies":"Gremlin Nob","floor":6.0,"turns":4.0},{"damage":0.0,"enemies":"3 Louse","floor":10.0,"turns":3.0},{"damage":20.0,"enemies":"Lagavulin","floor":11.0,"turns":9.0},{"damage":0.0,"enemies":"Blue Slaver","floor":12.0,"turns":4.0},{"damage":17.0,"enemies":"3 Sentries","floor":14.0,"turns":8.0},{"damage":25.0,"enemies":"Slime Boss","floor":16.0,"turns":9.0},{"damage":5.0,"enemies":"3 Byrds","floor":18.0,"turns":5.0},{"damage":21.0,"enemies":"Masked Bandits","floor":19.0,"turns":4.0},{"damage":4.0,"enemies":"2 Thieves","floor":21.0,"turns":5.0},{"damage":17.0,"enemies":"Gremlin Leader","floor":23.0,"turns":6.0},{"damage":8.0,"enemies":"Snecko","floor":27.0,"turns":7.0},{"damage":14.0,"enemies":"Shelled Parasite and Fungi","floor":28.0,"turns":6.0},{"damage":4.0,"enemies":"Sentry and Sphere","floor":31.0,"turns":4.0},{"damage":0.0,"enemies":"Automaton","floor":33.0,"turns":8.0},{"damage":13.0,"enemies":"3 Shapes","floor":35.0,"turns":5.0},{"damage":2.0,"enemies":"Orb Walker","floor":36.0,"turns":3.0},{"damage":0.0,"enemies":"Mind Bloom Boss Battle","floor":37.0,"turns":7.0},{"damage":26.0,"enemies":"Nemesis","floor":40.0,"turns":9.0},{"damage":6.0,"enemies":"Writhing Mass","floor":42.0,"turns":7.0},{"damage":0.0,"enemies":"Giant Head","floor":44.0,"turns":7.0},{"damage":0.0,"enemies":"Sphere and 2 Shapes","floor":47.0,"turns":5.0},{"damage":1.0,"enemies":"Nemesis","floor":48.0,"turns":7.0},{"damage":36.0,"enemies":"Awakened One","floor":50.0,"turns":25.0},{"damage":18.0,"enemies":"Shield and Spear","floor":54.0,"turns":6.0},{"damage":58,"enemies":"The Heart","floor":55,"turns":8}],"seed_played":"6978864777776573421","potions_obtained":[{"floor":5.0,"key":"Explosive Potion"},{"floor":10.0,"key":"Fire Potion"},{"floor":12.0,"key":"PowerPotion"},{"floor":14.0,"key":"ColorlessPotion"},{"floor":16.0,"key":"PowerPotion"},{"floor":27.0,"key":"DuplicationPotion"},{"floor":28.0,"key":"BlessingOfTheForge"},{"floor":42.0,"key":"SmokeBomb"},{"floor":47.0,"key":"Regen Potion"}],"is_trial":false,"path_per_floor":["M","M","$","?","M","E","R","?","T","M","E","M","$","E","R","B",null,"M","?","?","M","$","E","R","?","T","M","M","?","R","M","R","B",null,"M","M","?","$","?","E","R","M","T","E","T","R","M","E","R","B",null,"R","$","E","B",null],"character_chosen":"THE_SILENT","items_purchased":["Footwork","Dagger Throw","PiercingWail","SteroidPotion","Paper Crane","Well Laid Plans","Regen Potion","Catalyst","Pantograph","Footwork","Frozen Eye","InkBottle"],"campfire_rested":2,"item_purchase_floors":[3,3,3,3,13,22,22,38,38,53,53,53],"current_hp_per_floor":[63,58,58,47,47,21,39,39,39,39,31,43,43,38,38,25,54,49,40,40,36,36,34,34,34,34,38,36,36,54,50,50,50,60,47,45,45,45,45,31,31,37,37,37,37,37,39,55,55,39,57,57,57,41,17],"gold":53,"neow_bonus":"TWO_FIFTY_GOLD","is_daily":false,"chose_seed":false,"campfire_upgraded":6,"win_rate":0.0,"timestamp":1607802804,"path_taken":["M","M","$","?","M","E","R","?","T","?","E","M","$","E","R","BOSS","M","?","?","M","?","E","R","?","T","M","M","?","R","?","R","BOSS","M","?","?","$","?","E","R","?","T","E","?","R","M","E","R","BOSS","R","$","E","BOSS"],"items_purchased_type":["Card","Card","Card","Potion","Relic","Card","Potion","Card","Relic","Card","Relic","Relic"],"build_version":"2020-11-30","purchased_purges":4,"victory":true,"max_hp_per_floor":[63,63,63,63,63,63,63,63,63,63,63,63,63,63,63,63,63,63,63,63,63,63,63,63,63,63,63,63,63,63,63,63,63,63,63,63,63,63,63,63,63,63,63,63,63,63,63,63,63,63,63,63,63,63,63],"relic_stats":{"Torii":27,"counters":[28,181],"CeramicFish":81,"Snake Skull":[251],"Bag of Preparation":[14],"Smiling Mask":250,"Cursed Key":1,"Blood Vial":10,"Nunchaku":[24],"Centennial Puzzle":[8],"Pantograph":26,"obtain_stats":[{"Ice Cream":54,"Torii":37,"CeramicFish":23,"Snake Skull":6,"Bag of Preparation":40,"Paper Crane":13,"Smiling Mask":9,"Cursed Key":17,"Blood Vial":44,"Frozen Eye":53,"Nunchaku":11,"Centennial Puzzle":48,"Pantograph":38,"Philosopher\u0027s Stone":34,"Red Mask":19,"StrikeDummy":14,"InkBottle":53,"Ring of the Snake":0,"Meat on the Bone":8},{"Ice Cream":27,"Torii":20,"CeramicFish":13,"Snake Skull":4,"Bag of Preparation":21,"Paper Crane":7,"Smiling Mask":4,"Cursed Key":9,"Blood Vial":23,"Frozen Eye":26,"Nunchaku":6,"Centennial Puzzle":25,"Pantograph":20,"Philosopher\u0027s Stone":17,"Red Mask":11,"StrikeDummy":8,"InkBottle":26,"Ring of the Snake":0,"Meat on the Bone":4},{"Ice Cream":173,"Torii":107,"CeramicFish":67,"Snake Skull":14,"Bag of Preparation":116,"Paper Crane":30,"Smiling Mask":14,"Cursed Key":47,"Blood Vial":130,"Frozen Eye":167,"Nunchaku":26,"Centennial Puzzle":142,"Pantograph":107,"Philosopher\u0027s Stone":92,"Red Mask":56,"StrikeDummy":38,"InkBottle":167,"Ring of the Snake":0,"Meat on the Bone":14}],"InkBottle":[6],"Ring of the Snake":[56],"Meat on the Bone":132},"card_choices":[{"not_picked":["Deadly Poison","Infinite Blades"],"picked":"Dagger Spray","floor":1.0},{"not_picked":["Accuracy","Slice"],"picked":"Infinite Blades","floor":2.0},{"not_picked":["Caltrops","Prepared"],"picked":"Dodge and Roll","floor":5.0},{"not_picked":["Well Laid Plans","Infinite Blades"],"picked":"Glass Knife","floor":6.0},{"not_picked":["Deflect","Sucker Punch","Prepared"],"picked":"SKIP","floor":10.0},{"not_picked":["Slice","Choke","Prepared"],"picked":"SKIP","floor":11.0},{"not_picked":["Bane","Masterful Stab"],"picked":"Bouncing Flask","floor":12.0},{"not_picked":["Prepared","Underhanded Strike"],"picked":"PiercingWail","floor":14.0},{"not_picked":["Night Terror","Adrenaline"],"picked":"After Image","floor":16.0},{"not_picked":["Sucker Punch+1","Terror"],"picked":"Poisoned Stab+1","floor":18.0},{"not_picked":["Deflect","Flying Knee+1"],"picked":"Noxious Fumes+1","floor":19.0},{"not_picked":["Accuracy","Backstab"],"picked":"Blur","floor":21.0},{"not_picked":["Quick Slash","Terror","Setup"],"picked":"SKIP","floor":23.0},{"not_picked":["Dagger Spray","Blur","Deadly Poison+1"],"picked":"SKIP","floor":27.0},{"not_picked":["Sucker Punch","Heel Hook"],"picked":"Crippling Poison+1","floor":28.0},{"not_picked":["Heel Hook","Deadly Poison","Reflex+1"],"picked":"SKIP","floor":31.0},{"not_picked":["Doppelganger","Glass Knife"],"picked":"Burst","floor":33.0},{"not_picked":["Prepared","Dagger Spray","Cloak And Dagger"],"picked":"SKIP","floor":35.0},{"not_picked":["Cloak And Dagger","Bane+1"],"picked":"Deflect+1","floor":36.0},{"not_picked":["Deadly Poison+1","Dagger Spray+1"],"picked":"Cloak And Dagger+1","floor":37.0},{"not_picked":["Deadly Poison+1","Backstab","Choke"],"picked":"SKIP","floor":40.0},{"not_picked":["Cloak And Dagger+1","Slice+1","Bane"],"picked":"SKIP","floor":42.0},{"not_picked":["Expertise","Tactician+1"],"picked":"Acrobatics+1","floor":44.0},{"not_picked":["Slice+1","Finisher","Terror"],"picked":"SKIP","floor":47.0},{"not_picked":["Outmaneuver+1","Predator"],"picked":"Footwork","floor":48.0},{"not_picked":["Eviscerate","Deflect","Slice+1"],"picked":"SKIP","floor":54.0}],"player_experience":165216,"relics_obtained":[{"floor":6.0,"key":"Snake Skull"},{"floor":9.0,"key":"Smiling Mask"},{"floor":11.0,"key":"Nunchaku"},{"floor":14.0,"key":"StrikeDummy"},{"floor":19.0,"key":"Red Mask"},{"floor":23.0,"key":"CeramicFish"},{"floor":37.0,"key":"Torii"},{"floor":40.0,"key":"Bag of Preparation"},{"floor":44.0,"key":"Blood Vial"},{"floor":48.0,"key":"Centennial Puzzle"},{"floor":54.0,"key":"Ice Cream"}],"event_choices":[{"damage_healed":0.0,"max_hp_gain":0.0,"max_hp_loss":0.0,"gold_gain":75.0,"event_name":"World of Goop","player_choice":"Gather Gold","floor":4.0,"gold_loss":0.0,"damage_taken":11.0},{"damage_healed":0.0,"max_hp_gain":0.0,"max_hp_loss":0.0,"gold_gain":0.0,"event_name":"WeMeetAgain","player_choice":"Gave Potion","floor":8.0,"gold_loss":0.0,"damage_taken":0.0,"relics_obtained":["Meat on the Bone"]},{"damage_healed":0.0,"max_hp_gain":0.0,"max_hp_loss":0.0,"gold_gain":0.0,"event_name":"Masked Bandits","player_choice":"Fought Bandits","floor":19.0,"gold_loss":0.0,"damage_taken":0.0},{"damage_healed":0.0,"max_hp_gain":0.0,"max_hp_loss":0.0,"gold_gain":0.0,"cards_transformed":["Strike_G","Strike_G"],"event_name":"Drug Dealer","player_choice":"Became Test Subject","floor":20.0,"gold_loss":0.0,"damage_taken":0.0,"cards_obtained":["Caltrops","Wraith Form v2"]},{"damage_healed":0.0,"max_hp_gain":0.0,"max_hp_loss":0.0,"gold_gain":99.0,"event_name":"Nest","player_choice":"Stole From Cult","floor":25.0,"gold_loss":0.0,"damage_taken":0.0},{"damage_healed":0.0,"max_hp_gain":0.0,"max_hp_loss":0.0,"gold_gain":100.0,"event_name":"The Joust","player_choice":"Bet on Murderer","floor":29.0,"gold_loss":50.0,"damage_taken":0.0},{"damage_healed":0.0,"max_hp_gain":0.0,"max_hp_loss":0.0,"gold_gain":0.0,"event_name":"MindBloom","player_choice":"Fight","floor":37.0,"gold_loss":0.0,"damage_taken":0.0},{"damage_healed":0.0,"max_hp_gain":0.0,"max_hp_loss":0.0,"gold_gain":222.0,"event_name":"Tomb of Lord Red Mask","player_choice":"Wore Mask","floor":39.0,"gold_loss":0.0,"damage_taken":0.0}],"is_beta":false,"boss_relics":[{"not_picked":["Ring of the Serpent","Runic Dome"],"picked":"Cursed Key"},{"not_picked":["Fusion Hammer","Busted Crown"],"picked":"Philosopher\u0027s Stone"}],"items_purged_floors":[13,22,38,53],"is_endless":false,"potions_floor_spawned":[5,10,12,14,16,27,28,31,33,35,36,42,47],"ascension_level":6}}