{"host":"fqid566djxhwi0rl","time":1607797389,"event":{"mods":["2.2 Compatiblity","AchievementEnabler","Aspiration","BaseMod","Downfall","Energized Spire","Faster Ascension Climbing","GifTheSpireLib","Minty Spire (QoL Compilation)","Replay The Spire","Robot Space Explorer","StSLib","The Blackbeard","The Gatherer","Trackpad","Yuri Mod"],"gold_per_floor":[111,36,56,56,69,94,94,120,146,146,165,199,199,257,257,257,257],"floor_reached":16,"playtime":765,"items_purged":["Strike_P"],"score":279,"play_id":"46942b3b-22c7-4c77-a3ce-ac0c38b6d087","local_time":"20201212202309","is_ascension_mode":true,"campfire_choices":[{"data":"Midas Touch","floor":7,"key":"SMITH"},{"data":"hexamod:Float","floor":10,"key":"SMITH"},{"floor":15,"key":"REST"}],"circlet_count":0,"master_deck":["AscendersBane","hexamod:Strike","hexamod:Strike","hexamod:Strike","hexamod:Defend+1","hexamod:Defend+1","hexamod:Defend","hexamod:Defend","hexamod:Sear","hexamod:Float+1","RobotSpaceExplorer:MiniLasers","Midas Touch+1","hexamod:ExtraCrispy","hexamod:Hexaguard","hexamod:SpectersWail","hexamod:Hexaguard","hexamod:ApocalypticArmor","hexamod:NecessarySacrifice"],"relics":["hexamod:SpiritBrand","aspiration:DSix","aspiration:Nostalgia","m_SnakeBloodCore","Anchor","Calipers","hexamod:BolsterEngine"],"acts_visited":["Exordium"],"potions_floor_usage":[6,8],"damage_taken":[{"damage":1,"enemies":"Small Slimes","floor":1,"turns":3},{"damage":0,"enemies":"Jaw Worm","floor":3,"turns":4},{"damage":0,"enemies":"Cultist","floor":5,"turns":4},{"damage":0,"enemies":"Gremlin Nob","floor":6,"turns":3},{"damage":7,"enemies":"3 Sentries","floor":8,"turns":7},{"damage":0,"enemies":"3 Louse","floor":11,"turns":2},{"damage":10,"enemies":"Replay:BlueRogue","floor":12,"turns":7},{"damage":6,"enemies":"Gremlin Nob","floor":14,"turns":3},{"damage":38,"enemies":"The Guardian","floor":16,"turns":6}],"seed_played":"4143303542707849078","potions_obtained":[{"floor":3,"key":"Explosive Potion"},{"floor":5,"key":"Toxic Potion"},{"floor":11,"key":"Dexterity Potion"}],"is_trial":false,"path_per_floor":["M","$","M","?","M","E","R","E","T","R","M","E","?","?","R","B"],"character_chosen":"THE_SPIRIT","items_purchased":[],"campfire_rested":1,"item_purchase_floors":[],"current_hp_per_floor":[56,56,56,49,49,49,49,42,42,42,45,38,19,16,34,0,0],"gold":257,"neow_bonus":"RANDOM_COLORLESS_2","is_daily":false,"chose_seed":false,"campfire_upgraded":2,"win_rate":0.0,"timestamp":1607797389,"path_taken":["M","$","M","?","M","E","R","E","T","R","M","E","?","?","R","BOSS"],"items_purchased_type":[],"build_version":"2020-11-30","purchased_purges":1,"victory":false,"max_hp_per_floor":[63,63,63,63,63,63,63,63,63,63,63,63,63,63,63,63,63],"card_choices":[{"not_picked":["Violence","Magnetism"],"picked":"Midas Touch","floor":0},{"not_picked":["hexamod:SuperheatedStrike","hexamod:HeatShield"],"picked":"hexamod:ExtraCrispy","floor":1},{"not_picked":["hexamod:ThermalTransfer","hexamod:GhostOfSpireFuture"],"picked":"hexamod:Hexaguard","floor":3},{"not_picked":["hexamod:RadiantFlame","hexamod:GhostOfSpireFuture"],"picked":"hexamod:SpectersWail","floor":5},{"not_picked":["hexamod:AdvancingGuard","hexamod:SwordOfDarkness"],"picked":"hexamod:Hexaguard","floor":6},{"not_picked":["hexamod:PowerFromBeyond","hexamod:HauntingEcho"],"picked":"hexamod:ApocalypticArmor","floor":8},{"not_picked":["hexamod:BacktrackSmack","hexamod:RainOfEmbers"],"picked":"hexamod:NecessarySacrifice","floor":11},{"not_picked":["Infernal Blade","hexamod:SpectralAdrenaline","hexamod:HauntingEcho"],"picked":"SKIP","floor":12}],"player_experience":657440,"relics_obtained":[{"floor":6,"key":"aspiration:DSix"},{"floor":8,"key":"aspiration:Nostalgia"},{"floor":9,"key":"Anchor"},{"floor":12,"key":"Calipers"},{"floor":14,"key":"hexamod:BolsterEngine"}],"event_choices":[{"cards_removed":["hexamod:Strike"],"damage_healed":0,"gold_gain":0,"player_choice":"Card Removal","damage_taken":7,"max_hp_gain":0,"max_hp_loss":0,"event_name":"Golden Wing","floor":4,"gold_loss":0},{"damage_healed":0,"gold_gain":0,"player_choice":"Entered Light","damage_taken":19,"max_hp_gain":0,"max_hp_loss":0,"event_name":"Shining Light","floor":13,"gold_loss":0,"cards_upgraded":["hexamod:Defend","hexamod:Defend"]},{"damage_healed":0,"gold_gain":0,"player_choice":"Searched \u00271\u0027 times","damage_taken":0,"max_hp_gain":0,"max_hp_loss":0,"event_name":"Dead Adventurer","floor":14,"gold_loss":0}],"is_beta":false,"boss_relics":[],"items_purged_floors":[2],"is_endless":false,"potions_floor_spawned":[3,5,11],"killed_by":"The Guardian","ascension_level":19}}