{"host":"8a3g9edf69u3epoz","time":1607783852,"event":{"mods":["BaseMod","Minty Spire (QoL Compilation)","MostiFishMod","Relic Stats","Remilia（蕾米莉亚）","StSLib","TestMod","UnlockEverythingMod","WarShipGirlsR/战舰少女R mod"],"gold_per_floor":[114,114,132,132,132,132,157,157,157,157,173,204,204,229,229,327,-1073,18,33,33,33,33,33,69,99,99,118,162,162,162,281,281,381,381,393,393,333,333,333,333,333,342,366,378,388,415,464,464,464,464,464,464,464,495,514],"floor_reached":56,"playtime":9114,"items_purged":[],"score":1583,"play_id":"43b111ee-da0c-4f9b-84c6-6f6e5f0927e0","local_time":"20201212223732","is_ascension_mode":true,"campfire_choices":[{"data":"testmod-FightingIntention","floor":6.0,"key":"SMITH"},{"data":"testmod-RepeatForm","floor":10.0,"key":"SMITH"},{"data":"BloodAndWine","floor":15.0,"key":"SMITH"},{"data":"ScarletMeister","floor":23.0,"key":"SMITH"},{"data":"QueenOfMidnight","floor":29,"key":"SMITH"},{"data":"testmod-WeaknessCounterattack","floor":32,"key":"SMITH"},{"floor":40,"key":"RECALL"},{"data":"BloodyHallows","floor":49,"key":"SMITH"},{"data":"BloodRain","floor":52,"key":"SMITH"}],"circlet_count":0,"master_deck":["Strike_RM+1","Strike_RM+1","Strike_RM+1","Strike_RM+1","Defend_RM+1","Defend_RM+1","Defend_RM+1","Defend_RM+1","RedMoon","MiserableFate","NightDance+1","BloodRain+1","HeartBreak+1","testmod-FightingIntention+1","BloodHunter","FitfulNightmare","BloodAndWine+1","testmod-RepeatForm+1","ScarletMeister+1","MillenniumVampire+1","ScarletImprint+1","FavorOfDestiny+1","UnstableMagic+1","QueenOfMidnight+1","testmod-WeaknessCounterattack+1","DiffusionOfMisfortune+1","BloodyHallows+1","ForecastOfChange","Septette","BlasphemousPunishment"],"relics":["ScarletHat","DaveBox","testmod-TestBox","NeowsBlessing","testmod-DragonStarHat","DiscerningMonocle","Question Card","Potion Belt","SynthV:C4","Pen Nib","Orrery","Blood Vial","Boot","Technique","Orichalcum","DaCapo","Mercury Hourglass","Pantograph","Eternal Feather","testmod-Charity","Akabeko","ImportantClient","SynthV:MejaisSoulstealer","Enchiridion","testmod-OneHitWonder","testmod-MagicalMallet","Juzu Bracelet","Prayer Wheel","testmod-BalancedPeriapt","Whetstone","ImprovedEquipment","testmod-IndustrialRevolution","Frozen Eye","FossilizedHelix","Kunai","SacredBark","StoneCalendar","Bag of Marbles","Dodecahedron","Oddly Smooth Stone","Calipers","testmod-Register","Lantern","Ancient Tea Set","Happy Flower","SynthV","Ice Cream","StrikeDummy","testmod-BlackFramedGlasses"],"acts_visited":["Exordium","TheCity","TheBeyond","TheEnding"],"potions_floor_usage":[31,55,55,55,55,55,55],"damage_taken":[{"damage":0.0,"enemies":"Small Slimes","floor":1.0,"turns":1.0},{"damage":0.0,"enemies":"2 Louse","floor":3.0,"turns":1.0},{"damage":0.0,"enemies":"3 Sentries","floor":7.0,"turns":1.0},{"damage":3.0,"enemies":"Cultist","floor":11.0,"turns":4.0},{"damage":0.0,"enemies":"Lagavulin","floor":12.0,"turns":1.0},{"damage":24.0,"enemies":"Gremlin Nob","floor":14.0,"turns":7.0},{"damage":15.0,"enemies":"Hexaghost","floor":16.0,"turns":7.0},{"damage":12.0,"enemies":"2 Thieves","floor":18.0,"turns":3.0},{"damage":5.0,"enemies":"Shell Parasite","floor":19.0,"turns":6.0},{"damage":9.0,"enemies":"Snake Plant","floor":24.0,"turns":4.0},{"damage":8.0,"enemies":"Gremlin Leader","floor":25.0,"turns":4.0},{"damage":0.0,"enemies":"3 Cultists","floor":27.0,"turns":3.0},{"damage":6.0,"enemies":"Slavers","floor":28.0,"turns":3.0},{"damage":0,"enemies":"Colosseum Slavers","floor":31,"turns":2},{"damage":0,"enemies":"Colosseum Nobs","floor":31,"turns":3},{"damage":0,"enemies":"Collector","floor":33,"turns":5},{"damage":0,"enemies":"Orb Walker","floor":35,"turns":2},{"damage":0,"enemies":"3 Darklings","floor":42,"turns":2},{"damage":0,"enemies":"Jaw Worm Horde","floor":44,"turns":2},{"damage":0,"enemies":"4 Shapes","floor":45,"turns":3},{"damage":8,"enemies":"Giant Head","floor":46,"turns":4},{"damage":0,"enemies":"Mind Bloom Boss Battle","floor":47,"turns":3},{"damage":0,"enemies":"Awakened One","floor":50,"turns":6},{"damage":0,"enemies":"Shield and Spear","floor":54,"turns":2},{"damage":4,"enemies":"The Heart","floor":55,"turns":6}],"seed_played":"5775053043412747309","potions_obtained":[{"floor":3.0,"key":"PowerPotion"},{"floor":14.0,"key":"Swift Potion"},{"floor":24.0,"key":"Regen Potion"},{"floor":25.0,"key":"Dexterity Potion"},{"floor":28.0,"key":"Explosive Potion"},{"floor":33,"key":"SpeedPotion"},{"floor":47,"key":"PowerPotion"}],"is_trial":false,"path_per_floor":["M","?","M","?","$","R","E","$","T","R","M","E","$","E","R","B",null,"M","M","?","?","$","R","M","E","T","M","E","R","$","?","R","B",null,"M","?","?","?","$","R","?","M","T","M","M","E","?","$","R","B",null,"R","$","E","B",null],"character_chosen":"REMILIA","items_purchased":["SynthV:C4","Pen Nib","Orrery","testmod-EscapePotion","EntropicBrew","Block Potion","testmod-FightingIntention","Boot","Technique","Orichalcum","FitfulNightmare","BloodAndWine","testmod-RepeatForm","Pantograph","Eternal Feather","testmod-Charity","testmod-OneHitWonder","testmod-MagicalMallet","Juzu Bracelet","FavorOfDestiny","Fire Potion","FearPotion","Fire Potion","ImprovedEquipment","testmod-IndustrialRevolution","Frozen Eye","testmod-WeaknessCounterattack","LiquidMemories","StoneCalendar","Bag of Marbles","Dodecahedron","testmod-Register","Lantern","Ancient Tea Set","Happy Flower","SynthV","Ice Cream"],"campfire_rested":0,"item_purchase_floors":[5,5,5,5,5,5,5,8,8,8,8,8,8,13,13,13,22,22,22,22,22,22,22,30,30,30,30,30,39,39,39,48,48,48,53,53,53],"current_hp_per_floor":[75,75,75,68,68,68,68,68,68,68,70,72,72,55,64,76,77,67,71,55,55,55,67,61,71,71,76,81,81,81,81,81,81,81,81,81,81,81,81,81,81,81,81,81,81,81,81,81,81,81,81,81,81,81,81],"gold":514,"neow_bonus":"THREE_ENEMY_KILL","is_daily":false,"chose_seed":false,"campfire_upgraded":8,"win_rate":0.0,"timestamp":1607783852,"path_taken":["M","?","M","?","$","R","E","$","T","R","M","E","$","E","R","BOSS","M","M","?","?","$","R","M","E","T","M","E","R","$","?","R","BOSS","M","?","?","?","?","R","?","M","T","M","M","E","?","$","R","BOSS","R","$","E","BOSS"],"items_purchased_type":["Relic","Relic","Relic","Potion","Potion","Potion","Card","Relic","Relic","Relic","Card","Card","Card","Relic","Relic","Relic","Relic","Relic","Relic","Card","Potion","Potion","Potion","Relic","Relic","Relic","Card","Potion","Relic","Relic","Relic","Relic","Relic","Relic","Relic","Relic","Relic"],"build_version":"2020-11-30","purchased_purges":0,"victory":true,"max_hp_per_floor":[75,75,75,75,75,75,75,75,75,75,75,75,75,76,76,77,77,78,79,79,79,79,79,80,81,81,81,81,81,81,81,81,81,81,81,81,81,81,81,81,81,81,81,81,81,81,81,81,81,81,81,81,81,81,81],"relic_stats":{"Happy Flower":[2],"counters":[25,84],"Eternal Feather":21,"StoneCalendar":[0],"Pen Nib":[12],"Juzu Bracelet":2,"Whetstone":["NightDance","ScarletImprint"],"Orichalcum":[186],"Question Card":31,"Boot":[4],"Mercury Hourglass":[302],"Blood Vial":16,"Pantograph":12,"Prayer Wheel":5,"Kunai":[8],"obtain_stats":[{"Ice Cream":53,"Calipers":47,"Whetstone":28,"Boot":8,"testmod-BlackFramedGlasses":54,"Blood Vial":7,"Prayer Wheel":25,"testmod-DragonStarHat":0,"DaCapo":9,"Kunai":31,"ImportantClient":16,"testmod-TestBox":0,"SynthV:MejaisSoulstealer":17,"Dodecahedron":39,"Happy Flower":53,"testmod-Register":48,"Oddly Smooth Stone":46,"Eternal Feather":13,"Pen Nib":5,"Question Card":1,"Akabeko":14,"testmod-MagicalMallet":22,"Technique":8,"StrikeDummy":54,"testmod-OneHitWonder":22,"Lantern":48,"DaveBox":0,"DiscerningMonocle":0,"SynthV":53,"SacredBark":34,"Enchiridion":20,"StoneCalendar":39,"Juzu Bracelet":22,"Ancient Tea Set":48,"ScarletHat":0,"SynthV:C4":5,"testmod-Charity":13,"Frozen Eye":30,"Pantograph":13,"Potion Belt":2,"NeowsBlessing":0,"ImprovedEquipment":30,"Orichalcum":8,"testmod-IndustrialRevolution":30,"Mercury Hourglass":12,"Orrery":5,"Bag of Marbles":39,"testmod-BalancedPeriapt":26,"FossilizedHelix":31},{"Ice Cream":23,"Calipers":22,"Whetstone":13,"Boot":3,"testmod-BlackFramedGlasses":24,"Blood Vial":3,"Prayer Wheel":11,"testmod-DragonStarHat":0,"DaCapo":3,"Kunai":15,"ImportantClient":7,"testmod-TestBox":0,"SynthV:MejaisSoulstealer":7,"Dodecahedron":17,"Happy Flower":23,"testmod-Register":22,"Oddly Smooth Stone":21,"Eternal Feather":5,"Pen Nib":2,"Question Card":1,"Akabeko":6,"testmod-MagicalMallet":9,"Technique":3,"StrikeDummy":24,"testmod-OneHitWonder":9,"Lantern":22,"DaveBox":0,"DiscerningMonocle":0,"SynthV":23,"SacredBark":16,"Enchiridion":9,"StoneCalendar":17,"Juzu Bracelet":9,"Ancient Tea Set":22,"ScarletHat":0,"SynthV:C4":2,"testmod-Charity":5,"Frozen Eye":13,"Pantograph":5,"Potion Belt":1,"NeowsBlessing":0,"ImprovedEquipment":13,"Orichalcum":3,"testmod-IndustrialRevolution":13,"Mercury Hourglass":5,"Orrery":2,"Bag of Marbles":17,"testmod-BalancedPeriapt":11,"FossilizedHelix":15},{"Ice Cream":76,"Calipers":70,"Whetstone":45,"Boot":3,"testmod-BlackFramedGlasses":78,"Blood Vial":3,"Prayer Wheel":39,"testmod-DragonStarHat":0,"DaCapo":3,"Kunai":50,"ImportantClient":22,"testmod-TestBox":0,"SynthV:MejaisSoulstealer":22,"Dodecahedron":57,"Happy Flower":76,"testmod-Register":70,"Oddly Smooth Stone":68,"Eternal Feather":8,"Pen Nib":2,"Question Card":1,"Akabeko":15,"testmod-MagicalMallet":31,"Technique":3,"StrikeDummy":78,"testmod-OneHitWonder":31,"Lantern":70,"DaveBox":0,"DiscerningMonocle":0,"SynthV":76,"SacredBark":55,"Enchiridion":31,"StoneCalendar":57,"Juzu Bracelet":31,"Ancient Tea Set":70,"ScarletHat":0,"SynthV:C4":2,"testmod-Charity":8,"Frozen Eye":45,"Pantograph":8,"Potion Belt":1,"NeowsBlessing":0,"ImprovedEquipment":45,"Orichalcum":3,"testmod-IndustrialRevolution":45,"Mercury Hourglass":8,"Orrery":2,"Bag of Marbles":57,"testmod-BalancedPeriapt":39,"FossilizedHelix":50}]},"card_choices":[{"not_picked":["UnstableMagic","VampireKiss"],"picked":"MiserableFate","floor":1.0},{"not_picked":["BlasphemousPunishment","Septette","VampireKiss"],"picked":"NightDance","floor":3.0},{"not_picked":["ScarletDevilSign","ScarletDevil","UnstableMagic"],"picked":"BloodRain","floor":5.0},{"not_picked":["NightLord","RedMagic","RedRainbow"],"picked":"HeartBreak","floor":5.0},{"not_picked":["ScarletImprint","MillenniumVampire","DiffusionOfMisfortune"],"picked":"BloodHunter","floor":7.0},{"not_picked":["EndlessAdversity","BadLadyScramble","StarOfDavid","BlasphemousPunishment"],"picked":"SKIP","floor":11.0},{"not_picked":["BlasphemousPunishment","MastersStateliness","ScarletNetherworld","Ultimatum"],"picked":"SKIP","floor":12.0},{"not_picked":["BadLadyScramble","BloodyTrap","UnstableMagic","BlasphemousPunishment"],"picked":"SKIP","floor":14.0},{"not_picked":["BloodySeventeenLaser","BloodRain","TricksterDevil"],"picked":"ScarletMeister","floor":16.0},{"not_picked":["GlobalNightmare","HunterOfTheNight","ScarletImprint"],"picked":"MillenniumVampire+1","floor":18.0},{"not_picked":["ScarletDevil","StarOfDavid","FitfulNightmare+1"],"picked":"ScarletImprint","floor":19.0},{"not_picked":["StarOfDavid+1","BloodyHallows","EndlessAdversity"],"picked":"UnstableMagic+1","floor":24.0},{"not_picked":["RedRainbow+1","ScarletNetherworld+1","ScarletImprint+1","CharismaGuard"],"picked":"SKIP","floor":25.0},{"not_picked":["EndlessAdversity","HellCatastrophe","ReincarnationDial","LeisurelyOfLord"],"picked":"SKIP","floor":27.0},{"not_picked":["ScarletDevil+1","EndlessAdversity+1","MastersStateliness","Maim"],"picked":"SKIP","floor":27.0},{"not_picked":["ChainGang+1","ScarletSymphony","CharismaGuard"],"picked":"QueenOfMidnight","floor":28.0},{"not_picked":["Stigmanizer+1","RedRainbow+1","UnderTheZenith"],"picked":"DiffusionOfMisfortune+1","floor":31},{"not_picked":["CurseOfVladTepes","BloodRain","HeartBreak"],"picked":"BloodyHallows","floor":33},{"not_picked":["AfternoonTea","EndlessAdversity+1","Maim","Stigmanizer+1"],"picked":"SKIP","floor":35},{"not_picked":["TwelveNightmare","VampireKiss+1","Stigmanizer","MastersStateliness"],"picked":"SKIP","floor":35},{"not_picked":["ForbiddenFruit+1","BloodyMagicSquare","HunterOfTheNight+1"],"picked":"ForecastOfChange","floor":42},{"not_picked":["RedRainbow+1","CharismaGuard","UnderTheZenith+1","ScarletImprint+1"],"picked":"SKIP","floor":42},{"not_picked":["CharismaGuard","LeisurelyOfLord","RedMagic+1"],"picked":"Septette","floor":44},{"not_picked":["TwelveNightmare+1","FitfulNightmare+1","VampireKiss+1","BloodAndWine"],"picked":"SKIP","floor":44},{"not_picked":["VampireKiss","CharismaGuard+1","UnderTheZenith+1"],"picked":"BlasphemousPunishment","floor":45},{"not_picked":["NightDance","BlasphemousPunishment","VampireKiss","BloodHunter"],"picked":"SKIP","floor":45},{"not_picked":["NightDance","BlasphemousPunishment","VampireKiss","BloodHunter"],"picked":"SKIP","floor":45},{"not_picked":["CharismaGuard+1","UnderTheZenith","SuperhumanBloodyKnife+1","MillenniumVampire+1"],"picked":"SKIP","floor":46},{"not_picked":["MastersStateliness","MillenniumVampire","ScarletGensokyo","ScarletNetherworld"],"picked":"SKIP","floor":54}],"player_experience":25463,"relics_obtained":[{"floor":1.0,"key":"Question Card"},{"floor":7.0,"key":"Blood Vial"},{"floor":9.0,"key":"DaCapo"},{"floor":12.0,"key":"Mercury Hourglass"},{"floor":14.0,"key":"Akabeko"},{"floor":16.0,"key":"ImportantClient"},{"floor":20.0,"key":"Enchiridion"},{"floor":25.0,"key":"Prayer Wheel"},{"floor":26.0,"key":"testmod-BalancedPeriapt"},{"floor":28.0,"key":"Whetstone"},{"floor":31,"key":"FossilizedHelix"},{"floor":31,"key":"Kunai"},{"floor":46,"key":"Oddly Smooth Stone"},{"floor":47,"key":"Calipers"},{"floor":54,"key":"StrikeDummy"},{"floor":54,"key":"testmod-BlackFramedGlasses"}],"event_choices":[{"damage_healed":0.0,"max_hp_gain":0.0,"max_hp_loss":0.0,"gold_gain":0.0,"event_name":"Big Fish","player_choice":"Box","floor":2.0,"gold_loss":0.0,"damage_taken":0.0,"relics_obtained":["Potion Belt"],"cards_obtained":["Regret"]},{"cards_removed":["Regret"],"damage_healed":0.0,"max_hp_gain":0.0,"max_hp_loss":0.0,"gold_gain":0.0,"event_name":"Golden Wing","player_choice":"Card Removal","floor":4.0,"gold_loss":0.0,"damage_taken":7.0},{"damage_healed":0.0,"max_hp_gain":0.0,"max_hp_loss":0.0,"gold_gain":0.0,"event_name":"Cursed Tome","player_choice":"Obtained Book","floor":20.0,"gold_loss":0.0,"damage_taken":16.0},{"damage_healed":0.0,"max_hp_gain":0.0,"max_hp_loss":0.0,"gold_gain":0.0,"event_name":"Back to Basics","player_choice":"Simplicity","floor":21.0,"gold_loss":0.0,"damage_taken":0.0,"cards_upgraded":["Strike_RM","Strike_RM","Strike_RM","Defend_RM","Defend_RM","Defend_RM","Defend_RM"]},{"damage_healed":0,"gold_gain":0,"player_choice":"Fight","damage_taken":0,"max_hp_gain":0,"max_hp_loss":0,"event_name":"Colosseum","floor":31,"gold_loss":0},{"damage_healed":0,"gold_gain":0,"player_choice":"Fought Nobs","damage_taken":0,"max_hp_gain":0,"max_hp_loss":0,"event_name":"Colosseum","floor":31,"gold_loss":0},{"damage_healed":0,"gold_gain":0,"cards_transformed":["ScarletShoot"],"player_choice":"Transformed","damage_taken":0,"max_hp_gain":0,"max_hp_loss":0,"event_name":"Transmorgrifier","floor":36,"gold_loss":0,"cards_obtained":["HellCatastrophe"]},{"damage_healed":0,"gold_gain":0,"player_choice":"Ignored","damage_taken":0,"max_hp_gain":0,"max_hp_loss":0,"event_name":"SecretPortal","floor":38,"gold_loss":0},{"cards_removed":["HellCatastrophe"],"damage_healed":0,"gold_gain":0,"player_choice":"Removed Attack","damage_taken":0,"max_hp_gain":0,"max_hp_loss":0,"event_name":"Falling","floor":41,"gold_loss":0},{"damage_healed":0,"gold_gain":0,"player_choice":"Fight","damage_taken":0,"max_hp_gain":0,"max_hp_loss":0,"event_name":"MindBloom","floor":47,"gold_loss":0}],"is_beta":false,"boss_relics":[{"not_picked":["ExusiaiGun","testmod-DreamHouse"],"picked":"SynthV:MejaisSoulstealer"},{"not_picked":["Cursed Key","BirthdayGift-Tetrahedron"],"picked":"SacredBark"}],"items_purged_floors":[],"is_endless":false,"potions_floor_spawned":[3,14,24,25,31,33,45,46,47],"ascension_level":1}}