{"host":"0w69akqzy16si4rs","time":1607796688,"event":{"mods":["AchievementEnabler","BaseMod","Colored Map","Colored Powertips","Hermit","Minty Spire (QoL Compilation)","StSLib"],"gold_per_floor":[113,127,9,21,21,21,40,40,40,40,56,84,84,109,109,208,208,220,1,1,0,0,0,0],"floor_reached":23,"playtime":1011,"items_purged":["Strike_B"],"score":242,"play_id":"a1696760-cc45-4682-961f-57efcd43eddf","local_time":"20201212131128","is_ascension_mode":true,"campfire_choices":[{"data":"Fusion","floor":6,"key":"SMITH"},{"floor":15,"key":"REST"}],"circlet_count":0,"master_deck":["Strike_B","Strike_B","Defend_B","Defend_B","Defend_B","Defend_B","Zap","Dualcast","Ball Lightning","Glacier","Fusion+1","Sunder","Gash","Leap","Leap","Glacier","Auto Shields","Creative AI","Leap+1","Ghostly","Ghostly","Ghostly","Ghostly","Ghostly","Conserve Battery"],"relics":["Cracked Core","Eternal Feather","Cursed Key","Frozen Eye"],"acts_visited":["Exordium","TheCity"],"potions_floor_usage":[],"damage_taken":[{"damage":0,"enemies":"Small Slimes","floor":1,"turns":3},{"damage":13,"enemies":"2 Louse","floor":2,"turns":2},{"damage":1,"enemies":"Jaw Worm","floor":4,"turns":3},{"damage":7,"enemies":"Large Slime","floor":7,"turns":4},{"damage":7,"enemies":"2 Fungi Beasts","floor":11,"turns":3},{"damage":7,"enemies":"3 Sentries","floor":12,"turns":8},{"damage":36,"enemies":"Gremlin Nob","floor":14,"turns":5},{"damage":31,"enemies":"Hexaghost","floor":16,"turns":16},{"damage":38,"enemies":"Chosen","floor":18,"turns":7},{"damage":0,"enemies":"2 Thieves","floor":21,"turns":4},{"damage":55,"enemies":"Gremlin Leader","floor":23,"turns":11}],"seed_played":"3875137906828845377","potions_obtained":[{"floor":4,"key":"AttackPotion"},{"floor":7,"key":"LiquidMemories"},{"floor":12,"key":"GamblersBrew"}],"is_trial":false,"path_per_floor":["M","M","$","M","?","R","M","$","T","?","M","E","?","E","R","B",null,"M","$","?","M","?","E"],"character_chosen":"DEFECT","items_purchased":["Fusion","Doom and Gloom","Frozen Eye"],"campfire_rested":1,"item_purchase_floors":[3,3,19],"current_hp_per_floor":[82,69,69,68,68,68,61,61,61,61,54,47,40,4,37,6,82,44,44,41,41,41,0,0],"gold":0,"neow_bonus":"TEN_PERCENT_HP_BONUS","is_daily":false,"chose_seed":false,"campfire_upgraded":1,"win_rate":0.0,"timestamp":1607796688,"path_taken":["M","M","$","M","?","R","M","$","T","?","M","E","?","E","R","BOSS","M","$","?","M","?","E"],"items_purchased_type":["Card","Card","Relic"],"build_version":"2020-11-30","purchased_purges":1,"victory":false,"max_hp_per_floor":[82,82,82,82,82,82,82,82,82,82,82,82,82,82,82,82,82,82,82,41,41,41,41,41],"card_choices":[{"not_picked":["Compile Driver","Conserve Battery"],"picked":"Ball Lightning","floor":1},{"not_picked":["BootSequence","Streamline"],"picked":"Glacier","floor":2},{"not_picked":["Double Energy","Barrage"],"picked":"Sunder","floor":4},{"not_picked":["Hologram","White Noise"],"picked":"Leap","floor":7},{"not_picked":["Steam Power","Rebound"],"picked":"Leap","floor":11},{"not_picked":["Steam Power","Redo"],"picked":"Glacier","floor":12},{"not_picked":["Streamline","Go for the Eyes"],"picked":"Auto Shields","floor":14},{"not_picked":["Echo Form","Electrodynamics"],"picked":"Creative AI","floor":16},{"not_picked":["Genetic Algorithm","Coolheaded"],"picked":"Leap+1","floor":18},{"not_picked":["Loop","Leap"],"picked":"Conserve Battery","floor":21}],"player_experience":310595,"relics_obtained":[{"floor":14,"key":"Eternal Feather"}],"event_choices":[{"damage_healed":0,"gold_gain":0,"cards_transformed":["Doom and Gloom"],"player_choice":"Change","damage_taken":0,"max_hp_gain":0,"max_hp_loss":0,"event_name":"Living Wall","floor":5,"gold_loss":0,"cards_obtained":["Gash"]},{"damage_healed":0,"gold_gain":0,"player_choice":"Ignored","damage_taken":0,"max_hp_gain":0,"max_hp_loss":0,"event_name":"Shining Light","floor":10,"gold_loss":0},{"cards_removed":["Strike_B"],"damage_healed":0,"gold_gain":0,"player_choice":"Card Removal","damage_taken":7,"max_hp_gain":0,"max_hp_loss":0,"event_name":"Golden Wing","floor":13,"gold_loss":0},{"damage_healed":0,"gold_gain":0,"player_choice":"Became a Ghost","damage_taken":0,"max_hp_gain":0,"max_hp_loss":41,"event_name":"Ghosts","floor":20,"gold_loss":0,"cards_obtained":["Ghostly","Ghostly","Ghostly","Ghostly","Ghostly"]},{"damage_healed":0,"gold_gain":0,"player_choice":"Ignored","damage_taken":0,"max_hp_gain":0,"max_hp_loss":0,"event_name":"Cursed Tome","floor":22,"gold_loss":0}],"is_beta":false,"boss_relics":[{"not_picked":["Fusion Hammer","Busted Crown"],"picked":"Cursed Key"}],"items_purged_floors":[19],"is_endless":false,"potions_floor_spawned":[4,7,12],"killed_by":"Gremlin Leader","ascension_level":2}}