{"host":"f9xhx7hoqq8tf21i","time":1607784779,"event":{"mods":["AchievementEnabler","BaseMod","Block Reminder","Colored Map","Colored Powertips","GifTheSpireLib","Key Reminder","Minty Spire (QoL Compilation)","Quick Restart","StSLib","Synergy Search"],"gold_per_floor":[118,133,153,169,134,134,134,134,134,153,153,163,163,163,163,267,267,287,287,306,306,320,337,337,337,337,347,347,347,446,491,491,491,491],"floor_reached":33,"playtime":700,"items_purged":[],"score":237,"play_id":"7fe7dd22-c193-4375-9809-ef24d601bcc4","local_time":"20201212145259","is_ascension_mode":false,"campfire_choices":[{"data":"Twin Strike","floor":8,"key":"SMITH"},{"data":"Bash","floor":15,"key":"SMITH"},{"data":"1","floor":25,"key":"LIFT"},{"floor":32,"key":"REST"}],"circlet_count":0,"master_deck":["Bash+1","Twin Strike+1","Flex+1","CurseOfTheBell","Cleave+1"],"relics":["Pandora\u0027s Box","Question Card","Juzu Bracelet","Self Forming Clay","Girya","Nloth\u0027s Gift","MealTicket","Whetstone"],"acts_visited":["Exordium","TheCity"],"potions_floor_usage":[],"damage_taken":[{"damage":27,"enemies":"Cultist","floor":1,"turns":5},{"damage":6,"enemies":"2 Louse","floor":2,"turns":2},{"damage":0,"enemies":"Small Slimes","floor":3,"turns":3},{"damage":0,"enemies":"2 Fungi Beasts","floor":4,"turns":2},{"damage":12,"enemies":"3 Louse","floor":10,"turns":2},{"damage":20,"enemies":"Gremlin Gang","floor":12,"turns":4},{"damage":54,"enemies":"Hexaghost","floor":16,"turns":5},{"damage":10,"enemies":"Chosen","floor":18,"turns":2},{"damage":10,"enemies":"3 Byrds","floor":20,"turns":5},{"damage":18,"enemies":"Shelled Parasite and Fungi","floor":22,"turns":3},{"damage":15,"enemies":"3 Cultists","floor":23,"turns":4},{"damage":20,"enemies":"Centurion and Healer","floor":27,"turns":3},{"damage":0,"enemies":"Collector","floor":33,"turns":2}],"seed_played":"-5480652530149815702","potions_obtained":[{"floor":1,"key":"GamblersBrew"},{"floor":10,"key":"Swift Potion"},{"floor":12,"key":"FearPotion"}],"is_trial":false,"path_per_floor":["M","M","M","M","?","?","$","R","T","M","?","M","?","?","R","B",null,"M","?","M","?","M","M","$","R","T","M","?","?","?","T","R","B"],"character_chosen":"IRONCLAD","items_purchased":[],"campfire_rested":1,"item_purchase_floors":[],"current_hp_per_floor":[53,47,47,47,67,67,67,67,67,55,80,60,60,60,60,6,80,70,70,60,60,42,27,27,27,27,7,7,7,7,7,31,31,31],"gold":491,"neow_bonus":"BOSS_RELIC","is_daily":false,"chose_seed":false,"campfire_upgraded":2,"win_rate":0.0,"timestamp":1607784779,"path_taken":["M","M","M","M","?","?","$","R","T","M","?","M","?","?","R","BOSS","M","?","M","?","M","M","$","R","T","M","?","?","?","?","R","BOSS"],"items_purchased_type":[],"build_version":"2020-11-30","purchased_purges":0,"victory":false,"max_hp_per_floor":[80,80,80,80,80,80,80,80,80,80,80,80,80,80,80,80,80,80,80,80,80,80,80,80,80,80,80,80,80,80,80,80,80,80],"card_choices":[{"not_picked":["Dual Wield","Shockwave"],"picked":"Twin Strike","floor":1},{"not_picked":["Armaments","Entrench","True Grit"],"picked":"SKIP","floor":2},{"not_picked":["Wild Strike","Reckless Charge"],"picked":"Flex","floor":3},{"not_picked":["Shrug It Off","Ghostly Armor","Seeing Red"],"picked":"SKIP","floor":4},{"not_picked":["True Grit","Combust","Blood for Blood","Shrug It Off"],"picked":"SKIP","floor":10},{"not_picked":["Rage","Whirlwind","Perfected Strike","Shrug It Off"],"picked":"SKIP","floor":12},{"not_picked":["Iron Wave","Reckless Charge","Warcry","Headbutt"],"picked":"SKIP","floor":18},{"not_picked":["Rampage","Twin Strike","Thunderclap"],"picked":"Cleave+1","floor":20},{"not_picked":["Twin Strike+1","Spot Weakness","Armaments+1","Flex"],"picked":"SKIP","floor":22},{"not_picked":["Blood for Blood","Brutality","Flex","Dual Wield+1"],"picked":"SKIP","floor":23},{"not_picked":["Sever Soul","Uppercut+1","Dual Wield+1","True Grit"],"picked":"SKIP","floor":27}],"player_experience":82740,"relics_obtained":[{"floor":9,"key":"Question Card"},{"floor":17,"key":"Juzu Bracelet"},{"floor":17,"key":"Self Forming Clay"},{"floor":17,"key":"Girya"},{"floor":26,"key":"MealTicket"},{"floor":31,"key":"Whetstone"}],"event_choices":[{"damage_healed":20,"gold_gain":0,"player_choice":"Healed","damage_taken":0,"max_hp_gain":0,"max_hp_loss":0,"event_name":"The Cleric","floor":5,"gold_loss":35},{"damage_healed":0,"gold_gain":0,"player_choice":"Grow","damage_taken":0,"max_hp_gain":0,"max_hp_loss":0,"event_name":"Living Wall","floor":6,"gold_loss":0,"cards_upgraded":["Flex"]},{"damage_healed":26,"gold_gain":0,"player_choice":"Banana","damage_taken":0,"max_hp_gain":0,"max_hp_loss":0,"event_name":"Big Fish","floor":11,"gold_loss":0},{"damage_healed":0,"gold_gain":0,"player_choice":"Ignored","damage_taken":0,"max_hp_gain":0,"max_hp_loss":0,"event_name":"Shining Light","floor":13,"gold_loss":0},{"damage_healed":0,"gold_gain":0,"player_choice":"Ignored","damage_taken":0,"max_hp_gain":0,"max_hp_loss":0,"event_name":"Golden Wing","floor":14,"gold_loss":0},{"damage_healed":0,"gold_gain":0,"player_choice":"Ignored","damage_taken":0,"max_hp_gain":0,"max_hp_loss":0,"event_name":"The Mausoleum","floor":19,"gold_loss":0},{"damage_healed":0,"gold_gain":0,"player_choice":"Traded Relic","damage_taken":0,"relics_obtained":["Nloth\u0027s Gift"],"max_hp_gain":0,"max_hp_loss":0,"event_name":"N\u0027loth","floor":21,"relics_lost":["Calling Bell"],"gold_loss":0},{"damage_healed":0,"gold_gain":0,"player_choice":"Ignored","damage_taken":0,"max_hp_gain":0,"max_hp_loss":0,"event_name":"Ghosts","floor":28,"gold_loss":0},{"damage_healed":0,"gold_gain":0,"player_choice":"Ignored","damage_taken":0,"max_hp_gain":0,"max_hp_loss":0,"event_name":"Cursed Tome","floor":29,"gold_loss":0},{"damage_healed":0,"gold_gain":99,"player_choice":"Stole From Cult","damage_taken":0,"max_hp_gain":0,"max_hp_loss":0,"event_name":"Nest","floor":30,"gold_loss":0}],"is_beta":false,"boss_relics":[{"not_picked":["Astrolabe","Empty Cage"],"picked":"Calling Bell"}],"items_purged_floors":[],"is_endless":false,"potions_floor_spawned":[1,10,12,20,22],"killed_by":"Collector","ascension_level":0}}