{"host":"d8hh7rr4yzitjeuj","time":1607755789,"event":{"mods":["2.2 Compatiblity","AchievementEnabler","BaseMod","CapriCore","Colored Map","Colored Powertips","Highlight Path","Keyboard Shortcuts","Minty Spire (QoL Compilation)","Permanent Neow","Quick Restart","StSLib","SuperFastMode"],"gold_per_floor":[111,121,141,151,167,167,180,180,205,205,224,224,224,241,241,315,315,334,384,397,178,103,103,103],"floor_reached":23,"playtime":557,"items_purged":["Strike_B"],"score":370,"play_id":"1ab9fc67-b421-4877-b609-3de37ae8bf7e","local_time":"20201212154949","is_ascension_mode":true,"campfire_choices":[{"data":"Sweeping Beam","floor":6.0,"key":"SMITH"},{"data":"Reprogram","floor":8.0,"key":"SMITH"},{"data":"Beam Cell","floor":12.0,"key":"SMITH"},{"data":"Coolheaded","floor":15.0,"key":"SMITH"}],"circlet_count":0,"master_deck":["AscendersBane","Strike_B","Strike_B","Defend_B","Defend_B","Defend_B","Defend_B","Zap","Dualcast","Beam Cell+1","Biased Cognition","Cold Snap","Sweeping Beam+1","Meteor Strike","Reprogram+1","Cold Snap","Coolheaded+1","Core Surge","Rip and Tear","Coolheaded","Self Repair","Coolheaded"],"relics":["Coffee Dripper","Lantern","Cursed Key"],"acts_visited":["Exordium","TheCity"],"potions_floor_usage":[23],"damage_taken":[{"damage":1.0,"enemies":"Cultist","floor":1.0,"turns":4.0},{"damage":4.0,"enemies":"2 Louse","floor":2.0,"turns":3.0},{"damage":4.0,"enemies":"Small Slimes","floor":3.0,"turns":4.0},{"damage":8.0,"enemies":"Blue Slaver","floor":4.0,"turns":3.0},{"damage":6.0,"enemies":"Large Slime","floor":5.0,"turns":5.0},{"damage":20.0,"enemies":"Exordium Wildlife","floor":7.0,"turns":3.0},{"damage":8.0,"enemies":"Blue Slaver","floor":11.0,"turns":2.0},{"damage":0.0,"enemies":"2 Fungi Beasts","floor":14.0,"turns":3.0},{"damage":29.0,"enemies":"Slime Boss","floor":16.0,"turns":11.0},{"damage":15.0,"enemies":"Chosen","floor":18.0,"turns":5.0},{"damage":4.0,"enemies":"Spheric Guardian","floor":20.0,"turns":3.0},{"damage":40,"enemies":"Book of Stabbing","floor":23,"turns":5}],"seed_played":"3528563578255774452","potions_obtained":[{"floor":2.0,"key":"GamblersBrew"},{"floor":4.0,"key":"Strength Potion"},{"floor":7.0,"key":"FearPotion"},{"floor":14.0,"key":"PowerPotion"},{"floor":16.0,"key":"AttackPotion"},{"floor":20.0,"key":"PotionOfCapacity"}],"is_trial":false,"path_per_floor":["M","M","M","M","M","R","M","R","T","?","M","R","?","M","R","B",null,"M","?","M","$","?","E"],"character_chosen":"DEFECT","items_purchased":["Self Repair","Coolheaded"],"campfire_rested":0,"item_purchase_floors":[21,21],"current_hp_per_floor":[63,59,55,47,41,41,21,21,21,44,36,36,36,36,36,7,55,40,40,36,36,36,0,0],"gold":103,"neow_bonus":"BOSS_RELIC","is_daily":false,"chose_seed":false,"campfire_upgraded":4,"win_rate":0.0,"timestamp":1607755789,"path_taken":["M","M","M","?","M","R","M","R","T","?","M","R","?","M","R","BOSS","M","?","M","$","?","E"],"items_purchased_type":["Card","Card"],"build_version":"2020-11-30","purchased_purges":1,"victory":false,"max_hp_per_floor":[71,71,71,71,71,71,71,71,71,71,71,71,71,71,71,71,71,71,71,71,71,71,71,71],"card_choices":[{"not_picked":["Steam","Compile Driver"],"picked":"Beam Cell","floor":1.0},{"not_picked":["Leap","Redo"],"picked":"Biased Cognition","floor":2.0},{"not_picked":["Steam","Genetic Algorithm"],"picked":"Cold Snap","floor":3.0},{"not_picked":["Rebound","Conserve Battery"],"picked":"Sweeping Beam","floor":4.0},{"not_picked":["Storm","Skim"],"picked":"Meteor Strike","floor":5.0},{"not_picked":["Sweeping Beam","Capacitor"],"picked":"Reprogram","floor":7.0},{"not_picked":["Gash","Leap"],"picked":"Cold Snap","floor":11.0},{"not_picked":["Leap","Rebound"],"picked":"Coolheaded","floor":14.0},{"not_picked":["Multi-Cast","Meteor Strike"],"picked":"Core Surge","floor":16.0},{"not_picked":["Barrage","Rebound"],"picked":"Rip and Tear","floor":18.0},{"not_picked":["Steam Power","Barrage"],"picked":"Coolheaded","floor":20.0}],"player_experience":1325453,"relics_obtained":[{"floor":9.0,"key":"Lantern"}],"event_choices":[{"damage_healed":23.0,"max_hp_gain":0.0,"max_hp_loss":0.0,"gold_gain":0.0,"event_name":"Big Fish","player_choice":"Banana","floor":10.0,"gold_loss":0.0,"damage_taken":0.0},{"damage_healed":0.0,"max_hp_gain":0.0,"max_hp_loss":0.0,"gold_gain":0.0,"event_name":"Shining Light","player_choice":"Ignored","floor":13.0,"gold_loss":0.0,"damage_taken":0.0},{"damage_healed":0.0,"max_hp_gain":0.0,"max_hp_loss":0.0,"gold_gain":50.0,"event_name":"Nest","player_choice":"Stole From Cult","floor":19.0,"gold_loss":0.0,"damage_taken":0.0},{"cards_removed":["Strike_B"],"damage_healed":0.0,"max_hp_gain":0.0,"max_hp_loss":0.0,"gold_gain":0.0,"event_name":"Beggar","player_choice":"Gave Gold","floor":22.0,"gold_loss":75.0,"damage_taken":0.0}],"is_beta":false,"boss_relics":[{"not_picked":["Calling Bell","SlaversCollar"],"picked":"Cursed Key"}],"items_purged_floors":[21],"is_endless":false,"potions_floor_spawned":[2,4,7,14,16,20],"killed_by":"Book of Stabbing","ascension_level":20}}