{"host":"gmhvrhqrqxog9im1","time":1607811072,"event":{"mods":["2.2 Compatiblity","AchievementEnabler","BaseMod","Better Third Choice","BetterRewards","Colored Map","Conspire","Infinite Spire","Minty Spire (QoL Compilation)","Replay The Spire","Say the Spire","Shop Mod","StSLib","The Jungle"],"gold_per_floor":[115,89,52,72,247,273,309,324,349,368,382,382,400,47,47,150,150,164,164,164,164,164,164,175,175,175,175,191,191,191,191,217,233,233,353,353,390,390,429,476,476,476,476,476],"floor_reached":43,"playtime":1592,"items_purged":["Doubt"],"score":695,"play_id":"389e79cd-5e72-489c-a69d-61a031b27be3","local_time":"20201213001112","is_ascension_mode":true,"campfire_choices":[{"data":"Footwork","floor":12,"key":"SMITH"},{"floor":15,"key":"REST"},{"data":"Accuracy","floor":23,"key":"SMITH"},{"data":"Malaise","floor":25,"key":"SMITH"},{"data":"Discovery","floor":27,"key":"SMITH"},{"floor":34,"key":"REST"},{"floor":42,"key":"REST"}],"circlet_count":0,"master_deck":["Strike_G","Strike_G","Strike_G","Defend_G","Defend_G","Defend_G","Defend_G","Survivor","Neutralize","Deadly Poison","Cloak And Dagger+1","Footwork+1","Poisoned Stab","Heel Hook","Infinite Blades","Cloak And Dagger","Bane","Poisoned Stab","Accuracy+1","Crippling Poison","Discovery+1","Dagger Spray","Bane","Dodge and Roll","Malaise+1","Dagger Spray","Necronomicurse","Backstab","Calculated Gamble+1","Deflect+1","infinitespire:Neurotoxin","conspire:PoisonWeapons+1","Die Die Die+1","Bullet Time+1","Accuracy","Riddle With Holes","Poisoned Stab","Catalyst+1"],"relics":["Ring of the Snake","NeowsBlessing","betterThird:SlimedRelic","Replay:Wax Seal","Replay:Rubber Ducky","Replay:Baseball","Pet Ghost","BargainBundle","Honey Jar","Necronomicon","Bottled Lightning","Chameleon Ring","Ice Cream","infinitespire:EvilPickle","Astrolabe"],"acts_visited":["Exordium","TheCity","TheBeyond"],"potions_floor_usage":[8,11,16,16,16,16,28,28,28,28,32,32,35,43,43,43],"damage_taken":[{"damage":0,"enemies":"Cultist","floor":1,"turns":1},{"damage":0,"enemies":"2 Louse","floor":4,"turns":1},{"damage":0,"enemies":"Gremlin Nob","floor":6,"turns":1},{"damage":18,"enemies":"conspire:MimicChest","floor":7,"turns":7},{"damage":9,"enemies":"Small Slimes","floor":8,"turns":4},{"damage":9,"enemies":"Blue Slaver","floor":10,"turns":5},{"damage":11,"enemies":"Lots of Slimes","floor":11,"turns":4},{"damage":6,"enemies":"Looter","floor":13,"turns":3},{"damage":0,"enemies":"Hexaghost","floor":16,"turns":8},{"damage":22,"enemies":"Shell Parasite","floor":18,"turns":5},{"damage":5,"enemies":"conspire:FuzzyDice","floor":24,"turns":5},{"damage":6,"enemies":"Snake Plant","floor":28,"turns":4},{"damage":3,"enemies":"Replay:Snechameleon","floor":32,"turns":4},{"damage":16,"enemies":"Centurion and Healer","floor":33,"turns":7},{"damage":16,"enemies":"Pondfish","floor":35,"turns":9},{"damage":0,"enemies":"3 Darklings","floor":37,"turns":3},{"damage":25,"enemies":"3 Shapes","floor":39,"turns":4},{"damage":17,"enemies":"Writhing Mass","floor":40,"turns":6},{"damage":46,"enemies":"Reptomancer","floor":43,"turns":5}],"seed_played":"1341748868767541019","potions_obtained":[{"floor":8,"key":"Fruit Juice"},{"floor":10,"key":"Reflective Coating"},{"floor":11,"key":"Weak Potion"},{"floor":13,"key":"Strength Potion"},{"floor":16,"key":"AttackPotion"},{"floor":24,"key":"ColorlessPotion"},{"floor":33,"key":"CultistPotion"},{"floor":39,"key":"AttackPotion"},{"floor":40,"key":"Energy Potion"}],"is_trial":false,"path_per_floor":["M","?","$","M","?","E","?","M","T","M","M","R","M","$","R","B",null,"M","?","?","?","?","R","M","R","T","R","M","PTL","PTL","T","E","M","R","B",null,"M","?","M","M","?","R","E"],"character_chosen":"THE_SILENT","items_purchased":["Cloak And Dagger+1","Pet Ghost","BargainBundle","Accuracy","Crippling Poison","Discovery","Energy Potion","EntropicBrew","Dagger Spray","Bane","Dodge and Roll"],"campfire_rested":3,"item_purchase_floors":[3,14,14,14,14,14,14,14,14,14,14],"current_hp_per_floor":[63,52,52,52,52,52,34,30,30,21,10,10,4,4,26,26,63,41,41,66,52,36,36,31,31,31,31,25,25,25,25,22,6,30,14,64,64,64,39,22,22,46,0,0],"gold":476,"neow_bonus":"THREE_ENEMY_KILL","is_daily":false,"chose_seed":false,"campfire_upgraded":4,"win_rate":0.0,"timestamp":1607811072,"path_taken":["M","?","$","M","?","E","?","?","T","M","M","R","M","?","R","BOSS","M","?","?","?","?","R","M","R","T","R","M","PTL","PTL","?","E","M","R","BOSS","M","?","M","?","?","R","E"],"items_purchased_type":["Card","Relic","Relic","Card","Card","Card","Potion","Potion","Card","Card","Card"],"build_version":"2020-11-30","purchased_purges":1,"victory":false,"max_hp_per_floor":[70,70,70,70,70,70,70,75,75,75,75,75,75,75,75,75,75,75,75,75,80,80,80,80,80,80,80,80,80,80,80,80,80,80,80,80,80,80,80,80,80,80,80,80],"card_choices":[{"not_picked":["Outmaneuver","Choke"],"picked":"Deadly Poison","floor":1},{"not_picked":["Bane","Outmaneuver"],"picked":"Footwork","floor":4},{"not_picked":["Dodge and Roll","Endless Agony"],"picked":"Poisoned Stab","floor":6},{"not_picked":["Expertise","Dagger Throw"],"picked":"Heel Hook","floor":7},{"not_picked":["Leg Sweep","Sucker Punch"],"picked":"Infinite Blades","floor":8},{"not_picked":["Acrobatics","Backflip"],"picked":"Cloak And Dagger","floor":10},{"not_picked":["ReplayTheSpireMod:From All Sides","Setup"],"picked":"Bane","floor":11},{"not_picked":["Blade Dance","Footwork"],"picked":"Poisoned Stab","floor":13},{"not_picked":["Die Die Die","Phantasmal Killer"],"picked":"Malaise","floor":16},{"not_picked":["Quick Slash","Dagger Throw","Dodge and Roll"],"picked":"Dagger Spray","floor":18},{"not_picked":["Bane","Dagger Throw","Acrobatics"],"picked":"Backstab","floor":24},{"not_picked":["Sneak Up","Leg Sweep+1","Prepared"],"picked":"Calculated Gamble+1","floor":28},{"not_picked":["Deadly Poison","Cloak And Dagger","Poisoned Stab+1"],"picked":"Deflect+1","floor":32},{"not_picked":["ReplayTheSpireMod:Scrap Shanks","Draining Mist","Endless Agony"],"picked":"Sneak Up","floor":33},{"not_picked":["Wraith Form v2","A Thousand Cuts","Storm of Steel"],"picked":"infinitespire:Neurotoxin","floor":35},{"not_picked":["Backstab","Deflect","Masterful Stab+1"],"picked":"Accuracy","floor":37},{"not_picked":["Sucker Punch+1","Underhanded Strike","Leg Sweep"],"picked":"Poisoned Stab","floor":39},{"not_picked":["Wraith Form v2","Sucker Punch","ReplayTheSpireMod:Scrap Shanks+1"],"picked":"Catalyst+1","floor":40}],"player_experience":590773,"relics_obtained":[{"floor":6,"key":"Replay:Wax Seal"},{"floor":7,"key":"Replay:Rubber Ducky"},{"floor":9,"key":"Replay:Baseball"},{"floor":22,"key":"Necronomicon"},{"floor":26,"key":"Bottled Lightning"},{"floor":31,"key":"Chameleon Ring"},{"floor":32,"key":"Ice Cream"}],"event_choices":[{"damage_healed":0,"gold_gain":0,"player_choice":"Slimed","damage_taken":11,"max_hp_gain":0,"max_hp_loss":0,"event_name":"betterThird:BetterGoop","floor":2,"gold_loss":26},{"damage_healed":0,"gold_gain":175,"player_choice":"AGREE","damage_taken":72,"max_hp_gain":0,"max_hp_loss":0,"event_name":"betterThird:BetterSerpent","floor":5,"gold_loss":0},{"damage_healed":0,"gold_gain":0,"player_choice":"Ignored","damage_taken":0,"max_hp_gain":0,"max_hp_loss":0,"event_name":"Vampires","floor":19,"gold_loss":0},{"damage_healed":25,"gold_gain":0,"player_choice":"Heal","damage_taken":0,"max_hp_gain":0,"max_hp_loss":0,"event_name":"The Library","floor":20,"gold_loss":0},{"damage_healed":0,"gold_gain":0,"player_choice":"Shed Blood","damage_taken":19,"max_hp_gain":5,"max_hp_loss":0,"event_name":"Forgotten Altar","floor":21,"gold_loss":0},{"damage_healed":0,"gold_gain":0,"player_choice":"Obtained Book","damage_taken":16,"max_hp_gain":0,"max_hp_loss":0,"event_name":"Cursed Tome","floor":22,"gold_loss":0},{"damage_healed":0,"gold_gain":0,"cards_transformed":["Defend_G"],"player_choice":"Transformed","damage_taken":0,"max_hp_gain":0,"max_hp_loss":0,"event_name":"Transmorgrifier","floor":38,"gold_loss":0,"cards_obtained":["Riddle With Holes"]},{"damage_healed":0,"gold_gain":0,"player_choice":"Ignored","damage_taken":0,"max_hp_gain":0,"max_hp_loss":0,"event_name":"Tomb of Lord Red Mask","floor":41,"gold_loss":0}],"is_beta":false,"boss_relics":[{"not_picked":["Pandora\u0027s Box","ChewingGum"],"picked":"Honey Jar"},{"not_picked":["Replay:Wanted Poster","Painkiller Herb"],"picked":"Astrolabe"}],"items_purged_floors":[14],"is_endless":false,"potions_floor_spawned":[8,10,11,13,16,24,33,39,40],"killed_by":"Reptomancer","ascension_level":7}}