{"host":"uceopoba4zvqsgiy","time":1607806672,"event":{"mods":["Act Like it!","BaseMod","Better Skull","Better Third Choice","Elementarium","GifTheSpireLib","Hermit","Humility","Infinite Spire","Jorbs\u0027s Wanderer Trilogy","Marked Mod","Minty Spire (QoL Compilation)","Potionbrewer","Replay The Spire","Robot Space Explorer","Shade Mod","Spicy Shops","StSLib","Stuff the Spire","The Blue Laboratory","The Cursed","The Dragon Tamer","The Hierophant","The Judge","The Jungle","Wandering Minibosses"],"gold_per_floor":[111,123,123,134,77,77,77,77],"floor_reached":7,"playtime":300,"items_purged":[],"score":59,"play_id":"884a80c8-866c-4ea7-8bf1-760f3fe41f70","local_time":"20201213072752","is_ascension_mode":true,"campfire_choices":[{"data":"Zap","floor":6,"key":"SMITH"}],"circlet_count":0,"master_deck":["Strike_B","Strike_B","Strike_B","Strike_B","Defend_B","Defend_B","Defend_B","Defend_B","Zap+1","Dualcast"],"relics":["Cracked Core","NeowsBlessing","CaptainsWheel"],"acts_visited":["Exordium"],"potions_floor_usage":[],"damage_taken":[{"damage":0,"enemies":"2 Louse","floor":1,"turns":1},{"damage":0,"enemies":"Jaw Worm","floor":2,"turns":1},{"damage":0,"enemies":"Cultist","floor":4,"turns":1},{"damage":70,"enemies":"3 Sentries","floor":7,"turns":9}],"seed_played":"6825729061443220651","potions_obtained":[],"is_trial":false,"path_per_floor":["M","M","?","M","?","R","E"],"character_chosen":"DEFECT","items_purchased":[],"campfire_rested":0,"item_purchase_floors":[],"current_hp_per_floor":[68,68,68,68,68,68,0,0],"gold":77,"neow_bonus":"THREE_ENEMY_KILL","is_daily":false,"chose_seed":false,"campfire_upgraded":1,"win_rate":0.0,"timestamp":1607806672,"path_taken":["M","M","?","M","?","R","E"],"items_purchased_type":[],"build_version":"2020-11-30","purchased_purges":0,"victory":false,"max_hp_per_floor":[75,75,75,75,75,75,75,75],"card_choices":[{"not_picked":["StuffTheSpire:LoadUp","Conserve Battery","Go for the Eyes"],"picked":"SKIP","floor":1},{"not_picked":["Panic Button","Barrage","Steam"],"picked":"SKIP","floor":2},{"not_picked":["Barrage","Hologram","Cold Snap"],"picked":"SKIP","floor":4}],"player_experience":1485750,"relics_obtained":[],"event_choices":[{"damage_healed":0,"gold_gain":0,"player_choice":"Leave","damage_taken":0,"max_hp_gain":0,"max_hp_loss":0,"event_name":"The Cleric","floor":3,"gold_loss":0},{"damage_healed":0,"gold_gain":0,"player_choice":"Paid Gold","damage_taken":0,"relics_obtained":["CaptainsWheel"],"max_hp_gain":0,"max_hp_loss":0,"event_name":"WeMeetAgain","floor":5,"gold_loss":57}],"is_beta":false,"boss_relics":[],"items_purged_floors":[],"is_endless":false,"potions_floor_spawned":[],"killed_by":"3 Sentries","ascension_level":9}}