{"host":"91n1pc4te07j54gv","time":1607747096,"event":{"mods":["BaseMod","BetterRewards","Colored Powertips","Downfall","Highlight Path","Infinite Spire","Minty Spire (QoL Compilation)","Quick Restart","Relic Filter","Relic Stats","Replay The Spire","Spicy Shops","StSLib"],"gold_per_floor":[362,375,388,338,356,391,391,391,473,473,473],"floor_reached":10,"playtime":251,"items_purged":[],"score":102,"play_id":"7cb938fc-bf23-4331-b20e-eedea6687966","local_time":"20201212122456","is_ascension_mode":true,"campfire_choices":[{"floor":7.0,"key":"REST"}],"circlet_count":0,"master_deck":["AscendersBane","Strike_B","Strike_B","Strike_B","Defend_B","Defend_B","Defend_B","Zap","Dualcast","Ball Lightning","Genetic Algorithm","Crystallizer","Leap+1"],"relics":["Cracked Core","Toxic Egg 2","Quantum Egg"],"acts_visited":["Exordium"],"potions_floor_usage":[],"damage_taken":[{"damage":1.0,"enemies":"Cultist","floor":1.0,"turns":3.0},{"damage":3.0,"enemies":"Small Slimes","floor":2.0,"turns":3.0},{"damage":7.0,"enemies":"Jaw Worm","floor":3.0,"turns":3.0},{"damage":11.0,"enemies":"Exordium Thugs","floor":5.0,"turns":2.0},{"damage":27.0,"enemies":"Gremlin Nob","floor":6.0,"turns":4.0},{"damage":20,"enemies":"3 Sentries","floor":10,"turns":5}],"seed_played":"-4490443662716987273","potions_obtained":[{"floor":2.0,"key":"ColorlessPotion"}],"is_trial":false,"path_per_floor":["M","M","M","?","M","E","R","?","T","E"],"character_chosen":"DEFECT","items_purchased":[],"campfire_rested":1,"item_purchase_floors":[],"current_hp_per_floor":[49,46,39,39,28,1,23,23,23,3,3],"gold":473,"neow_bonus":"TWO_FIFTY_GOLD","is_daily":false,"chose_seed":false,"campfire_upgraded":0,"win_rate":0.0,"timestamp":1607747096,"path_taken":["M","M","M","?","M","E","R","?","T","E"],"items_purchased_type":[],"build_version":"2020-11-30","purchased_purges":0,"victory":false,"max_hp_per_floor":[75,75,75,75,75,75,75,75,75,75,75],"relic_stats":{"counters":[6,20],"obtain_stats":[{"Quantum Egg":9,"Toxic Egg 2":6,"Cracked Core":0},{"Quantum Egg":5,"Toxic Egg 2":5,"Cracked Core":0},{"Quantum Egg":15,"Toxic Egg 2":15,"Cracked Core":0}]},"card_choices":[{"not_picked":["Steam","Rebound","Barrage"],"picked":"SKIP","floor":1.0},{"not_picked":["BasicCrystalCard","Coolheaded"],"picked":"Ball Lightning","floor":2.0},{"not_picked":["Leap","Barrage"],"picked":"Genetic Algorithm","floor":3.0},{"not_picked":["Panic Button","Gash"],"picked":"Crystallizer","floor":5.0},{"not_picked":["Compile Driver","Gash"],"picked":"Leap+1","floor":6.0}],"player_experience":940648,"relics_obtained":[{"floor":6.0,"key":"Toxic Egg 2"},{"floor":9,"key":"Quantum Egg"}],"event_choices":[{"cards_removed":["Defend_B"],"damage_healed":0.0,"max_hp_gain":0.0,"max_hp_loss":0.0,"gold_gain":0.0,"event_name":"The Cleric","player_choice":"Card Removal","floor":4.0,"gold_loss":50.0,"damage_taken":0.0},{"cards_removed":["Strike_B"],"damage_healed":0,"gold_gain":0,"player_choice":"Forget","damage_taken":0,"max_hp_gain":0,"max_hp_loss":0,"event_name":"Living Wall","floor":8,"gold_loss":0}],"is_beta":false,"boss_relics":[],"items_purged_floors":[],"is_endless":false,"potions_floor_spawned":[2],"killed_by":"3 Sentries","ascension_level":10}}