{"host":"m1ntkrf87179kmo6","time":1607781876,"event":{"mods":["BaseMod","Better Third Choice","Minty Spire (QoL Compilation)","Shade Mod","StSLib"],"gold_per_floor":[119,130,144,163,179,179,212,212,212,212,232,232,87,87,87,187,187,200,275,285,239,250,250,284,284,311,336,336,349,349,366,366,366,366],"floor_reached":33,"playtime":3010,"items_purged":[],"score":289,"play_id":"ac347548-21aa-4418-be23-e02214d045ad","local_time":"20201212090436","is_ascension_mode":false,"campfire_choices":[{"floor":6,"key":"RECALL"},{"data":"Shade:ExtraLimbs","floor":12,"key":"SMITH"},{"floor":15,"key":"REST"},{"data":"Shade:ExtraLimbs","floor":23,"key":"SMITH"},{"floor":25,"key":"DIG"},{"floor":30,"key":"REST"},{"floor":32,"key":"REST"}],"circlet_count":0,"master_deck":["Shade:Strike_Shade","Shade:Strike_Shade","Shade:Strike_Shade","Shade:Defend_Shade","Shade:Defend_Shade","Shade:Defend_Shade","Shade:Defend_Shade","Shade:AnimateDead+1","Shade:CarefulCut","Shade:Bite_Shade","Shade:ClawBack","Shade:ExtraLimbs+1","Shade:ExtraLimbs+1","Shade:AblativeArmor","CurseOfTheBell","Shade:ClawBack+1","Shade:GreyBargain","Shade:ExtraLimbs+1","Shade:AncientSpear+1","Shade:FuneraryJewels"],"relics":["Shade:YorickSkull","Tiny Chest","White Beast Statue","Blood Vial","Art of War","Calling Bell","Nunchaku","Molten Egg 2","FossilizedHelix","Shovel","The Courier","Toy Ornithopter","Omamori"],"acts_visited":["Exordium","TheCity"],"potions_floor_usage":[7,16,20,22,24,24,27,28,29,33,33],"damage_taken":[{"damage":0,"enemies":"2 Louse","floor":1,"turns":3},{"damage":0,"enemies":"Jaw Worm","floor":2,"turns":3},{"damage":0,"enemies":"Cultist","floor":3,"turns":3},{"damage":2,"enemies":"Blue Slaver","floor":4,"turns":4},{"damage":0,"enemies":"Large Slime","floor":5,"turns":8},{"damage":9,"enemies":"3 Sentries","floor":7,"turns":7},{"damage":0,"enemies":"Gremlin Gang","floor":11,"turns":4},{"damage":39,"enemies":"The Guardian","floor":16,"turns":10},{"damage":7,"enemies":"Chosen","floor":18,"turns":6},{"damage":0,"enemies":"3 Byrds","floor":20,"turns":5},{"damage":0,"enemies":"Centurion and Healer","floor":22,"turns":6},{"damage":11,"enemies":"Book of Stabbing","floor":24,"turns":4},{"damage":28,"enemies":"Slavers","floor":27,"turns":7},{"damage":18,"enemies":"Snake Plant","floor":28,"turns":4},{"damage":26,"enemies":"3 Cultists","floor":29,"turns":5},{"damage":17,"enemies":"Sentry and Sphere","floor":31,"turns":5},{"damage":56,"enemies":"Champ","floor":33,"turns":10}],"seed_played":"-2517159804687581267","potions_obtained":[{"floor":1,"key":"SmokeBomb"},{"floor":4,"key":"CultistPotion"},{"floor":5,"key":"FearPotion"},{"floor":11,"key":"AttackPotion"},{"floor":16,"key":"PowerPotion"},{"floor":18,"key":"DuplicationPotion"},{"floor":20,"key":"FearPotion"},{"floor":22,"key":"CultistPotion"},{"floor":24,"key":"PowerPotion"},{"floor":27,"key":"Fire Potion"},{"floor":29,"key":"Dexterity Potion"},{"floor":31,"key":"SkillPotion"}],"is_trial":false,"path_per_floor":["M","M","M","M","M","R","E","?","T","T","M","R","$","T","R","B",null,"M","?","M","$","M","R","E","R","T","E","M","M","R","M","R","B"],"character_chosen":"SHADE","items_purchased":["Blood Vial","Shade:GreyBargain"],"campfire_rested":3,"item_purchase_floors":[13,21],"current_hp_per_floor":[65,65,65,63,65,65,56,49,49,49,51,51,51,51,65,28,65,60,54,60,60,65,65,56,56,56,37,28,9,28,15,34,0,0],"gold":366,"neow_bonus":"UPGRADE_CARD","is_daily":false,"chose_seed":false,"campfire_upgraded":2,"win_rate":0.0,"timestamp":1607781876,"path_taken":["M","M","M","M","M","R","E","?","T","?","?","R","$","?","R","BOSS","M","?","M","$","M","R","E","R","T","E","?","?","R","M","R","BOSS"],"items_purchased_type":["Relic","Card"],"build_version":"2020-11-30","purchased_purges":0,"victory":false,"max_hp_per_floor":[65,65,65,65,65,65,65,65,65,65,65,65,65,65,65,65,65,65,65,65,65,65,65,65,65,65,65,65,65,65,65,65,65,65],"card_choices":[{"not_picked":["Shade:FingerOfDeath","Shade:GreyBargain"],"picked":"Shade:Bite_Shade","floor":1},{"not_picked":["Shade:FeralStrike","Shade:RitualOffering","Shade:Awaken"],"picked":"SKIP","floor":2},{"not_picked":["Shade:Haruspicy","Shade:WallOfFlesh"],"picked":"Shade:ClawBack","floor":3},{"not_picked":["Shade:BoneShards","Shade:SpectralStrikes","Shade:ClawBack"],"picked":"SKIP","floor":4},{"not_picked":["Shade:FeralStrike","Shade:Frenzy"],"picked":"Shade:ExtraLimbs","floor":5},{"not_picked":["Shade:GraveStillness","Shade:AncientSpear"],"picked":"Shade:ExtraLimbs","floor":7},{"not_picked":["Shade:CommandSoldier","Shade:FeralStrike"],"picked":"Shade:AblativeArmor","floor":11},{"not_picked":["Shade:Premonition","Shade:GraveStillness","Shade:CoffinDance+1"],"picked":"SKIP","floor":18},{"not_picked":["Shade:SanguineRitual","Shade:Asphyxiate+1"],"picked":"Shade:ClawBack+1","floor":20},{"not_picked":["Shade:BoneShards+1","Shade:SkeletonHug+1"],"picked":"Shade:ExtraLimbs+1","floor":22},{"not_picked":["Shade:SkeletonHug+1","Shade:GreyBargain"],"picked":"Shade:AncientSpear+1","floor":24},{"not_picked":["Shade:Frenzy","Shade:GoDigging+1","Shade:SelfBurial"],"picked":"SKIP","floor":27},{"not_picked":["Shade:Premonition+1","Shade:CommandSoldier","Shade:Trample+1"],"picked":"SKIP","floor":29},{"not_picked":["Shade:SkeletonHug+1","Shade:Trample+1"],"picked":"Shade:FuneraryJewels","floor":31}],"player_experience":969073,"relics_obtained":[{"floor":7,"key":"Tiny Chest"},{"floor":10,"key":"White Beast Statue"},{"floor":14,"key":"Art of War"},{"floor":17,"key":"Nunchaku"},{"floor":17,"key":"Molten Egg 2"},{"floor":17,"key":"FossilizedHelix"},{"floor":24,"key":"Shovel"},{"floor":25,"key":"The Courier"},{"floor":26,"key":"Toy Ornithopter"},{"floor":27,"key":"Omamori"}],"event_choices":[{"cards_removed":["Shade:Strike_Shade"],"damage_healed":0,"gold_gain":0,"player_choice":"Card Removal","damage_taken":7,"max_hp_gain":0,"max_hp_loss":0,"event_name":"Golden Wing","floor":8,"gold_loss":0},{"damage_healed":0,"gold_gain":75,"player_choice":"Touch","damage_taken":6,"max_hp_gain":0,"max_hp_loss":0,"event_name":"FaceTrader","floor":19,"gold_loss":0}],"is_beta":false,"boss_relics":[{"not_picked":["Astrolabe","Philosopher\u0027s Stone"],"picked":"Calling Bell"}],"items_purged_floors":[],"is_endless":false,"potions_floor_spawned":[1,4,5,11,16,18,20,22,24,27,28,29,31],"killed_by":"Champ","ascension_level":0}}