{"host":"ypphcgdomtfqpc2w","time":1607779702,"event":{"mods":["BaseMod","DeckTracker","Minty Spire (QoL Compilation)","Relic Stats","StSLib"],"gold_per_floor":[109,109,109,125,144,144,174,174,174,203,203,223,239,219,219,290,290,307,326,338,355,355,355,384,384,384,104,144,180,219,272,272,345,345,389,428,221,254,309,365,365,365,365,417,417,445,490,524,524,524,524],"floor_reached":50,"playtime":5774,"items_purged":["Strike_R","Strike_R"],"score":1370,"play_id":"7a8a10d1-97ad-4c81-9cc6-d9f7ecf5bc08","local_time":"20201212222822","is_ascension_mode":true,"campfire_choices":[{"data":"Armaments","floor":6.0,"key":"SMITH"},{"floor":8.0,"key":"REST"},{"data":"Battle Trance","floor":11.0,"key":"SMITH"},{"data":"Uppercut","floor":15.0,"key":"SMITH"},{"data":"Demon Form","floor":23.0,"key":"SMITH"},{"data":"Offering","floor":25.0,"key":"SMITH"},{"data":"Shrug It Off","floor":32.0,"key":"SMITH"},{"floor":41.0,"key":"REST"},{"data":"Enlightenment","floor":45.0,"key":"SMITH"},{"floor":49.0,"key":"RECALL"}],"circlet_count":0,"master_deck":["AscendersBane","Strike_R+1","Strike_R+1","Defend_R","Defend_R","Defend_R","Power Through","Uppercut+1","Second Wind","Offering+1","Armaments+1","True Grit+1","Battle Trance+1","Headbutt","Fiend Fire","Demon Form+1","Warcry","Iron Wave","Thunderclap","Shrug It Off+1","Clumsy","HandOfGreed","Battle Trance","Ghostly Armor","Sentinel","Flame Barrier","Enlightenment+1","Dual Wield","Flash of Steel","Discovery","Normality","Second Wind","Ghostly Armor+1"],"relics":["Burning Blood","Meat on the Bone","Strawberry","Bottled Flame","Cursed Key","Du-Vu Doll","Shuriken","Regal Pillow","SacredBark","FossilizedHelix","Dead Branch","Gremlin Horn","Blood Vial","TungstenRod","Bag of Preparation"],"acts_visited":["Exordium","TheCity","TheBeyond"],"potions_floor_usage":[50],"damage_taken":[{"damage":0.0,"enemies":"2 Louse","floor":1.0,"turns":3.0},{"damage":1.0,"enemies":"Cultist","floor":4.0,"turns":4.0},{"damage":6.0,"enemies":"Small Slimes","floor":5.0,"turns":4.0},{"damage":27.0,"enemies":"3 Sentries","floor":7.0,"turns":14.0},{"damage":33.0,"enemies":"Lagavulin","floor":10.0,"turns":9.0},{"damage":22.0,"enemies":"Gremlin Gang","floor":12.0,"turns":7.0},{"damage":9.0,"enemies":"Large Slime","floor":13.0,"turns":7.0},{"damage":30.0,"enemies":"The Guardian","floor":16.0,"turns":22.0},{"damage":10.0,"enemies":"Shell Parasite","floor":18.0,"turns":5.0},{"damage":19.0,"enemies":"3 Byrds","floor":19.0,"turns":6.0},{"damage":8.0,"enemies":"Shelled Parasite and Fungi","floor":20.0,"turns":4.0},{"damage":12.0,"enemies":"Centurion and Healer","floor":21.0,"turns":6.0},{"damage":27.0,"enemies":"Slavers","floor":24.0,"turns":8.0},{"damage":11.0,"enemies":"Snake Plant","floor":28.0,"turns":2.0},{"damage":0.0,"enemies":"Snecko","floor":29.0,"turns":3.0},{"damage":14.0,"enemies":"Centurion and Healer","floor":30.0,"turns":7.0},{"damage":6.0,"enemies":"Gremlin Leader","floor":31.0,"turns":8.0},{"damage":23.0,"enemies":"Automaton","floor":33.0,"turns":8.0},{"damage":14.0,"enemies":"Orb Walker","floor":35.0,"turns":4.0},{"damage":45.0,"enemies":"3 Darklings","floor":36.0,"turns":8.0},{"damage":11.0,"enemies":"Spire Growth","floor":38.0,"turns":9.0},{"damage":28.0,"enemies":"2 Orb Walkers","floor":39.0,"turns":3.0},{"damage":30.0,"enemies":"Giant Head","floor":40.0,"turns":10.0},{"damage":35.0,"enemies":"Reptomancer","floor":44.0,"turns":8.0},{"damage":6.0,"enemies":"Giant Head","floor":46.0,"turns":8.0},{"damage":0.0,"enemies":"Mind Bloom Boss Battle","floor":47.0,"turns":9.0},{"damage":8.0,"enemies":"Nemesis","floor":48.0,"turns":7.0},{"damage":96,"enemies":"Awakened One","floor":50,"turns":10}],"seed_played":"-341099367208791434","potions_obtained":[{"floor":1.0,"key":"Swift Potion"},{"floor":5.0,"key":"DuplicationPotion"},{"floor":12.0,"key":"ColorlessPotion"},{"floor":14.0,"key":"Fruit Juice"},{"floor":19.0,"key":"Ancient Potion"},{"floor":21.0,"key":"AttackPotion"},{"floor":24.0,"key":"Weak Potion"},{"floor":31.0,"key":"CultistPotion"},{"floor":35.0,"key":"SpeedPotion"},{"floor":38.0,"key":"SkillPotion"},{"floor":40.0,"key":"EssenceOfSteel"},{"floor":46.0,"key":"Energy Potion"},{"floor":48.0,"key":"SpeedPotion"}],"is_trial":false,"path_per_floor":["M","?","?","M","M","R","E","R","T","E","R","M","M","?","R","B",null,"M","M","M","M","?","R","E","R","T","$","M","M","M","E","R","B",null,"M","M","$","M","?","E","R","?","T","E","R","E","?","E","R","B"],"character_chosen":"IRONCLAD","items_purchased":["HandOfGreed","Enlightenment"],"campfire_rested":2,"item_purchase_floors":[27,37],"current_hp_per_floor":[56,56,33,38,38,38,17,39,46,31,31,27,36,36,36,24,68,64,51,49,60,60,60,51,51,51,51,58,64,56,56,56,51,78,70,43,43,50,40,28,69,64,64,47,47,59,67,67,67,0,0],"gold":524,"neow_bonus":"TRANSFORM_TWO_CARDS","is_daily":false,"chose_seed":false,"campfire_upgraded":7,"win_rate":0.0,"timestamp":1607779702,"path_taken":["M","?","?","M","M","R","E","R","T","E","R","M","M","?","R","BOSS","M","M","?","M","?","R","E","R","T","$","M","?","M","E","R","BOSS","M","M","$","M","?","E","R","?","T","E","R","E","?","E","R","BOSS"],"items_purchased_type":["Card","Card"],"build_version":"2020-11-30","purchased_purges":2,"victory":false,"max_hp_per_floor":[75,75,75,75,75,75,75,75,82,82,82,82,82,82,82,82,82,82,82,82,87,87,87,87,87,87,87,87,87,87,87,87,87,87,87,87,87,87,87,87,87,87,87,87,87,87,87,87,87,87,87],"relic_stats":{"Blood Vial":6,"Regal Pillow":15,"Gremlin Horn":[3,3],"counters":[28,203],"Shuriken":[21],"Dead Branch":[123],"Bag of Preparation":[2],"Cursed Key":2,"obtain_stats":[{"Regal Pillow":31,"Gremlin Horn":44,"SacredBark":34,"Dead Branch":40,"Bag of Preparation":48,"Cursed Key":17,"Burning Blood":0,"Du-Vu Doll":24,"Blood Vial":46,"Bottled Flame":10,"Shuriken":26,"Strawberry":9,"FossilizedHelix":39,"TungstenRod":47,"Meat on the Bone":7},{"Regal Pillow":17,"Gremlin Horn":24,"SacredBark":18,"Dead Branch":23,"Bag of Preparation":27,"Cursed Key":8,"Burning Blood":0,"Du-Vu Doll":13,"Blood Vial":25,"Bottled Flame":5,"Shuriken":13,"Strawberry":4,"FossilizedHelix":22,"TungstenRod":26,"Meat on the Bone":4},{"Regal Pillow":119,"Gremlin Horn":169,"SacredBark":127,"Dead Branch":161,"Bag of Preparation":193,"Cursed Key":70,"Burning Blood":0,"Du-Vu Doll":99,"Blood Vial":177,"Bottled Flame":34,"Shuriken":99,"Strawberry":25,"FossilizedHelix":151,"TungstenRod":186,"Meat on the Bone":25}],"Burning Blood":162,"TungstenRod":15,"Meat on the Bone":168},"card_choices":[{"not_picked":["Ghostly Armor","Combust"],"picked":"Second Wind","floor":1.0},{"not_picked":["Entrench","Intimidate"],"picked":"Armaments","floor":4.0},{"not_picked":["Infernal Blade","Sword Boomerang"],"picked":"True Grit","floor":5.0},{"not_picked":["Bloodletting","Uppercut","Flex"],"picked":"SKIP","floor":7.0},{"not_picked":["Bloodletting","Uppercut","Flex"],"picked":"SKIP","floor":7.0},{"not_picked":["Armaments","Cleave"],"picked":"Battle Trance","floor":10.0},{"not_picked":["Havoc","True Grit"],"picked":"Headbutt","floor":12.0},{"not_picked":["Infernal Blade","Iron Wave"],"picked":"Fiend Fire","floor":13.0},{"not_picked":["Corruption","Bludgeon"],"picked":"Demon Form","floor":16.0},{"not_picked":["Havoc","Clash"],"picked":"Warcry","floor":18.0},{"not_picked":["Warcry","Wild Strike"],"picked":"Iron Wave","floor":19.0},{"not_picked":["Warcry","Dual Wield","True Grit"],"picked":"SKIP","floor":20.0},{"not_picked":["Warcry","Dual Wield","True Grit"],"picked":"SKIP","floor":20.0},{"not_picked":["Infernal Blade","Entrench"],"picked":"Thunderclap","floor":21.0},{"not_picked":["Twin Strike","Headbutt"],"picked":"Shrug It Off","floor":24.0},{"not_picked":["Cleave","Entrench"],"picked":"Battle Trance","floor":28.0},{"not_picked":["Warcry","Carnage"],"picked":"Ghostly Armor","floor":29.0},{"not_picked":["Rampage","Immolate","True Grit"],"picked":"SKIP","floor":30.0},{"not_picked":["Clothesline","Uppercut"],"picked":"Sentinel","floor":31.0},{"not_picked":["Headbutt+1","Dual Wield","Heavy Blade"],"picked":"SKIP","floor":35.0},{"not_picked":["Armaments","Whirlwind+1"],"picked":"Flame Barrier","floor":36.0},{"not_picked":["Flame Barrier","Armaments","Dual Wield"],"picked":"SKIP","floor":38.0},{"not_picked":["Flame Barrier","Armaments"],"picked":"Dual Wield","floor":38.0},{"not_picked":["Clothesline+1","Flame Barrier","Headbutt"],"picked":"SKIP","floor":40.0},{"not_picked":["Forethought","Swift Strike"],"picked":"Flash of Steel","floor":42.0},{"not_picked":["Panacea","PanicButton"],"picked":"Discovery","floor":42.0},{"not_picked":["Heavy Blade","Dual Wield","Cleave+1"],"picked":"SKIP","floor":44.0},{"not_picked":["Sword Boomerang","Headbutt"],"picked":"Second Wind","floor":46.0},{"not_picked":["Perfected Strike","Sword Boomerang"],"picked":"Ghostly Armor+1","floor":47.0},{"not_picked":["Blood for Blood","Dual Wield","Body Slam+1"],"picked":"SKIP","floor":48.0}],"player_experience":1941698,"relics_obtained":[{"floor":7.0,"key":"Meat on the Bone"},{"floor":9.0,"key":"Strawberry"},{"floor":10.0,"key":"Bottled Flame"},{"floor":24.0,"key":"Du-Vu Doll"},{"floor":26.0,"key":"Shuriken"},{"floor":31.0,"key":"Regal Pillow"},{"floor":39.0,"key":"FossilizedHelix"},{"floor":40.0,"key":"Dead Branch"},{"floor":44.0,"key":"Gremlin Horn"},{"floor":46.0,"key":"Blood Vial"},{"floor":47.0,"key":"TungstenRod"},{"floor":48.0,"key":"Bag of Preparation"}],"event_choices":[{"damage_healed":0.0,"max_hp_gain":0.0,"max_hp_loss":0.0,"gold_gain":0.0,"cards_transformed":["Bash"],"event_name":"Living Wall","player_choice":"Change","floor":2.0,"gold_loss":0.0,"damage_taken":0.0,"cards_obtained":["Offering"]},{"damage_healed":0.0,"max_hp_gain":0.0,"max_hp_loss":0.0,"gold_gain":0.0,"event_name":"Shining Light","player_choice":"Entered Light","floor":3.0,"gold_loss":0.0,"damage_taken":23.0,"cards_upgraded":["Strike_R","Strike_R"]},{"damage_healed":0.0,"max_hp_gain":0.0,"max_hp_loss":0.0,"gold_gain":0.0,"event_name":"The Woman in Blue","player_choice":"Bought 1 Potion","floor":14.0,"gold_loss":0.0,"damage_taken":0.0},{"damage_healed":0.0,"max_hp_gain":0.0,"max_hp_loss":0.0,"gold_gain":0.0,"event_name":"Upgrade Shrine","player_choice":"Upgraded","floor":22.0,"gold_loss":0.0,"damage_taken":0.0,"cards_upgraded":["True Grit"]},{"damage_healed":0.0,"max_hp_gain":0.0,"max_hp_loss":0.0,"gold_gain":0.0,"event_name":"Mysterious Sphere","player_choice":"Fight","floor":39.0,"gold_loss":0.0,"damage_taken":0.0},{"damage_healed":0.0,"max_hp_gain":0.0,"max_hp_loss":0.0,"gold_gain":0.0,"event_name":"SensoryStone","player_choice":"Memory 2","floor":42.0,"gold_loss":0.0,"damage_taken":5.0},{"damage_healed":0.0,"max_hp_gain":0.0,"max_hp_loss":0.0,"gold_gain":0.0,"event_name":"MindBloom","player_choice":"Fight","floor":47.0,"gold_loss":0.0,"damage_taken":0.0}],"is_beta":false,"boss_relics":[{"not_picked":["Empty Cage","Runic Dome"],"picked":"Cursed Key"},{"not_picked":["Fusion Hammer","Mark of Pain"],"picked":"SacredBark"}],"items_purged_floors":[27,37],"is_endless":false,"potions_floor_spawned":[1,5,12,19,21,24,30,31,35,38,40,46,48],"killed_by":"Awakened One","ascension_level":20}}