{"host":"6o1vh5lr98s0jjq7","time":1607776091,"event":{"mods":["2.2 Compatiblity","Act Like it!","Aspiration","BaseMod","Better Altar","Better Match","Better Note","Better Third Choice","Conspire","Downfall","Gensokyo","Hallownest","Infinite Spire","Marisa????????","Minty Spire (QoL Compilation)","Replay The Spire","StSLib","The Alterego","WarShipGirlsR/????R mod"],"gold_per_floor":[113,132,144,11,0,0,31,31,57,57,22,22,22,33,33,132,132,144,144,144,156,156,156,156,166,192,227,227,244,253,282,282,413,513,573,582,636,696,731,818,818,909,936,455,506,573,573,633,633,633,633,633,465,536,536],"floor_reached":56,"playtime":3081,"items_purged":[],"score":1523,"play_id":"5413caa6-000b-42a5-bb1b-505ee7cb09f0","local_time":"20201212062811","is_ascension_mode":false,"campfire_choices":[{"floor":6,"key":"RECALL"},{"data":"EnergyFlow","floor":15,"key":"SMITH"},{"data":"DeepEcoloBomb","floor":23,"key":"SMITH"},{"floor":41,"key":"REST"},{"floor":47,"key":"REST"},{"floor":49,"key":"REST"},{"data":"infinitespire:FutureSight","floor":52,"key":"SMITH"}],"circlet_count":0,"master_deck":["Strike_MRS","Strike_MRS","Strike_MRS","Defend_MRS","Defend_MRS","Defend_MRS","Defend_MRS","MasterSpark","UpSweep","EnergyFlow+1","MysteriousBeam","NonDirectionalLaser","MachineGunSpark+1","RefractionSpark+1","6A","DeepEcoloBomb+1","ManaRampage+1","ChargeUpSpray","ChargingUp+1","EnergyFlow","DC","Parasite","Parasite","BlazeAway","AsteroidBelt","infinitespire:FutureSight+1","DarkMatter","FinalSpark","MilkyWay+1","expansioncontent:DefensiveStance","BinaryStars","MysteriousBeam+1","GalacticHalo","PowerUp","GravityBeat","Transmutation","UnstableBomb","Parasite","OpenUniverse+1","PowerUp","UnstableBomb","UnstableBomb","FinalSpark"],"relics":["MiniHakkero","NeowsBlessing","betterThird:SlimedRelic","Bag of Marbles","Sozu","Letter Opener","ShroomBag","HandmadeGrimoire","infinitespire:FocusingShard","CeramicFish","infinitespire:EvilPickle","Replay:Wanted Poster","infinitespire:Joker Card","Smiling Mask","Boot","MagicBroom","Bag of Preparation","SimpleLauncher","Chemical X","Akabeko"],"acts_visited":["Exordium","TheCity","TheBeyond","TheEnding"],"potions_floor_usage":[16,16],"damage_taken":[{"damage":0,"enemies":"2 Louse","floor":1,"turns":1},{"damage":0,"enemies":"Small Slimes","floor":2,"turns":1},{"damage":0,"enemies":"Jaw Worm","floor":3,"turns":1},{"damage":8,"enemies":"Replay:BlueRogue","floor":7,"turns":4},{"damage":8,"enemies":"Red Slaver","floor":14,"turns":4},{"damage":34,"enemies":"Slime Boss","floor":16,"turns":10},{"damage":0,"enemies":"3 Byrds","floor":18,"turns":3},{"damage":14,"enemies":"Shell Parasite","floor":21,"turns":4},{"damage":3,"enemies":"Cultist and Chosen","floor":25,"turns":5},{"damage":31,"enemies":"Book of Stabbing","floor":27,"turns":4},{"damage":0,"enemies":"3 Cultists","floor":29,"turns":3},{"damage":16,"enemies":"Snecko","floor":31,"turns":5},{"damage":30,"enemies":"Pondfish","floor":33,"turns":10},{"damage":13,"enemies":"3 Shapes","floor":35,"turns":3},{"damage":7,"enemies":"2 Orb Walkers","floor":37,"turns":3},{"damage":13,"enemies":"3 Darklings","floor":38,"turns":3},{"damage":16,"enemies":"conspire:MimicChest","floor":39,"turns":3},{"damage":13,"enemies":"Nemesis","floor":40,"turns":3},{"damage":10,"enemies":"R_Hoarder","floor":42,"turns":5},{"damage":13,"enemies":"Spire Growth","floor":45,"turns":3},{"damage":0,"enemies":"Writhing Mass","floor":46,"turns":2},{"damage":0,"enemies":"Sphere and 2 Shapes","floor":48,"turns":1},{"damage":43,"enemies":"Time Eater","floor":50,"turns":6},{"damage":0,"enemies":"Shield and Spear","floor":54,"turns":2},{"damage":77,"enemies":"The Heart","floor":55,"turns":8}],"seed_played":"-3993764390926395962","potions_obtained":[{"floor":2,"key":"FairyPotion"},{"floor":7,"key":"LiquidMemories"},{"floor":14,"key":"Energy Potion"}],"is_trial":false,"path_per_floor":["M","M","M","$","?","R","E","?","T","?","?","$","?","M","R","B",null,"M","?","T","M","?","R","?","M","T","E","T","M","AVR","M","R","B",null,"M","?","?","M","?","E","R","E","T","$","M","M","R","M","R","B",null,"R","$","E","B",null],"character_chosen":"MARISA","items_purchased":["MachineGunSpark","RefractionSpark+1","SimpleLauncher","Transmutation","Chemical X","UnstableBomb"],"campfire_rested":3,"item_purchase_floors":[4,4,44,44,53,53],"current_hp_per_floor":[75,75,75,75,64,64,56,56,56,56,74,74,74,66,66,32,75,75,75,75,61,61,61,58,55,55,28,28,30,30,18,40,14,75,64,64,59,48,34,23,45,39,39,39,26,30,52,54,75,36,75,75,75,75,3],"gold":536,"neow_bonus":"THREE_ENEMY_KILL","is_daily":false,"chose_seed":false,"campfire_upgraded":3,"win_rate":0.0,"timestamp":1607776091,"path_taken":["M","M","M","$","?","R","E","?","T","?","?","$","?","M","R","BOSS","M","?","?","?","?","R","?","M","T","E","?","M","AVR","M","R","BOSS","M","?","?","M","?","E","R","E","T","$","M","M","R","M","R","BOSS","R","$","E","BOSS"],"items_purchased_type":["Card","Card","Relic","Card","Relic","Card"],"build_version":"2020-11-30","purchased_purges":0,"victory":true,"max_hp_per_floor":[75,75,75,75,75,75,75,75,75,75,75,75,75,75,75,75,75,75,75,75,75,75,75,75,75,75,75,75,75,75,75,75,75,75,75,75,75,75,75,75,75,75,75,75,75,75,75,75,75,75,75,75,75,75,75],"card_choices":[{"not_picked":["StarBarrage","WitchLeyline"],"picked":"EnergyFlow","floor":1},{"not_picked":["OrrerysSun","AsteroidBelt"],"picked":"MysteriousBeam","floor":2},{"not_picked":["EventHorizon","SporeBomb"],"picked":"NonDirectionalLaser","floor":3},{"not_picked":["Acceleration","Orbital"],"picked":"6A","floor":7},{"not_picked":["6A","ShootingEcho"],"picked":"DeepEcoloBomb","floor":14},{"not_picked":["CasketOfStar","BinaryStars"],"picked":"ManaRampage","floor":16},{"not_picked":["NonDirectionalLaser","WitchOfGreed+1"],"picked":"ChargeUpSpray","floor":18},{"not_picked":["IllusionStar","ShootingEcho+1"],"picked":"ChargingUp+1","floor":21},{"not_picked":["6A","SuperPerseids"],"picked":"DC","floor":25},{"not_picked":["SuperNova","WitchLeyline"],"picked":"BlazeAway","floor":27},{"not_picked":["DoubleSpark","Acceleration"],"picked":"AsteroidBelt","floor":29},{"not_picked":["WitchLeyline","NonDirectionalLaser"],"picked":"DarkMatter","floor":31},{"not_picked":["SuperNova","JA"],"picked":"FinalSpark","floor":33},{"not_picked":["SprinkleStarSeal+1","MachineGunSpark+1"],"picked":"MilkyWay+1","floor":35},{"not_picked":["Dark Shackles","Finesse"],"picked":"expansioncontent:DefensiveStance","floor":36},{"not_picked":["StarlightTyphoon","WitchLeyline"],"picked":"BinaryStars","floor":37},{"not_picked":["Acceleration+1","MilkyWay"],"picked":"MysteriousBeam+1","floor":38},{"not_picked":["EnergyFlow","IllusionStar"],"picked":"GalacticHalo","floor":39},{"not_picked":["ShootTheMoon","GalacticHalo"],"picked":"PowerUp","floor":40},{"not_picked":["MagicChant+1","Singularity+1"],"picked":"GravityBeat","floor":42},{"not_picked":["DoubleSpark","ShootingEcho"],"picked":"UnstableBomb","floor":45},{"not_picked":["6A+1","BigCrunch"],"picked":"OpenUniverse+1","floor":46},{"not_picked":["OneTimeOff","LuminesStrike"],"picked":"PowerUp","floor":48},{"not_picked":["EscapeVelocity","EarthLightRay+1"],"picked":"FinalSpark","floor":54}],"player_experience":200619,"relics_obtained":[{"floor":7,"key":"Bag of Marbles"},{"floor":20,"key":"Letter Opener"},{"floor":26,"key":"ShroomBag"},{"floor":27,"key":"HandmadeGrimoire"},{"floor":28,"key":"infinitespire:FocusingShard"},{"floor":37,"key":"infinitespire:Joker Card"},{"floor":39,"key":"Smiling Mask"},{"floor":40,"key":"Boot"},{"floor":42,"key":"MagicBroom"},{"floor":43,"key":"Bag of Preparation"},{"floor":54,"key":"Akabeko"}],"event_choices":[{"damage_healed":0,"gold_gain":0,"player_choice":"Slimed","damage_taken":11,"max_hp_gain":0,"max_hp_loss":0,"event_name":"betterThird:BetterGoop","floor":5,"gold_loss":11},{"damage_healed":56,"gold_gain":0,"player_choice":"Leave","damage_taken":0,"max_hp_gain":0,"max_hp_loss":75,"event_name":"betterThird:BetterShining","floor":10,"gold_loss":0},{"damage_healed":18,"gold_gain":0,"player_choice":"Healed","damage_taken":0,"max_hp_gain":0,"max_hp_loss":0,"event_name":"The Cleric","floor":11,"gold_loss":35},{"damage_healed":0,"gold_gain":0,"player_choice":"Ignored","damage_taken":0,"max_hp_gain":0,"max_hp_loss":0,"event_name":"Golden Wing","floor":13,"gold_loss":0},{"damage_healed":0,"gold_gain":0,"player_choice":"Got Potions","damage_taken":0,"max_hp_gain":0,"max_hp_loss":0,"event_name":"Lab","floor":19,"gold_loss":0},{"damage_healed":0,"gold_gain":0,"cards_transformed":["Strike_MRS"],"player_choice":"Transformed","damage_taken":0,"max_hp_gain":0,"max_hp_loss":0,"event_name":"Transmorgrifier","floor":22,"gold_loss":0,"cards_obtained":["EnergyFlow"]},{"damage_healed":0,"gold_gain":0,"player_choice":"Punched","damage_taken":3,"max_hp_gain":0,"max_hp_loss":0,"event_name":"Designer","floor":24,"gold_loss":0},{"damage_healed":0,"gold_gain":0,"player_choice":"Memory 1","damage_taken":0,"max_hp_gain":0,"max_hp_loss":0,"event_name":"SensoryStone","floor":36,"gold_loss":0},{"damage_healed":0,"gold_gain":0,"player_choice":"Fight","damage_taken":0,"max_hp_gain":0,"max_hp_loss":0,"event_name":"Mysterious Sphere","floor":37,"gold_loss":0}],"is_beta":false,"boss_relics":[{"not_picked":["Replay:Bronze Core","Tiny House"],"picked":"Sozu"},{"not_picked":["Replay:Ancient Bell","conspire:SpecialSausage"],"picked":"Replay:Wanted Poster"}],"items_purged_floors":[],"is_endless":false,"potions_floor_spawned":[2,7,14,18,21,29,38,42,45,48],"ascension_level":0}}