{"host":"3qj1vaxru8jk8t9y","time":1607806348,"event":{"mods":["2.2 Compatiblity","AchievementEnabler","Act Like it!","BaseMod","Better Note","BetterRewards","Block Reminder","Colored Map","Colored Powertips","GifTheSpireLib","Highlight Path","Hubris","Minty Spire (QoL Compilation)","Permanent Neow","Quick Restart","Rare Cards Sparkle","Relic Sorter","Shop Mod","StSLib"],"gold_per_floor":[110,120,137,62,81,116,116,116,128,174,186,209,249,7,7,110,110,121,134,134,9,27,57,57,84,84,101,101,131,141,141,141,237,237,251,268,232,232,259,292,292,292,292,292,141,172,172,197,197,197],"floor_reached":51,"playtime":4842,"items_purged":["Strike_R","Strike_R","Bite"],"score":1105,"play_id":"fdf31e2c-e275-43ad-b74c-bb7539b649a2","local_time":"20201213045228","is_ascension_mode":true,"campfire_choices":[{"data":"hubris:StunningStrike","floor":7.0,"key":"SMITH"},{"data":"Seeing Red","floor":11.0,"key":"SMITH"},{"data":"Havoc","floor":15.0,"key":"SMITH"},{"data":"Juggernaut","floor":24.0,"key":"SMITH"},{"data":"Exhume","floor":32.0,"key":"SMITH"},{"data":"Feel No Pain","floor":41,"key":"SMITH"},{"data":"Intimidate","floor":44,"key":"SMITH"},{"data":"Havoc","floor":49,"key":"SMITH"}],"circlet_count":0,"master_deck":["Defend_R","Defend_R","Defend_R","Defend_R","Bash","Feel No Pain","Second Wind","Sever Soul","Intimidate+1","hubris:StunningStrike+1","Seeing Red+1","Havoc+1","Juggernaut+1","Bite","Bite","Bite","Intimidate+1","Power Through","Exhume+1","Dark Embrace+1","Havoc+1","Feel No Pain+1","Disarm"],"relics":["Burning Blood","Dead Branch","Juzu Bracelet","Mango","Medical Kit","Meat on the Bone","MawBank","Whetstone","Incense Burner","Lantern","Vajra","Runic Cube","Tiny Chest","PreservedInsect","hubris:AstralHammer","hubris:Icosahedron","Art of War","Runic Pyramid","hubris:GlazedTorus","hubris:ToyBattleship","hubris:TenFootPole","Bronze Scales","hubris:EmptyBottle","Centennial Puzzle","Calipers"],"acts_visited":["Exordium","TheCity","TheBeyond"],"potions_floor_usage":[50,50],"damage_taken":[{"damage":1.0,"enemies":"Cultist","floor":1.0,"turns":3.0},{"damage":10.0,"enemies":"Small Slimes","floor":2.0,"turns":4.0},{"damage":10.0,"enemies":"Jaw Worm","floor":3.0,"turns":2.0},{"damage":4.0,"enemies":"Exordium Wildlife","floor":5.0,"turns":3.0},{"damage":10.0,"enemies":"Lagavulin","floor":6.0,"turns":9.0},{"damage":12.0,"enemies":"Gremlin Nob","floor":10.0,"turns":5.0},{"damage":0.0,"enemies":"Lots of Slimes","floor":12.0,"turns":1.0},{"damage":16.0,"enemies":"3 Sentries","floor":13.0,"turns":6.0},{"damage":0.0,"enemies":"Slime Boss","floor":16.0,"turns":5.0},{"damage":3.0,"enemies":"2 Thieves","floor":18.0,"turns":4.0},{"damage":16.0,"enemies":"Spheric Guardian","floor":19.0,"turns":4.0},{"damage":0.0,"enemies":"Snake Plant","floor":22.0,"turns":3.0},{"damage":16.0,"enemies":"Slavers","floor":23.0,"turns":5.0},{"damage":5.0,"enemies":"Book of Stabbing","floor":25.0,"turns":5.0},{"damage":0.0,"enemies":"Cultist and Chosen","floor":27.0,"turns":4.0},{"damage":0.0,"enemies":"Gremlin Leader","floor":29.0,"turns":5.0},{"damage":19.0,"enemies":"Sentry and Sphere","floor":30.0,"turns":6.0},{"damage":5.0,"enemies":"hubris:MusketHawk","floor":33.0,"turns":3.0},{"damage":13,"enemies":"3 Shapes","floor":35,"turns":5},{"damage":0,"enemies":"Orb Walker","floor":36,"turns":2},{"damage":6,"enemies":"Reptomancer","floor":40,"turns":4},{"damage":0,"enemies":"Nemesis","floor":46,"turns":4},{"damage":11,"enemies":"Giant Head","floor":48,"turns":1},{"damage":14,"enemies":"Donu and Deca","floor":50,"turns":5}],"seed_played":"-2365781817837907985","potions_obtained":[{"floor":5.0,"key":"BloodPotion"},{"floor":6.0,"key":"Regen Potion"},{"floor":10.0,"key":"DistilledChaos"},{"floor":13.0,"key":"Strength Potion"},{"floor":16.0,"key":"CultistPotion"},{"floor":23.0,"key":"AttackPotion"},{"floor":29.0,"key":"FairyPotion"},{"floor":35,"key":"SkillPotion"},{"floor":40,"key":"FairyPotion"}],"is_trial":false,"path_per_floor":["M","M","M","$","M","E","R","?","T","E","R","M","E","$","R","B",null,"M","M","?","$","M","E","R","E","T","M","?","E","M","?","R","B",null,"M","M","$","T","T","E","R","$","T","R","$","E","?","E","R","B",null],"character_chosen":"IRONCLAD","items_purchased":["Juzu Bracelet","Mango","Medical Kit","Feel No Pain","Vajra","Feel No Pain","hubris:EmptyBottle"],"campfire_rested":0,"item_purchase_floors":[0,0,0,0,14,37,45],"current_hp_per_floor":[94,90,86,86,88,84,84,84,84,78,78,84,74,74,74,80,94,94,84,65,65,65,57,57,62,62,65,65,65,52,52,52,57,65,62,65,65,65,65,65,65,65,65,65,65,65,65,60,60,52],"gold":197,"neow_bonus":"","is_daily":false,"chose_seed":false,"campfire_upgraded":8,"win_rate":0.0,"timestamp":1607806348,"path_taken":["M","M","M","$","M","E","R","?","T","E","R","M","E","?","R","BOSS","M","M","?","$","M","E","R","E","T","M","?","E","M","?","R","BOSS","M","M","$","?","?","E","R","$","T","R","$","E","?","E","R","BOSS"],"items_purchased_type":["Relic","Relic","Relic","Card","Relic","Card","Relic"],"build_version":"2020-11-30","purchased_purges":3,"victory":true,"max_hp_per_floor":[94,94,94,94,94,94,94,94,94,94,94,94,94,94,94,94,94,94,94,65,65,65,65,65,65,65,65,65,65,65,65,65,65,65,65,65,65,65,65,65,65,65,65,65,65,65,65,65,65,65],"card_choices":[{"not_picked":["Twin Strike","Cleave"],"picked":"Second Wind","floor":1.0},{"not_picked":["Flame Barrier","Clothesline"],"picked":"Sever Soul","floor":2.0},{"not_picked":["Headbutt","Searing Blow"],"picked":"Intimidate","floor":3.0},{"not_picked":["Twin Strike","Shrug It Off"],"picked":"hubris:StunningStrike","floor":5.0},{"not_picked":["Burning Pact","Clothesline","Disarm"],"picked":"SKIP","floor":6.0},{"not_picked":["Corruption","Brutality"],"picked":"Seeing Red","floor":10.0},{"not_picked":["Flex","Perfected Strike"],"picked":"Havoc","floor":12.0},{"not_picked":["Second Wind","Ghostly Armor","Rupture"],"picked":"SKIP","floor":13.0},{"not_picked":["Berserk","Limit Break"],"picked":"Juggernaut","floor":16.0},{"not_picked":["Cleave+1","Evolve+1","Feel No Pain"],"picked":"SKIP","floor":18.0},{"not_picked":["Twin Strike+1","Heavy Blade","Armaments+1"],"picked":"SKIP","floor":19.0},{"not_picked":["Blood for Blood","Armaments"],"picked":"Intimidate+1","floor":22.0},{"not_picked":["Armaments+1","Iron Wave+1","Wild Strike"],"picked":"SKIP","floor":23.0},{"not_picked":["Sword Boomerang","hubris:ReadiedAction"],"picked":"Power Through","floor":25.0},{"not_picked":["Spot Weakness","Heavy Blade","Clash"],"picked":"SKIP","floor":27.0},{"not_picked":["Second Wind","Carnage+1"],"picked":"Exhume","floor":29.0},{"not_picked":["Shrug It Off","Fire Breathing+1","Sentinel"],"picked":"SKIP","floor":30.0},{"not_picked":["Thunderclap+1","Clothesline+1"],"picked":"Dark Embrace+1","floor":35},{"not_picked":["Cleave+1","hubris:ReadiedAction+1"],"picked":"Havoc","floor":36},{"not_picked":["Perfected Strike+1","Combust+1","Blood for Blood+1"],"picked":"SKIP","floor":40},{"not_picked":["Perfected Strike","Havoc","Double Tap"],"picked":"SKIP","floor":46},{"not_picked":["Body Slam+1","Rage+1"],"picked":"Disarm","floor":48}],"player_experience":302199,"relics_obtained":[{"floor":6.0,"key":"Meat on the Bone"},{"floor":9.0,"key":"Whetstone"},{"floor":10.0,"key":"Incense Burner"},{"floor":13.0,"key":"Lantern"},{"floor":23.0,"key":"Tiny Chest"},{"floor":25.0,"key":"PreservedInsect"},{"floor":26.0,"key":"hubris:AstralHammer"},{"floor":29.0,"key":"Art of War"},{"floor":38,"key":"hubris:GlazedTorus"},{"floor":39,"key":"hubris:ToyBattleship"},{"floor":40,"key":"hubris:TenFootPole"},{"floor":43,"key":"Bronze Scales"},{"floor":46,"key":"Centennial Puzzle"},{"floor":48,"key":"Calipers"}],"event_choices":[{"damage_healed":0.0,"max_hp_gain":0.0,"max_hp_loss":0.0,"gold_gain":0.0,"event_name":"WeMeetAgain","player_choice":"Gave Potion","floor":8.0,"gold_loss":0.0,"damage_taken":0.0,"relics_obtained":["MawBank"]},{"damage_healed":0.0,"max_hp_gain":0.0,"max_hp_loss":29.0,"gold_gain":0.0,"event_name":"Vampires","player_choice":"Became a vampire","floor":20.0,"gold_loss":0.0,"damage_taken":0.0,"cards_obtained":["Bite","Bite","Bite","Bite","Bite"]},{"damage_healed":0.0,"max_hp_gain":0.0,"max_hp_loss":0.0,"gold_gain":0.0,"event_name":"Lab","player_choice":"Got Potions","floor":31.0,"gold_loss":0.0,"damage_taken":0.0},{"cards_removed":["Bite"],"damage_healed":5,"gold_gain":0,"player_choice":"Offered Special","damage_taken":0,"max_hp_gain":0,"max_hp_loss":0,"event_name":"Bonfire Elementals","floor":47,"gold_loss":0}],"is_beta":false,"boss_relics":[{"not_picked":["Runic Dome","hubris:GrandSneckoEye"],"picked":"Runic Cube"},{"not_picked":["Pandora\u0027s Box","SacredBark"],"picked":"Runic Pyramid"}],"items_purged_floors":[4,14,21],"is_endless":false,"potions_floor_spawned":[5,6,10,13,16,19,23,27,29,30,35,36,40],"ascension_level":2}}