{"host":"3asmp5aovk69ekg9","time":1607747381,"event":{"mods":["BaseMod","BetterRewards","Colored Powertips","Hermit","Koishi","Magitek Elite","Minty Spire (QoL Compilation)","Permanent Neow","Remove Card Discount Mod","Shade Mod","StSLib","The Alterego","The Cursed","The Death Knight","The Fake Hero","The IronCluck","The Senshi","The Wild Card"],"gold_per_floor":[112,129,129,129,129,129,163,177,177,6,29,48,61,97,97,227,227,247,46,46,67,92,125,125,165,165,165,181,196,59,95,95,216,216,230,248,52,0,0,41,41,72,95,120,139,160,160,183,183,183,183,183,30,73,73],"floor_reached":56,"playtime":7625,"items_purged":["TheCursedMod:Dregs","Pain","Injury","alterego_mod:Defend","alterego_mod:Strike","alterego_mod:Strike","alterego_mod:Strike","alterego_mod:Defend","alterego_mod:Strike","alterego_mod:Defend"],"score":1352,"play_id":"50b835ef-089f-4cdb-8f02-d10bd42688af","local_time":"20201211202940","is_ascension_mode":true,"campfire_choices":[{"data":"alterego_mod:Impale","floor":6.0,"key":"SMITH"},{"floor":15.0,"key":"REST"},{"data":"alterego_mod:Exercise","floor":24.0,"key":"SMITH"},{"floor":27.0,"key":"RECALL"},{"data":"alterego_mod:Birthday","floor":32.0,"key":"SMITH"},{"data":"alterego_mod:Valentines","floor":41.0,"key":"SMITH"},{"data":"alterego_mod:BrynhildrsRune","floor":49,"key":"SMITH"},{"data":"alterego_mod:BiFurious","floor":52,"key":"SMITH"}],"circlet_count":0,"master_deck":["alterego_mod:Defend+1","alterego_mod:Impale+1","alterego_mod:BigMeatyClaws+1","alterego_mod:BrynhildrsRune+1","alterego_mod:BiFurious+1","alterego_mod:Valentines+1","alterego_mod:Pet","alterego_mod:Birthday+1","alterego_mod:Schoolgirl+1","alterego_mod:SakuraFive+1","alterego_mod:Mirror+1","alterego_mod:Exercise+1","alterego_mod:Tantrum+1","alterego_mod:RidiculouslyBig+1","alterego_mod:MagicResistance+1","alterego_mod:PainIsPleasure+1","alterego_mod:Support+1","alterego_mod:Complex+1","alterego_mod:Smother+1","alterego_mod:Mirror+1","alterego_mod:Undulate+1","alterego_mod:Stockings","alterego_mod:IndependentAction+1","alterego_mod:SakuraLabyrinth+1","alterego_mod:BigMeatyClaws+1","Forethought+1","alterego_mod:Nekomimi+1","Good Instincts+1","alterego_mod:BiFurious","alterego_mod:ChallengeComplete+1","alterego_mod:TrickOrTreatment+1","alterego_mod:MagicResistance+1","alterego_mod:SakuraFive","alterego_mod:DiscoLights+1","alterego_mod:Mirror+1","alterego_mod:BiFurious","Finesse+1","Enlightenment+1","Finesse+1","Impatience+1","alterego_mod:DiscoLights+1","alterego_mod:Undulate+1","alterego_mod:DiscoLights+1","alterego_mod:AlterEgo+1","alterego_mod:IndependentAction+1","alterego_mod:Birthday+1","alterego_mod:Punishment+1","alterego_mod:Undulate+1","alterego_mod:MaintainEyeContact+1","alterego_mod:Cushion+1"],"relics":["alterego_mod:MasochisticConstitution","TungstenRod","Golden Idol","WarpedTongs","Dream Catcher","Toxic Egg 2","Frozen Egg 2","Coffee Dripper","Orrery","MealTicket","Bag of Preparation","Gambling Chip","Black Star","Red Mask","InkBottle","Whetstone","Vajra","CaptainsWheel","Anchor","Oddly Smooth Stone","Bag of Marbles"],"acts_visited":["Exordium","TheCity","TheBeyond","TheEnding"],"potions_floor_usage":[45,48,55,55],"damage_taken":[{"damage":2.0,"enemies":"Small Slimes","floor":1.0,"turns":3.0},{"damage":6.0,"enemies":"Jaw Worm","floor":2.0,"turns":4.0},{"damage":27.0,"enemies":"Lagavulin","floor":7.0,"turns":8.0},{"damage":1.0,"enemies":"2 Louse","floor":8.0,"turns":3.0},{"damage":4.0,"enemies":"Red Slaver","floor":11.0,"turns":3.0},{"damage":7.0,"enemies":"Exordium Thugs","floor":12.0,"turns":6.0},{"damage":6.0,"enemies":"3 Louse","floor":13.0,"turns":4.0},{"damage":12.0,"enemies":"3 Sentries","floor":14.0,"turns":6.0},{"damage":28.0,"enemies":"The Guardian","floor":16.0,"turns":8.0},{"damage":1.0,"enemies":"Shell Parasite","floor":18.0,"turns":5.0},{"damage":5.0,"enemies":"Spheric Guardian","floor":21.0,"turns":5.0},{"damage":10.0,"enemies":"3 Cultists","floor":22.0,"turns":4.0},{"damage":14.0,"enemies":"Book of Stabbing","floor":23.0,"turns":6.0},{"damage":45.0,"enemies":"Gremlin Leader","floor":25.0,"turns":7.0},{"damage":0.0,"enemies":"Snecko","floor":28.0,"turns":6.0},{"damage":0.0,"enemies":"Centurion and Healer","floor":29.0,"turns":6.0},{"damage":12.0,"enemies":"Slavers","floor":31.0,"turns":5.0},{"damage":5.0,"enemies":"Collector","floor":33.0,"turns":7.0},{"damage":7.0,"enemies":"Orb Walker","floor":35.0,"turns":3.0},{"damage":4.0,"enemies":"3 Shapes","floor":36.0,"turns":5.0},{"damage":4.0,"enemies":"Reptomancer","floor":40.0,"turns":8.0},{"damage":20,"enemies":"Nemesis","floor":42,"turns":3},{"damage":1,"enemies":"Writhing Mass","floor":44,"turns":6},{"damage":11,"enemies":"Transient","floor":45,"turns":5},{"damage":6,"enemies":"4 Shapes","floor":46,"turns":5},{"damage":2,"enemies":"Sphere and 2 Shapes","floor":48,"turns":7},{"damage":40,"enemies":"Donu and Deca","floor":50,"turns":7},{"damage":21,"enemies":"Shield and Spear","floor":54,"turns":5},{"damage":25,"enemies":"The Heart","floor":55,"turns":8}],"seed_played":"5852289117415000820","potions_obtained":[{"floor":7.0,"key":"PowerPotion"},{"floor":8.0,"key":"DuplicationPotion"},{"floor":12.0,"key":"Energy Potion"},{"floor":18.0,"key":"LiquidMemories"},{"floor":22.0,"key":"LiquidBronze"},{"floor":25.0,"key":"LiquidBronze"},{"floor":28.0,"key":"Regen Potion"},{"floor":31.0,"key":"LiquidMemories"},{"floor":36.0,"key":"Weak Potion"},{"floor":45,"key":"LiquidBronze"},{"floor":48,"key":"Fruit Juice"}],"is_trial":false,"path_per_floor":["M","M","?","?","?","R","E","M","T","$","M","M","M","E","R","B",null,"M","$","?","M","M","E","R","E","T","R","M","M","$","E","R","B",null,"M","M","$","?","?","E","R","E","T","M","M","M","?","M","R","B",null,"R","$","E","B",null],"character_chosen":"The_Alterego","items_purchased":["alterego_mod:Schoolgirl+1","alterego_mod:SakuraFive","alterego_mod:Complex","Orrery","Good Instincts+1","alterego_mod:BiFurious","alterego_mod:DiscoLights+1","alterego_mod:Mirror+1","alterego_mod:BiFurious","Finesse+1","alterego_mod:Punishment+1","alterego_mod:Undulate+1","alterego_mod:MaintainEyeContact+1"],"campfire_rested":1,"item_purchase_floors":[10,10,19,19,30,30,37,37,37,37,53,53,53],"current_hp_per_floor":[69,64,64,51,51,51,25,25,25,25,31,34,46,58,78,58,79,80,80,80,79,82,79,79,42,42,42,61,83,84,81,81,80,86,87,84,88,88,79,89,89,70,70,73,88,86,86,99,99,73,100,100,100,99,80],"gold":73,"neow_bonus":"ONE_RARE_RELIC","is_daily":false,"chose_seed":false,"campfire_upgraded":6,"win_rate":0.0,"timestamp":1607747380,"path_taken":["M","M","?","?","?","R","E","M","T","$","M","M","M","E","R","BOSS","M","$","?","M","M","E","R","E","T","R","M","?","$","E","R","BOSS","M","M","$","?","?","E","R","E","T","M","M","M","?","?","R","BOSS","R","$","E","BOSS"],"items_purchased_type":["Card","Card","Card","Relic","Card","Card","Card","Card","Card","Card","Card","Card","Card"],"build_version":"2020-11-30","purchased_purges":10,"victory":true,"max_hp_per_floor":[71,72,72,72,72,72,73,74,74,74,75,76,77,78,78,79,79,80,80,80,81,82,83,83,84,84,84,84,84,84,85,85,86,86,87,88,88,88,88,89,89,90,90,91,92,93,93,99,99,100,100,100,100,101,102],"card_choices":[{"not_picked":["alterego_mod:Complex","alterego_mod:Mirror"],"picked":"alterego_mod:BiFurious","floor":1.0},{"not_picked":["alterego_mod:Complex","alterego_mod:DestructionOfProperty"],"picked":"alterego_mod:Valentines","floor":2.0},{"not_picked":["alterego_mod:Belle","alterego_mod:Support"],"picked":"alterego_mod:Pet","floor":7.0},{"not_picked":["alterego_mod:Swimsuit","alterego_mod:Cushion"],"picked":"alterego_mod:Birthday","floor":8.0},{"not_picked":["alterego_mod:Belle","alterego_mod:Clones+1"],"picked":"alterego_mod:Mirror+1","floor":11.0},{"not_picked":["alterego_mod:Maid","alterego_mod:TrashNCrash+1"],"picked":"alterego_mod:Exercise","floor":12.0},{"not_picked":["alterego_mod:Skirt","alterego_mod:Maid"],"picked":"alterego_mod:Tantrum+1","floor":13.0},{"not_picked":["alterego_mod:GIGAMILK+1","alterego_mod:Lingerie"],"picked":"alterego_mod:RidiculouslyBig+1","floor":14.0},{"not_picked":["alterego_mod:1TonWallop","alterego_mod:TrashNCrash+1"],"picked":"alterego_mod:MagicResistance+1","floor":15.0},{"not_picked":["alterego_mod:Valkyrie","alterego_mod:Lift+1"],"picked":"alterego_mod:PainIsPleasure+1","floor":16.0},{"not_picked":["alterego_mod:IndependentAction+1","alterego_mod:Bloomers+1"],"picked":"alterego_mod:Support+1","floor":18.0},{"not_picked":["alterego_mod:MagicResistance+1","alterego_mod:Cycle+1"],"picked":"alterego_mod:Smother+1","floor":19.0},{"not_picked":["alterego_mod:Pet+1","alterego_mod:PerceptionDisorder+1"],"picked":"alterego_mod:Mirror+1","floor":19.0},{"not_picked":["alterego_mod:GoddessCore","alterego_mod:Rip"],"picked":"alterego_mod:Undulate+1","floor":19.0},{"not_picked":["alterego_mod:Cushion+1","alterego_mod:Rip"],"picked":"alterego_mod:Stockings","floor":19.0},{"not_picked":["alterego_mod:Weigh","alterego_mod:Punishment+1"],"picked":"alterego_mod:IndependentAction+1","floor":19.0},{"not_picked":["alterego_mod:Maid","alterego_mod:Jiggle+1","alterego_mod:Bounce"],"picked":"SKIP","floor":21.0},{"not_picked":["alterego_mod:BiFurious","alterego_mod:GoddessCore+1"],"picked":"alterego_mod:Nekomimi+1","floor":22.0},{"not_picked":["alterego_mod:Valentines+1","alterego_mod:PresenceConcealment+1","alterego_mod:GoddessCore"],"picked":"SKIP","floor":23.0},{"not_picked":["alterego_mod:Bloomers+1","alterego_mod:Cycle+1","alterego_mod:Collar"],"picked":"SKIP","floor":25.0},{"not_picked":["alterego_mod:SakuraLabyrinth+1","alterego_mod:BusterCard","alterego_mod:Rip"],"picked":"SKIP","floor":28.0},{"not_picked":["alterego_mod:Cycle+1","alterego_mod:Antipathy+1","alterego_mod:1TonWallop"],"picked":"SKIP","floor":29.0},{"not_picked":["alterego_mod:SakuraFive","alterego_mod:Alter+1"],"picked":"alterego_mod:ChallengeComplete+1","floor":31.0},{"not_picked":["alterego_mod:Tantrum+1","alterego_mod:InsideBaseball+1"],"picked":"alterego_mod:TrickOrTreatment+1","floor":33.0},{"not_picked":["alterego_mod:Collar","alterego_mod:DeftHands+1"],"picked":"alterego_mod:MagicResistance+1","floor":35.0},{"not_picked":["alterego_mod:Birthday+1","alterego_mod:PerceptionDisorder+1"],"picked":"alterego_mod:SakuraFive","floor":36.0},{"not_picked":["Panacea+1","Madness+1"],"picked":"Enlightenment+1","floor":39.0},{"not_picked":["HandOfGreed","Forethought+1"],"picked":"Finesse+1","floor":39.0},{"not_picked":["Good Instincts+1","Trip+1"],"picked":"Impatience+1","floor":39.0},{"not_picked":["alterego_mod:Mirror+1","alterego_mod:BusterCard+1"],"picked":"alterego_mod:DiscoLights+1","floor":40.0},{"not_picked":["alterego_mod:Mirror+1","alterego_mod:Rip"],"picked":"alterego_mod:Undulate+1","floor":42},{"not_picked":["alterego_mod:Jiggle+1","alterego_mod:Punishment+1"],"picked":"alterego_mod:DiscoLights+1","floor":44},{"not_picked":["alterego_mod:Skirt","alterego_mod:Bounce+1"],"picked":"alterego_mod:AlterEgo+1","floor":45},{"not_picked":["alterego_mod:Birthday+1","alterego_mod:MagicResistance+1"],"picked":"alterego_mod:IndependentAction+1","floor":46},{"not_picked":["alterego_mod:DustData","alterego_mod:BusterCard+1"],"picked":"alterego_mod:Birthday+1","floor":48},{"not_picked":["alterego_mod:Clones+1","alterego_mod:Santa+1"],"picked":"alterego_mod:Cushion+1","floor":54}],"player_experience":1024939,"relics_obtained":[{"floor":7.0,"key":"Dream Catcher"},{"floor":9.0,"key":"Toxic Egg 2"},{"floor":14.0,"key":"Frozen Egg 2"},{"floor":23.0,"key":"MealTicket"},{"floor":25.0,"key":"Bag of Preparation"},{"floor":31.0,"key":"Gambling Chip"},{"floor":40.0,"key":"InkBottle"},{"floor":40.0,"key":"Whetstone"},{"floor":42,"key":"Vajra"},{"floor":42,"key":"CaptainsWheel"},{"floor":43,"key":"Anchor"},{"floor":54,"key":"Oddly Smooth Stone"},{"floor":54,"key":"Bag of Marbles"}],"event_choices":[{"damage_healed":0.0,"max_hp_gain":0.0,"max_hp_loss":0.0,"gold_gain":0.0,"event_name":"Golden Idol","player_choice":"Take Wound","floor":3.0,"gold_loss":0.0,"damage_taken":0.0,"relics_obtained":["Golden Idol"],"cards_obtained":["Injury"]},{"damage_healed":0.0,"max_hp_gain":0.0,"max_hp_loss":0.0,"gold_gain":0.0,"event_name":"Shining Light","player_choice":"Entered Light","floor":4.0,"gold_loss":0.0,"damage_taken":14.0,"cards_upgraded":["alterego_mod:Defend","alterego_mod:BigMeatyClaws"]},{"damage_healed":0.0,"max_hp_gain":0.0,"max_hp_loss":0.0,"gold_gain":0.0,"event_name":"Accursed Blacksmith","player_choice":"Rummage","floor":5.0,"gold_loss":0.0,"damage_taken":0.0,"relics_obtained":["WarpedTongs"],"cards_obtained":["Pain"]},{"damage_healed":0.0,"max_hp_gain":0.0,"max_hp_loss":0.0,"gold_gain":0.0,"event_name":"Match and Keep!","player_choice":"3 cards matched","floor":20.0,"gold_loss":0.0,"damage_taken":0.0,"cards_obtained":["alterego_mod:SakuraLabyrinth","alterego_mod:BigMeatyClaws","Forethought"]},{"damage_healed":0.0,"max_hp_gain":0.0,"max_hp_loss":0.0,"gold_gain":0.0,"event_name":"Tomb of Lord Red Mask","player_choice":"Paid","floor":38.0,"gold_loss":52.0,"damage_taken":0.0,"relics_obtained":["Red Mask"]},{"damage_healed":0.0,"max_hp_gain":0.0,"max_hp_loss":0.0,"gold_gain":0.0,"event_name":"SensoryStone","player_choice":"Memory 3","floor":39.0,"gold_loss":0.0,"damage_taken":10.0},{"damage_healed":0,"gold_gain":0,"player_choice":"Ignored","damage_taken":0,"max_hp_gain":0,"max_hp_loss":0,"event_name":"SecretPortal","floor":47,"gold_loss":0}],"is_beta":false,"boss_relics":[{"not_picked":["SlaversCollar","Calling Bell"],"picked":"Coffee Dripper"},{"not_picked":["theSenshi:MoonKaleidoScopeRelic","Velvet Choker"],"picked":"Black Star"}],"items_purged_floors":[10,10,10,10,10,10,19,30,30,30],"is_endless":false,"potions_floor_spawned":[7,8,12,13,18,22,25,28,31,36,45,48],"ascension_level":1}}