{"host":"jksa5rawk3m4gilz","time":1607775607,"event":{"mods":["BaseMod","Colored Map","Highlight Path","Minty Spire (QoL Compilation)","Quick Restart"],"gold_per_floor":[117,117,30,49,68,94,94,129,129,152,165,165,178,197,197,328,328,347,347,361,361,25,25,48,48,48],"floor_reached":25,"playtime":4105,"items_purged":["Injury"],"score":333,"play_id":"ad052232-baf3-4da8-b9f5-988bfbdf5a52","local_time":"20201212132007","is_ascension_mode":true,"campfire_choices":[{"floor":12,"key":"REST"},{"floor":15,"key":"REST"},{"floor":23,"key":"REST"}],"circlet_count":0,"master_deck":["AscendersBane","Strike_P+1","Strike_P+1","Strike_P+1","Defend_P+1","Defend_P+1","Defend_P+1","Defend_P+1","Eruption","Vigilance","EmptyFist","Blind","Prostrate","EmptyFist","Conclude","DeusExMachina","TalkToTheHand","FearNoEvil","Devotion","Devotion"],"relics":["PureWater","NeowsBlessing","Kunai","Golden Idol","Bottled Flame","Pear","Busted Crown","MutagenicStrength","Membership Card","Ice Cream"],"acts_visited":["Exordium","TheCity"],"potions_floor_usage":[16],"damage_taken":[{"damage":0,"enemies":"Jaw Worm","floor":1,"turns":1},{"damage":0,"enemies":"Cultist","floor":4,"turns":1},{"damage":0,"enemies":"Small Slimes","floor":5,"turns":2},{"damage":37,"enemies":"Lagavulin","floor":6,"turns":10},{"damage":16,"enemies":"3 Sentries","floor":8,"turns":8},{"damage":5,"enemies":"2 Fungi Beasts","floor":10,"turns":3},{"damage":9,"enemies":"Blue Slaver","floor":11,"turns":3},{"damage":14,"enemies":"Red Slaver","floor":13,"turns":3},{"damage":7,"enemies":"Looter","floor":14,"turns":4},{"damage":26,"enemies":"The Guardian","floor":16,"turns":10},{"damage":20,"enemies":"Shell Parasite","floor":18,"turns":7},{"damage":20,"enemies":"2 Thieves","floor":20,"turns":3},{"damage":12,"enemies":"3 Cultists","floor":24,"turns":4},{"damage":48,"enemies":"Slavers","floor":25,"turns":3}],"seed_played":"2275250417891017756","potions_obtained":[{"floor":4,"key":"Energy Potion"},{"floor":10,"key":"SteroidPotion"},{"floor":16,"key":"SpeedPotion"},{"floor":24,"key":"BottledMiracle"}],"is_trial":false,"path_per_floor":["M","?","$","M","M","E","?","E","T","M","M","R","M","M","R","B",null,"M","?","M","?","$","R","M","E"],"character_chosen":"WATCHER","items_purchased":["Blind","Membership Card","Ice Cream"],"campfire_rested":3,"item_purchase_floors":[3,22,22],"current_hp_per_floor":[65,65,65,65,65,28,28,12,22,17,8,32,18,11,35,9,64,44,44,24,24,24,48,36,0,0],"gold":48,"neow_bonus":"THREE_ENEMY_KILL","is_daily":false,"chose_seed":false,"campfire_upgraded":0,"win_rate":0.0,"timestamp":1607775607,"path_taken":["M","?","$","M","?","E","?","E","T","M","M","R","M","M","R","BOSS","M","?","M","?","?","R","?","E"],"items_purchased_type":["Card","Relic","Relic"],"build_version":"2020-11-30","purchased_purges":1,"victory":false,"max_hp_per_floor":[72,72,72,72,72,72,72,72,82,82,82,82,82,82,82,82,82,82,82,82,82,82,82,82,82,82],"card_choices":[{"not_picked":["Sanctity","SashWhip"],"picked":"EmptyFist","floor":1},{"not_picked":["EmptyBody","FlyingSleeves"],"picked":"Prostrate","floor":4},{"not_picked":["CutThroughFate","Evaluate"],"picked":"EmptyFist","floor":5},{"not_picked":["BowlingBash","FlurryOfBlows"],"picked":"Conclude","floor":6},{"not_picked":["Perseverance","ClearTheMind"],"picked":"DeusExMachina","floor":8},{"not_picked":["Weave","Evaluate"],"picked":"TalkToTheHand","floor":10},{"not_picked":["BowlingBash","SignatureMove"],"picked":"FearNoEvil","floor":11},{"not_picked":["Adaptation","ClearTheMind","SashWhip"],"picked":"SKIP","floor":13},{"not_picked":["Protect","Halt"],"picked":"Devotion","floor":14},{"not_picked":["Alpha","Establishment"],"picked":"Devotion","floor":16},{"not_picked":["BowlingBash"],"picked":"SKIP","floor":18},{"not_picked":["Evaluate"],"picked":"SKIP","floor":20},{"not_picked":["BowlingBash+1"],"picked":"SKIP","floor":24}],"player_experience":2021390,"relics_obtained":[{"floor":6,"key":"Kunai"},{"floor":8,"key":"Bottled Flame"},{"floor":9,"key":"Pear"}],"event_choices":[{"cards_removed":["Strike_P"],"damage_healed":0,"gold_gain":0,"player_choice":"Purged","damage_taken":0,"max_hp_gain":0,"max_hp_loss":0,"event_name":"Purifier","floor":2,"gold_loss":0},{"damage_healed":0,"gold_gain":0,"player_choice":"Take Wound","damage_taken":0,"relics_obtained":["Golden Idol"],"max_hp_gain":0,"max_hp_loss":0,"event_name":"Golden Idol","floor":7,"gold_loss":0,"cards_obtained":["Injury"]},{"damage_healed":0,"gold_gain":0,"player_choice":"Simplicity","damage_taken":0,"max_hp_gain":0,"max_hp_loss":0,"event_name":"Back to Basics","floor":19,"gold_loss":0,"cards_upgraded":["Strike_P","Strike_P","Strike_P","Defend_P","Defend_P","Defend_P","Defend_P"]},{"damage_healed":0,"gold_gain":0,"player_choice":"Inject Mutagens","damage_taken":0,"relics_obtained":["MutagenicStrength"],"max_hp_gain":0,"max_hp_loss":0,"event_name":"Drug Dealer","floor":21,"gold_loss":0}],"is_beta":false,"boss_relics":[{"not_picked":["Pandora\u0027s Box","Runic Dome"],"picked":"Busted Crown"}],"items_purged_floors":[22],"is_endless":false,"potions_floor_spawned":[4,10,13,16,24],"killed_by":"Slavers","ascension_level":11}}