{"host":"4qkvkh7pd9qr2mca","time":1607733335,"event":{"mods":["AchievementEnabler","BaseMod","Colored Map","Colored Powertips","Highlight Path","Minty Spire (QoL Compilation)","Permanent Neow","Quick Restart","StSLib","SuperFastMode"],"gold_per_floor":[18,18,18,42,56,87,9,40,40,40,74,19,19,43,43,139,139,152,192,205,205,228,228,269,269,269,312,337,362,393,413,413,511,511,534,288,312,242,262,262,46,46,46,46,90,90,118,166,166,166,166],"floor_reached":52,"playtime":2977,"items_purged":["Venomology+1"],"score":2076,"play_id":"92125d35-7dea-4f20-911f-5363ef15b926","local_time":"20201212013535","is_ascension_mode":true,"campfire_choices":[{"data":"Sadistic Nature","floor":10.0,"key":"SMITH"},{"floor":15.0,"key":"REST"},{"floor":23.0,"key":"REST"},{"data":"Well Laid Plans","floor":25.0,"key":"SMITH"},{"floor":32.0,"key":"REST"},{"data":"Footwork","floor":40,"key":"SMITH"},{"data":"Footwork","floor":42,"key":"SMITH"},{"data":"Noxious Fumes","floor":46,"key":"SMITH"},{"data":"Neutralize","floor":49,"key":"SMITH"}],"circlet_count":0,"master_deck":["AscendersBane","Strike_G","Strike_G","Strike_G","Strike_G","Strike_G","Defend_G","Defend_G","Defend_G","Defend_G","Defend_G+1","Survivor+1","Neutralize+1","Sadistic Nature+1","Blade Dance","Noxious Fumes+1","Dash","Bouncing Flask+1","Distraction+1","Backflip+1","Parasite","Adrenaline+1","Malaise+1","Leg Sweep+1","Acrobatics+1","Noxious Fumes+1","Well Laid Plans+1","PiercingWail+1","Crippling Poison+1","Footwork+1","Burst+1","CurseOfTheBell","Calculated Gamble+1","Footwork+1","PiercingWail+1","Calculated Gamble+1","Heel Hook"],"relics":["Ring of the Snake","Golden Idol","FossilizedHelix","Question Card","Toxic Egg 2","Torii","Sozu","Red Mask","Unceasing Top","Sundial","Ninja Scroll","Ancient Tea Set","Calling Bell","Bag of Marbles","Darkstone Periapt","Incense Burner","War Paint","The Courier","Happy Flower","Pear","CeramicFish","Vajra"],"acts_visited":["Exordium","TheCity","TheBeyond"],"potions_floor_usage":[],"damage_taken":[{"damage":0.0,"enemies":"2 Louse","floor":1.0,"turns":2.0},{"damage":4.0,"enemies":"Jaw Worm","floor":4.0,"turns":5.0},{"damage":1.0,"enemies":"Cultist","floor":5.0,"turns":3.0},{"damage":27.0,"enemies":"3 Sentries","floor":6.0,"turns":7.0},{"damage":10.0,"enemies":"Lagavulin","floor":8.0,"turns":5.0},{"damage":20.0,"enemies":"3 Sentries","floor":11.0,"turns":6.0},{"damage":0.0,"enemies":"3 Louse","floor":14.0,"turns":4.0},{"damage":14.0,"enemies":"Slime Boss","floor":16.0,"turns":8.0},{"damage":0.0,"enemies":"3 Byrds","floor":18.0,"turns":5.0},{"damage":27.0,"enemies":"Masked Bandits","floor":19.0,"turns":4.0},{"damage":0.0,"enemies":"Shell Parasite","floor":20.0,"turns":5.0},{"damage":0.0,"enemies":"Centurion and Healer","floor":22.0,"turns":6.0},{"damage":2.0,"enemies":"Book of Stabbing","floor":24.0,"turns":7.0},{"damage":28.0,"enemies":"Slavers","floor":27.0,"turns":5.0},{"damage":0.0,"enemies":"Snecko","floor":28.0,"turns":4.0},{"damage":0.0,"enemies":"Sentry and Sphere","floor":29.0,"turns":4.0},{"damage":0.0,"enemies":"Book of Stabbing","floor":30.0,"turns":6.0},{"damage":0.0,"enemies":"Centurion and Healer","floor":31.0,"turns":6.0},{"damage":6,"enemies":"Collector","floor":33,"turns":8},{"damage":0,"enemies":"3 Shapes","floor":35,"turns":4},{"damage":0,"enemies":"3 Darklings","floor":37,"turns":6},{"damage":0,"enemies":"Sphere and 2 Shapes","floor":39,"turns":2},{"damage":0,"enemies":"Reptomancer","floor":45,"turns":5},{"damage":0,"enemies":"Maw","floor":47,"turns":6},{"damage":0,"enemies":"Nemesis","floor":48,"turns":6},{"damage":13,"enemies":"Awakened One","floor":50,"turns":15},{"damage":2,"enemies":"Donu and Deca","floor":51,"turns":11}],"seed_played":"-7333054032481590135","potions_obtained":[{"floor":4.0,"key":"Fruit Juice"},{"floor":14.0,"key":"GamblersBrew"},{"floor":16.0,"key":"GamblersBrew"}],"is_trial":false,"path_per_floor":["M","$","?","M","M","E","$","E","T","R","E","$","?","M","R","B",null,"M","?","M","?","M","R","E","R","T","E","M","M","E","M","R","B",null,"M","$","M","?","M","R","$","R","T","?","E","R","M","E","R","B","B",null],"character_chosen":"THE_SILENT","items_purchased":["Bouncing Flask","Backflip+1","War Paint","Happy Flower","Footwork","PiercingWail+1"],"campfire_rested":3,"item_purchase_floors":[7,12,36,41,41,41],"current_hp_per_floor":[59,59,59,55,54,32,32,22,22,22,2,2,18,18,37,23,55,55,28,28,28,28,47,45,45,45,17,17,17,17,17,36,30,56,56,56,56,56,56,56,56,56,66,66,66,66,66,66,66,53,51],"gold":166,"neow_bonus":"RANDOM_COLORLESS_2","is_daily":false,"chose_seed":false,"campfire_upgraded":6,"win_rate":0.0,"timestamp":1607733335,"path_taken":["M","$","?","M","M","E","$","E","T","R","E","$","?","M","R","BOSS","M","?","M","?","M","R","E","R","T","E","M","M","E","?","R","BOSS","M","$","M","?","M","R","?","R","T","?","E","R","M","E","R","BOSS","BOSS"],"items_purchased_type":["Card","Card","Relic","Relic","Card","Card"],"build_version":"2020-11-30","purchased_purges":1,"victory":true,"max_hp_per_floor":[66,66,60,60,60,65,65,65,65,65,65,65,65,65,65,65,65,65,65,65,65,65,65,65,65,65,65,65,65,65,65,65,65,65,65,65,65,65,65,65,65,65,75,75,75,75,75,75,75,75,75],"card_choices":[{"not_picked":["Magnetism","Thinking Ahead"],"picked":"Sadistic Nature","floor":0.0},{"not_picked":["Dagger Spray","Prepared"],"picked":"Blade Dance","floor":1.0},{"not_picked":["Underhanded Strike","Heel Hook","Dodge and Roll"],"picked":"SKIP","floor":4.0},{"not_picked":["Outmaneuver","Dagger Spray"],"picked":"Noxious Fumes","floor":5.0},{"not_picked":["Dodge and Roll","Underhanded Strike"],"picked":"Dash","floor":6.0},{"not_picked":["Tactician","Riddle With Holes"],"picked":"Sucker Punch","floor":8.0},{"not_picked":["Bouncing Flask+1","Prepared+1","Flying Knee"],"picked":"Distraction+1","floor":11.0},{"not_picked":["Dodge and Roll+1","Bane","Escape Plan+1"],"picked":"Adrenaline+1","floor":14.0},{"not_picked":["Tools of the Trade","Venomology+1","Envenom"],"picked":"Malaise+1","floor":16.0},{"not_picked":["Reflex+1","Predator","Quick Slash","Flechettes"],"picked":"SKIP","floor":18.0},{"not_picked":["Quick Slash","Noxious Fumes","Flying Knee"],"picked":"Leg Sweep+1","floor":19.0},{"not_picked":["Outmaneuver+1","Slice","Noxious Fumes"],"picked":"Acrobatics+1","floor":20.0},{"not_picked":["Flying Knee","Caltrops","Riddle With Holes"],"picked":"Noxious Fumes+1","floor":22.0},{"not_picked":["Prepared+1","Slice","Cloak And Dagger+1"],"picked":"Well Laid Plans","floor":24.0},{"not_picked":["Quick Slash","Flying Knee","Backflip+1"],"picked":"Venomology+1","floor":27.0},{"not_picked":["Doppelganger+1","Deflect+1","Prepared+1"],"picked":"PiercingWail+1","floor":28.0},{"not_picked":["Acrobatics+1","Deflect+1","Quick Slash"],"picked":"Crippling Poison+1","floor":29.0},{"not_picked":["Corpse Explosion+1","Dagger Spray","Acrobatics+1"],"picked":"Footwork","floor":30.0},{"not_picked":["Backstab","Dagger Throw","Infinite Blades","Dagger Spray+1"],"picked":"SKIP","floor":31.0},{"not_picked":["Storm of Steel+1","Glass Knife","Adrenaline+1"],"picked":"Burst+1","floor":33},{"not_picked":["Quick Slash+1","All Out Attack+1","Setup+1"],"picked":"Calculated Gamble+1","floor":35},{"not_picked":["Deflect+1","Distraction+1","Dash","Dodge and Roll+1"],"picked":"SKIP","floor":37},{"not_picked":["Terror+1","Bane+1","All Out Attack","Dagger Throw+1"],"picked":"SKIP","floor":39},{"not_picked":["Wraith Form v2","Accuracy","Flying Knee","Dagger Throw"],"picked":"SKIP","floor":45},{"not_picked":["Bane","Blade Dance+1","Concentrate+1"],"picked":"Calculated Gamble+1","floor":47},{"not_picked":["Outmaneuver+1","All Out Attack","Cloak And Dagger+1"],"picked":"Heel Hook","floor":48}],"player_experience":298175,"relics_obtained":[{"floor":6.0,"key":"FossilizedHelix"},{"floor":8.0,"key":"Question Card"},{"floor":9.0,"key":"Toxic Egg 2"},{"floor":11.0,"key":"Torii"},{"floor":19.0,"key":"Red Mask"},{"floor":24.0,"key":"Unceasing Top"},{"floor":26.0,"key":"Sundial"},{"floor":27.0,"key":"Ninja Scroll"},{"floor":30.0,"key":"Ancient Tea Set"},{"floor":34,"key":"Bag of Marbles"},{"floor":34,"key":"Darkstone Periapt"},{"floor":34,"key":"Incense Burner"},{"floor":43,"key":"Pear"},{"floor":45,"key":"CeramicFish"},{"floor":48,"key":"Vajra"}],"event_choices":[{"damage_healed":0.0,"max_hp_gain":0.0,"max_hp_loss":6.0,"gold_gain":0.0,"event_name":"Golden Idol","player_choice":"Lose Max HP","floor":3.0,"gold_loss":0.0,"damage_taken":0.0,"relics_obtained":["Golden Idol"]},{"damage_healed":16.0,"max_hp_gain":0.0,"max_hp_loss":0.0,"gold_gain":0.0,"event_name":"Mushrooms","player_choice":"Healed and dodged fight","floor":13.0,"gold_loss":0.0,"damage_taken":0.0,"cards_obtained":["Parasite"]},{"damage_healed":0.0,"max_hp_gain":0.0,"max_hp_loss":0.0,"gold_gain":0.0,"event_name":"Masked Bandits","player_choice":"Fought Bandits","floor":19.0,"gold_loss":0.0,"damage_taken":0.0},{"damage_healed":0.0,"max_hp_gain":0.0,"max_hp_loss":0.0,"gold_gain":0.0,"event_name":"Accursed Blacksmith","player_choice":"Forge","floor":21.0,"gold_loss":0.0,"damage_taken":0.0,"cards_upgraded":["Bouncing Flask"]},{"damage_healed":0,"gold_gain":0,"player_choice":"Paid Gold","damage_taken":0,"relics_obtained":["The Courier"],"max_hp_gain":0,"max_hp_loss":0,"event_name":"WeMeetAgain","floor":38,"gold_loss":70},{"cards_removed":["Sucker Punch"],"damage_healed":0,"gold_gain":0,"player_choice":"Removed Attack","damage_taken":0,"max_hp_gain":0,"max_hp_loss":0,"event_name":"Falling","floor":44,"gold_loss":0}],"is_beta":false,"boss_relics":[{"not_picked":["Astrolabe","Fusion Hammer"],"picked":"Sozu"},{"not_picked":["Runic Pyramid","Velvet Choker"],"picked":"Calling Bell"}],"items_purged_floors":[36],"is_endless":false,"potions_floor_spawned":[4,14,16,20,22,28,29,30,33,35,39,48],"ascension_level":20}}