{"host":"da4a6z8aof69aasy","time":1607788441,"event":{"mods":["AchievementEnabler","BaseMod","Block Reminder","Colored Powertips","DeckTracker","Highlight Path","Minty Spire (QoL Compilation)","Permanent Neow","Relic Stats","StSLib"],"gold_per_floor":[114,114,134,134,23,23,54,54,77,104,117,137,150,179,179,252,252,269,287,287,287,298,333,349,349,403,428,491,559,569,168,168,244,244,255,305,355,366,184,211,211,236,236,247,247,267,293,343,343,343,343,343,65,94,94],"floor_reached":56,"playtime":7468,"items_purged":["Zap","Redo","Pain"],"score":2126,"play_id":"56281ac5-bb7a-4c15-9b0a-5c1e9428b399","local_time":"20201212175401","is_ascension_mode":true,"campfire_choices":[{"data":"Loop","floor":6.0,"key":"SMITH"},{"data":"Sweeping Beam","floor":8.0,"key":"SMITH"},{"data":"Defragment","floor":15.0,"key":"SMITH"},{"data":"Buffer","floor":25.0,"key":"SMITH"},{"data":"Seek","floor":32.0,"key":"SMITH"},{"data":"Biased Cognition","floor":41,"key":"SMITH"},{"data":"Capacitor","floor":45,"key":"SMITH"},{"floor":49,"key":"RECALL"},{"data":"Biased Cognition","floor":52,"key":"SMITH"}],"circlet_count":0,"master_deck":["AscendersBane","Zap","Thunder Strike","Buffer+1","Stack","Glacier","Core Surge","Sweeping Beam+1","Compile Driver","Cold Snap","Self Repair","Loop+1","Genetic Algorithm","Defragment+1","Gash","Storm","Hologram","Leap","Gash","Reinforced Body+1","Compile Driver","Ball Lightning+1","Seek+1","Coolheaded","Electrodynamics","Hologram","Hologram","Capacitor+1","Biased Cognition+1","Biased Cognition+1","Loop","Defragment","Capacitor"],"relics":["Pandora\u0027s Box","Sundial","Centennial Puzzle","The Courier","Oddly Smooth Stone","Velvet Choker","SsserpentHead","Toy Ornithopter","Akabeko","OrangePellets","Bottled Lightning","Coffee Dripper","ClockworkSouvenir","Lizard Tail","Ornamental Fan","Mummified Hand","Happy Flower","WarpedTongs","Du-Vu Doll"],"acts_visited":["Exordium","TheCity","TheBeyond","TheEnding"],"potions_floor_usage":[55,55],"damage_taken":[{"damage":0.0,"enemies":"Small Slimes","floor":1.0,"turns":5.0},{"damage":4.0,"enemies":"2 Louse","floor":3.0,"turns":4.0},{"damage":4.0,"enemies":"3 Sentries","floor":7.0,"turns":9.0},{"damage":7.0,"enemies":"Lagavulin","floor":10.0,"turns":8.0},{"damage":0.0,"enemies":"Cultist","floor":11.0,"turns":6.0},{"damage":20.0,"enemies":"Exordium Thugs","floor":12.0,"turns":7.0},{"damage":0.0,"enemies":"Exordium Wildlife","floor":13.0,"turns":6.0},{"damage":5.0,"enemies":"3 Sentries","floor":14.0,"turns":9.0},{"damage":14.0,"enemies":"Slime Boss","floor":16.0,"turns":8.0},{"damage":0.0,"enemies":"3 Byrds","floor":18.0,"turns":6.0},{"damage":6.0,"enemies":"Chosen","floor":19.0,"turns":6.0},{"damage":0.0,"enemies":"Snecko","floor":22.0,"turns":8.0},{"damage":12.0,"enemies":"Book of Stabbing","floor":23.0,"turns":6.0},{"damage":0.0,"enemies":"Sentry and Sphere","floor":24.0,"turns":9.0},{"damage":25.0,"enemies":"Slavers","floor":27.0,"turns":7.0},{"damage":7.0,"enemies":"Centurion and Healer","floor":28.0,"turns":5.0},{"damage":8.0,"enemies":"Shelled Parasite and Fungi","floor":29.0,"turns":7.0},{"damage":4.0,"enemies":"Snake Plant","floor":30.0,"turns":3.0},{"damage":0.0,"enemies":"Champ","floor":33.0,"turns":18.0},{"damage":0.0,"enemies":"Orb Walker","floor":35.0,"turns":4.0},{"damage":1.0,"enemies":"3 Darklings","floor":38.0,"turns":4.0},{"damage":5,"enemies":"Reptomancer","floor":40,"turns":7},{"damage":1,"enemies":"Nemesis","floor":42,"turns":7},{"damage":0,"enemies":"Writhing Mass","floor":44,"turns":5},{"damage":0,"enemies":"Jaw Worm Horde","floor":46,"turns":2},{"damage":0,"enemies":"Giant Head","floor":47,"turns":10},{"damage":13,"enemies":"Time Eater","floor":50,"turns":7},{"damage":0,"enemies":"Shield and Spear","floor":54,"turns":5},{"damage":30,"enemies":"The Heart","floor":55,"turns":7}],"seed_played":"-3946116802294297997","potions_obtained":[{"floor":3.0,"key":"Block Potion"},{"floor":7.0,"key":"FocusPotion"},{"floor":11.0,"key":"FocusPotion"},{"floor":23.0,"key":"BlessingOfTheForge"},{"floor":27.0,"key":"Fire Potion"},{"floor":29.0,"key":"Swift Potion"},{"floor":42,"key":"PowerPotion"},{"floor":44,"key":"Weak Potion"}],"is_trial":false,"path_per_floor":["M","?","M","?","$","R","E","R","T","E","M","M","M","E","R","B",null,"M","M","?","?","M","E","M","R","T","E","M","M","M","$","R","B",null,"M","?","?","M","$","E","R","E","T","M","R","M","E","?","R","B",null,"R","$","E","B",null],"character_chosen":"DEFECT","items_purchased":["Loop","OrangePellets","Bottled Lightning","Capacitor","ClockworkSouvenir","Loop","Defragment","Capacitor"],"campfire_rested":0,"item_purchase_floors":[5,31,31,39,39,53,53,53],"current_hp_per_floor":[64,57,53,53,53,53,56,56,56,56,63,50,57,59,59,52,66,71,71,71,71,71,66,71,71,71,58,58,57,60,60,60,67,70,71,71,67,67,67,67,67,67,67,67,67,67,67,67,67,61,66,66,66,67,54],"gold":94,"neow_bonus":"BOSS_RELIC","is_daily":false,"chose_seed":false,"campfire_upgraded":8,"win_rate":0.0,"timestamp":1607788441,"path_taken":["M","?","M","?","$","R","E","R","T","E","M","M","?","E","R","BOSS","M","M","?","?","M","E","M","R","T","E","?","?","M","$","R","BOSS","M","?","?","M","$","E","R","E","T","M","R","M","E","?","R","BOSS","R","$","E","BOSS"],"items_purchased_type":["Card","Relic","Relic","Card","Relic","Card","Card","Card"],"build_version":"2020-11-30","purchased_purges":3,"victory":true,"max_hp_per_floor":[71,71,71,71,71,71,71,71,71,71,71,71,71,71,71,71,71,71,71,71,71,71,71,71,71,71,71,71,71,71,71,71,71,71,71,71,67,67,67,67,67,67,67,67,67,67,67,67,67,67,67,67,67,67,67],"relic_stats":{"Happy Flower":[6],"counters":[29,192],"WarpedTongs":[18],"SsserpentHead":250,"OrangePellets":[12],"Centennial Puzzle":[45],"Lizard Tail":0,"Sundial":[30],"Ornamental Fan":[28],"Mummified Hand":[63],"Pandora\u0027s Box":["Thunder Strike","Buffer","Steam Power","Stack","Glacier","Redo","Core Surge","Sweeping Beam"],"obtain_stats":[{"Happy Flower":47,"Oddly Smooth Stone":14,"Velvet Choker":17,"The Courier":10,"Akabeko":27,"ClockworkSouvenir":39,"WarpedTongs":48,"Du-Vu Doll":54,"SsserpentHead":21,"OrangePellets":31,"Centennial Puzzle":9,"Lizard Tail":40,"Sundial":7,"Ornamental Fan":42,"Mummified Hand":43,"Pandora\u0027s Box":0,"Coffee Dripper":34,"Bottled Lightning":31,"Cracked Core":0,"Toy Ornithopter":23},{"Happy Flower":26,"Oddly Smooth Stone":8,"Velvet Choker":9,"The Courier":4,"Akabeko":15,"ClockworkSouvenir":21,"WarpedTongs":26,"Du-Vu Doll":28,"SsserpentHead":11,"OrangePellets":18,"Centennial Puzzle":3,"Lizard Tail":22,"Sundial":3,"Ornamental Fan":23,"Mummified Hand":23,"Pandora\u0027s Box":0,"Coffee Dripper":19,"Bottled Lightning":18,"Cracked Core":0,"Toy Ornithopter":13},{"Happy Flower":173,"Oddly Smooth Stone":53,"Velvet Choker":61,"The Courier":26,"Akabeko":101,"ClockworkSouvenir":142,"WarpedTongs":173,"Du-Vu Doll":185,"SsserpentHead":71,"OrangePellets":116,"Centennial Puzzle":18,"Lizard Tail":149,"Sundial":18,"Ornamental Fan":156,"Mummified Hand":156,"Pandora\u0027s Box":0,"Coffee Dripper":134,"Bottled Lightning":116,"Cracked Core":0,"Toy Ornithopter":85}],"Toy Ornithopter":15},"card_choices":[{"not_picked":["Gash","Self Repair"],"picked":"Compile Driver","floor":1.0},{"not_picked":["Heatsinks","Hologram"],"picked":"Cold Snap","floor":3.0},{"not_picked":["Reprogram","White Noise"],"picked":"Genetic Algorithm","floor":7.0},{"not_picked":["Fission","Stack"],"picked":"Defragment","floor":10.0},{"not_picked":["Go for the Eyes","White Noise"],"picked":"Gash","floor":11.0},{"not_picked":["Turbo","Loop"],"picked":"Storm","floor":12.0},{"not_picked":["Steam Power","Cold Snap"],"picked":"Hologram","floor":13.0},{"not_picked":["Redo","Melter"],"picked":"Leap","floor":14.0},{"not_picked":["Barrage","Beam Cell"],"picked":"Gash","floor":18.0},{"not_picked":["Conserve Battery","Beam Cell"],"picked":"Reinforced Body+1","floor":19.0},{"not_picked":["Rebound","Streamline","Go for the Eyes"],"picked":"SKIP","floor":22.0},{"not_picked":["Rebound","Streamline","Go for the Eyes"],"picked":"SKIP","floor":22.0},{"not_picked":["Blizzard","Reprogram"],"picked":"Compile Driver","floor":23.0},{"not_picked":["Lockon","Turbo"],"picked":"Ball Lightning+1","floor":24.0},{"not_picked":["Compile Driver","Recycle","Double Energy+1"],"picked":"SKIP","floor":27.0},{"not_picked":["Stack","Darkness","Doom and Gloom"],"picked":"SKIP","floor":28.0},{"not_picked":["FTL","Melter"],"picked":"Seek","floor":29.0},{"not_picked":["Heatsinks","Genetic Algorithm"],"picked":"Coolheaded","floor":30.0},{"not_picked":["Creative AI","Seek"],"picked":"Electrodynamics","floor":33.0},{"not_picked":["Beam Cell","Compile Driver"],"picked":"Hologram","floor":35.0},{"not_picked":["Ball Lightning","Auto Shields"],"picked":"Hologram","floor":38.0},{"not_picked":["Hologram+1","Auto Shields"],"picked":"Biased Cognition","floor":40},{"not_picked":["Hologram","Reinforced Body","Compile Driver"],"picked":"SKIP","floor":42},{"not_picked":["Hologram","Reinforced Body","Compile Driver"],"picked":"SKIP","floor":42},{"not_picked":["Genetic Algorithm+1","Compile Driver","Conserve Battery+1"],"picked":"SKIP","floor":44},{"not_picked":["Steam","Compile Driver","Rip and Tear"],"picked":"SKIP","floor":46},{"not_picked":["Tempest","Chaos"],"picked":"Biased Cognition","floor":47},{"not_picked":["Thunder Strike","Double Energy","Turbo+1"],"picked":"SKIP","floor":54}],"player_experience":1916103,"relics_obtained":[{"floor":7.0,"key":"Sundial"},{"floor":9.0,"key":"Centennial Puzzle"},{"floor":10.0,"key":"The Courier"},{"floor":14.0,"key":"Oddly Smooth Stone"},{"floor":23.0,"key":"Toy Ornithopter"},{"floor":27.0,"key":"Akabeko"},{"floor":40,"key":"Lizard Tail"},{"floor":42,"key":"Ornamental Fan"},{"floor":43,"key":"Mummified Hand"},{"floor":47,"key":"Happy Flower"},{"floor":54,"key":"Du-Vu Doll"}],"event_choices":[{"cards_removed":["Dualcast"],"damage_healed":0.0,"max_hp_gain":0.0,"max_hp_loss":0.0,"gold_gain":0.0,"event_name":"Golden Wing","player_choice":"Card Removal","floor":2.0,"gold_loss":0.0,"damage_taken":7.0},{"damage_healed":0.0,"max_hp_gain":0.0,"max_hp_loss":0.0,"gold_gain":0.0,"event_name":"Match and Keep!","player_choice":"2 cards matched","floor":4.0,"gold_loss":0.0,"damage_taken":0.0,"cards_obtained":["Zap","Self Repair"]},{"damage_healed":0.0,"max_hp_gain":0.0,"max_hp_loss":0.0,"gold_gain":0.0,"event_name":"The Mausoleum","player_choice":"Ignored","floor":20.0,"gold_loss":0.0,"damage_taken":0.0},{"damage_healed":0.0,"max_hp_gain":0.0,"max_hp_loss":0.0,"gold_gain":0.0,"event_name":"FaceTrader","player_choice":"Trade","floor":21.0,"gold_loss":0.0,"damage_taken":0.0,"relics_obtained":["SsserpentHead"]},{"cards_removed":["Steam Power"],"damage_healed":0.0,"max_hp_gain":0.0,"max_hp_loss":0.0,"gold_gain":0.0,"event_name":"Falling","player_choice":"Removed Skill","floor":36.0,"gold_loss":0.0,"damage_taken":0.0},{"damage_healed":0.0,"max_hp_gain":0.0,"max_hp_loss":4.0,"gold_gain":0.0,"event_name":"Winding Halls","player_choice":"Max HP","floor":37.0,"gold_loss":0.0,"damage_taken":0.0},{"damage_healed":0,"gold_gain":0,"player_choice":"Rummage","damage_taken":0,"relics_obtained":["WarpedTongs"],"max_hp_gain":0,"max_hp_loss":0,"event_name":"Accursed Blacksmith","floor":48,"gold_loss":0,"cards_obtained":["Pain"]}],"is_beta":false,"boss_relics":[{"not_picked":["Tiny House","Astrolabe"],"picked":"Velvet Choker"},{"not_picked":["Black Star","Empty Cage"],"picked":"Coffee Dripper"}],"items_purged_floors":[5,31,53],"is_endless":false,"potions_floor_spawned":[3,7,11,23,24,27,29,38,42,44,47],"ascension_level":15}}