{"host":"f6tqpspb2ou2a4h5","time":1607748478,"event":{"mods":["2.2 Compatiblity","Ascension Unlocker","BaseMod","Colored Map","DeckTracker","Hermit","Highlight Path","KOR Keyword Fix","Keyboard Shortcuts","Minty Spire (QoL Compilation)","Permanent Neow","Quick Restart","Random Character Button","StSLib","SuperFastMode","The Poker Player","everything is the same but u backflip on backflip"],"gold_per_floor":[111,111,130,130,92,92,107,119,119,129,1,1,1,16,16,16,16],"floor_reached":16,"playtime":434,"items_purged":["Strike_G"],"score":138,"play_id":"adddbc71-4059-4d74-865d-53e9707aa991","local_time":"20201212134758","is_ascension_mode":true,"campfire_choices":[{"floor":6,"key":"REST"},{"data":"Prepared","floor":12,"key":"SMITH"},{"floor":15,"key":"REST"}],"circlet_count":0,"master_deck":["AscendersBane","Strike_G","Strike_G","Strike_G","Defend_G","Defend_G","Defend_G","Defend_G","Defend_G","Survivor","Neutralize","Corpse Explosion","Poisoned Stab","Escape Plan","Dagger Throw","Underhanded Strike","Backstab","Prepared+1","Tactician"],"relics":["Ring of the Snake","Juzu Bracelet","Shuriken"],"acts_visited":["Exordium"],"potions_floor_usage":[14,16],"damage_taken":[{"damage":13,"enemies":"Jaw Worm","floor":1,"turns":8},{"damage":0,"enemies":"2 Louse","floor":3,"turns":2},{"damage":2,"enemies":"Small Slimes","floor":7,"turns":3},{"damage":5,"enemies":"Blue Slaver","floor":8,"turns":4},{"damage":7,"enemies":"Exordium Thugs","floor":10,"turns":5},{"damage":3,"enemies":"Large Slime","floor":14,"turns":3},{"damage":32,"enemies":"Hexaghost","floor":16,"turns":10}],"seed_played":"7343517739134852394","potions_obtained":[{"floor":3,"key":"SteroidPotion"},{"floor":14,"key":"Weak Potion"}],"is_trial":false,"path_per_floor":["M","?","M","?","?","R","M","M","T","M","$","R","$","M","R","B"],"character_chosen":"THE_SILENT","items_purchased":["Prepared"],"campfire_rested":2,"item_purchase_floors":[11],"current_hp_per_floor":[50,17,17,10,10,28,26,21,21,14,14,14,14,11,29,0,0],"gold":16,"neow_bonus":"THREE_RARE_CARDS","is_daily":false,"chose_seed":false,"campfire_upgraded":1,"win_rate":0.0,"timestamp":1607748478,"path_taken":["M","?","M","?","?","R","M","M","T","M","$","R","?","M","R","BOSS"],"items_purchased_type":["Card"],"build_version":"2020-11-30","purchased_purges":1,"victory":false,"max_hp_per_floor":[63,63,63,63,63,63,63,63,63,63,63,63,63,63,63,63,63],"card_choices":[{"not_picked":["Phantasmal Killer","Storm of Steel"],"picked":"Corpse Explosion","floor":0},{"not_picked":["Bane","Quick Slash"],"picked":"Poisoned Stab","floor":1},{"not_picked":["Poisoned Stab","Caltrops"],"picked":"Escape Plan","floor":3},{"not_picked":["All Out Attack","Terror"],"picked":"Dagger Throw","floor":7},{"not_picked":["Flying Knee","Backflip"],"picked":"Underhanded Strike","floor":8},{"not_picked":["Cloak And Dagger","Skewer"],"picked":"Backstab","floor":10},{"not_picked":["Well Laid Plans","Cloak And Dagger"],"picked":"Tactician","floor":14}],"player_experience":10501,"relics_obtained":[{"floor":9,"key":"Shuriken"}],"event_choices":[{"damage_healed":0,"gold_gain":0,"player_choice":"Success","damage_taken":33,"relics_obtained":["Juzu Bracelet"],"max_hp_gain":0,"max_hp_loss":0,"event_name":"Scrap Ooze","floor":2,"gold_loss":0},{"cards_removed":["Strike_G"],"damage_healed":0,"gold_gain":0,"player_choice":"Card Removal","damage_taken":7,"max_hp_gain":0,"max_hp_loss":0,"event_name":"Golden Wing","floor":4,"gold_loss":0},{"damage_healed":0,"gold_gain":0,"player_choice":"Left Gold","damage_taken":0,"max_hp_gain":0,"max_hp_loss":0,"event_name":"World of Goop","floor":5,"gold_loss":38}],"is_beta":false,"boss_relics":[],"items_purged_floors":[11],"is_endless":false,"potions_floor_spawned":[3,14],"killed_by":"Hexaghost","ascension_level":10}}