{"host":"milnbpnt8q6cnpmr","time":1607739522,"event":{"mods":["BaseMod","Marisa????????","Minty Spire (QoL Compilation)"],"gold_per_floor":[369,380,398,0,13,33,33,65,88,105,122,140,168,186,186,186,186],"floor_reached":16,"playtime":1224,"items_purged":["Strike_MRS"],"score":218,"play_id":"85f46255-648a-46c3-8766-0e84096e7784","local_time":"20201211181841","is_ascension_mode":true,"campfire_choices":[{"floor":7,"key":"REST"},{"floor":15,"key":"REST"}],"circlet_count":0,"master_deck":["AscendersBane","Strike_MRS","Strike_MRS","Strike_MRS","Defend_MRS","Defend_MRS","Defend_MRS","Defend_MRS","MasterSpark","UpSweep","WitchLeyline","OortCloud","DarkMatter","EscapeVelocity","WitchLeyline","Orbital","WitchLeyline","GasGiant","MagicAbsorber","GalacticHalo","StarDustReverie"],"relics":["MiniHakkero","White Beast Statue","Potion Belt","Centennial Puzzle"],"acts_visited":["Exordium"],"potions_floor_usage":[5,6,10,12,13,13,13,14,16],"damage_taken":[{"damage":1,"enemies":"Cultist","floor":1,"turns":3},{"damage":2,"enemies":"Jaw Worm","floor":2,"turns":3},{"damage":4,"enemies":"2 Louse","floor":3,"turns":4},{"damage":3,"enemies":"Exordium Wildlife","floor":5,"turns":2},{"damage":8,"enemies":"3 Louse","floor":6,"turns":4},{"damage":19,"enemies":"Lagavulin","floor":8,"turns":6},{"damage":5,"enemies":"Exordium Thugs","floor":10,"turns":4},{"damage":9,"enemies":"Red Slaver","floor":11,"turns":4},{"damage":2,"enemies":"3 Louse","floor":12,"turns":3},{"damage":10,"enemies":"Gremlin Nob","floor":13,"turns":3},{"damage":0,"enemies":"Looter","floor":14,"turns":1},{"damage":30,"enemies":"Slime Boss","floor":16,"turns":6}],"seed_played":"-1642896729058797117","potions_obtained":[{"floor":2,"key":"SneckoOil"},{"floor":5,"key":"DuplicationPotion"},{"floor":8,"key":"ColorlessPotion"},{"floor":10,"key":"Strength Potion"},{"floor":11,"key":"LiquidMemories"},{"floor":12,"key":"SkillPotion"},{"floor":13,"key":"AttackPotion"},{"floor":14,"key":"Energy Potion"}],"is_trial":false,"path_per_floor":["M","M","M","$","M","M","R","E","T","M","M","M","E","M","R","B"],"character_chosen":"MARISA","items_purchased":["EscapeVelocity","WitchLeyline","Orbital","SkillPotion"],"campfire_rested":2,"item_purchase_floors":[4,4,4,4],"current_hp_per_floor":[44,42,38,38,35,27,48,29,29,24,15,13,3,3,24,0,0],"gold":186,"neow_bonus":"TWO_FIFTY_GOLD","is_daily":false,"chose_seed":false,"campfire_upgraded":0,"win_rate":0.0,"timestamp":1607739521,"path_taken":["M","?","M","$","M","M","R","E","T","M","M","M","E","?","R","BOSS"],"items_purchased_type":["Card","Card","Card","Potion"],"build_version":"2020-11-30","purchased_purges":1,"victory":false,"max_hp_per_floor":[70,70,70,70,70,70,70,70,70,70,70,70,70,70,70,70,70],"card_choices":[{"not_picked":["UnstableBomb","PowerUp"],"picked":"WitchLeyline","floor":1},{"not_picked":["MilkyWay","AsteroidBelt"],"picked":"OortCloud","floor":2},{"not_picked":["AsteroidBelt","Robbery"],"picked":"DarkMatter","floor":3},{"not_picked":["NonDirectionalLaser","JA"],"picked":"WitchLeyline","floor":5},{"not_picked":["GrandCross","Singularity"],"picked":"GasGiant","floor":6},{"not_picked":["IllusionStar","UnstableBomb"],"picked":"MagicAbsorber","floor":8},{"not_picked":["WitchLeyline","GravityBeat","LuminesStrike"],"picked":"SKIP","floor":10},{"not_picked":["UnstableBomb","EnergyRecoil","NonDirectionalLaser"],"picked":"SKIP","floor":11},{"not_picked":["NonDirectionalLaser","GrandCross"],"picked":"GalacticHalo","floor":12},{"not_picked":["GrandCross","ChargingUp","PowerUp"],"picked":"SKIP","floor":13},{"not_picked":["6A","LuminesStrike"],"picked":"StarDustReverie","floor":14}],"player_experience":1138867,"relics_obtained":[{"floor":8,"key":"White Beast Statue"},{"floor":9,"key":"Potion Belt"},{"floor":13,"key":"Centennial Puzzle"}],"event_choices":[],"is_beta":false,"boss_relics":[],"items_purged_floors":[4],"is_endless":false,"potions_floor_spawned":[2,5,8,10,11,12,13,14],"killed_by":"Slime Boss","ascension_level":17}}