{"host":"zksvs3x2ysy9npnz","time":1607783530,"event":{"mods":["Aspiration","BaseMod","Beaked The Cultist","BetterRewards","Colored Map","Conspire","Duelist Mod","Halation","Highlight Path","Hubris","Infinite Spire","Jedi Mod","Minty Spire (QoL Compilation)","Permanent Neow","Quick Restart","Relic Stats","Replay The Spire","Retaliation","Shop Mod","StSLib"],"gold_per_floor":[142,152,164,124,138,138,173,173,173,173,185,185,213,263,263,340,340,354,117,131,167,167,167,167,167],"floor_reached":24,"playtime":1117,"items_purged":["theDuelist:Sparks","theDuelist:Sparks"],"score":402,"play_id":"7cd8e998-b10a-413f-9c18-740d11686faa","local_time":"20201212153210","is_ascension_mode":true,"campfire_choices":[{"data":"theDuelist:PredaplantFlytrap","floor":6,"key":"SMITH"},{"data":"Blind","floor":8,"key":"SMITH"},{"data":"theDuelist:DarkworldThorns","floor":10,"key":"SMITH"},{"floor":12,"key":"REST"},{"floor":23,"key":"REST"}],"circlet_count":0,"master_deck":["theDuelist:AngelTrumpeter+1","theDuelist:CactusBouncer","theDuelist:CastleWalls","theDuelist:CastleWalls","theDuelist:DarkworldThorns+1","AscendersBane","theDuelist:Inmato","theDuelist:JerryBeansMan","theDuelist:JerryBeansMan","Flash of Steel","theDuelist:SuperSolarNutrient","theDuelist:Mudora","theDuelist:PredaplantFlytrap+1","Blind+1","theDuelist:WhiteRoseDragon","theDuelist:RevivalRose","theDuelist:PredaplantPterapenthes","theDuelist:PreventRat","Magnetism","theDuelist:SuperSolarNutrient"],"relics":["theDuelist:MillenniumPuzzle","theDuelist:CardPoolRelic","theDuelist:CardPoolBasicRelic","theDuelist:BoosterPackPoolRelic","theDuelist:CardPoolAddRelic","theDuelist:CardPoolMinusRelic","theDuelist:CardPoolSaveRelic","theDuelist:CardPoolOptionsRelic","Potion Belt","Mercury Hourglass","infinitespire:EmpoweringShard","SlaversCollar","Membership Card","jedi:ominousloannote","aspiration:FetidBarrel","infinitespire:PuzzleCube"],"acts_visited":["Exordium","TheCity"],"potions_floor_usage":[7,13,13,13,16],"damage_taken":[{"damage":1,"enemies":"Cultist","floor":1,"turns":3},{"damage":2,"enemies":"2 Louse","floor":2,"turns":2},{"damage":5,"enemies":"Small Slimes","floor":3,"turns":3},{"damage":7,"enemies":"2 Fungi Beasts","floor":5,"turns":3},{"damage":11,"enemies":"Lagavulin","floor":7,"turns":5},{"damage":4,"enemies":"Lots of Slimes","floor":11,"turns":3},{"damage":11,"enemies":"3 Sentries","floor":13,"turns":7},{"damage":9,"enemies":"Slime Boss","floor":16,"turns":7},{"damage":15,"enemies":"Shell Parasite","floor":18,"turns":6},{"damage":21,"enemies":"Chosen","floor":20,"turns":5},{"damage":26,"enemies":"Shelled Parasite and Fungi","floor":22,"turns":9},{"damage":25,"enemies":"Book of Stabbing","floor":24,"turns":5}],"seed_played":"-1469294953317882801","potions_obtained":[{"floor":4,"key":"Fire Potion"},{"floor":4,"key":"Swift Potion"},{"floor":4,"key":"LifebloodPotion"},{"floor":5,"key":"GamblersBrew"},{"floor":11,"key":"Elixir"},{"floor":13,"key":"SpeedPotion"},{"floor":22,"key":"DDmod:CleansePotion"}],"is_trial":false,"path_per_floor":["M","M","M","?","M","R","E","R","T","R","M","R","E","?","R_BF","B",null,"M","$","M","$","M","R","E"],"character_chosen":"THE_DUELIST","items_purchased":["Membership Card","theDuelist:PredaplantPterapenthes","jedi:ominousloannote","aspiration:FetidBarrel","infinitespire:PuzzleCube","Magnetism"],"campfire_rested":2,"item_purchase_floors":[19,19,21,21,21,21],"current_hp_per_floor":[62,60,55,55,48,48,37,37,37,37,33,54,43,43,64,55,66,51,51,30,30,4,25,0,0],"gold":167,"neow_bonus":"RANDOM_COMMON_RELIC","is_daily":false,"chose_seed":false,"campfire_upgraded":3,"win_rate":0.0,"timestamp":1607783530,"path_taken":["M","?","?","?","M","R","E","R","T","R","?","R","E","?","R_BF","BOSS","M","$","M","$","?","R","E"],"items_purchased_type":["Relic","Card","Relic","Relic","Relic","Card"],"build_version":"2020-11-30","purchased_purges":2,"victory":false,"max_hp_per_floor":[70,70,70,70,70,70,70,70,70,70,70,70,70,70,70,70,70,70,70,70,70,70,70,70,70],"relic_stats":{"counters":[12,57],"obtain_stats":[{"Potion Belt":0,"aspiration:FetidBarrel":21,"theDuelist:MillenniumPuzzle":0,"theDuelist:CardPoolSaveRelic":0,"Mercury Hourglass":7,"SlaversCollar":17,"theDuelist:BoosterPackPoolRelic":0,"theDuelist:CardPoolMinusRelic":0,"jedi:ominousloannote":21,"theDuelist:CardPoolBasicRelic":0,"theDuelist:CardPoolAddRelic":0,"theDuelist:CardPoolOptionsRelic":0,"infinitespire:EmpoweringShard":13,"Membership Card":19,"infinitespire:PuzzleCube":21,"theDuelist:CardPoolRelic":0},{"Potion Belt":0,"aspiration:FetidBarrel":10,"theDuelist:MillenniumPuzzle":0,"theDuelist:CardPoolSaveRelic":0,"Mercury Hourglass":5,"SlaversCollar":8,"theDuelist:BoosterPackPoolRelic":0,"theDuelist:CardPoolMinusRelic":0,"jedi:ominousloannote":10,"theDuelist:CardPoolBasicRelic":0,"theDuelist:CardPoolAddRelic":0,"theDuelist:CardPoolOptionsRelic":0,"infinitespire:EmpoweringShard":7,"Membership Card":9,"infinitespire:PuzzleCube":10,"theDuelist:CardPoolRelic":0},{"Potion Belt":0,"aspiration:FetidBarrel":43,"theDuelist:MillenniumPuzzle":0,"theDuelist:CardPoolSaveRelic":0,"Mercury Hourglass":16,"SlaversCollar":32,"theDuelist:BoosterPackPoolRelic":0,"theDuelist:CardPoolMinusRelic":0,"jedi:ominousloannote":43,"theDuelist:CardPoolBasicRelic":0,"theDuelist:CardPoolAddRelic":0,"theDuelist:CardPoolOptionsRelic":0,"infinitespire:EmpoweringShard":25,"Membership Card":38,"infinitespire:PuzzleCube":43,"theDuelist:CardPoolRelic":0}],"Mercury Hourglass":[113]},"card_choices":[{"not_picked":["Enlightenment","Mind Blast","Violence"],"picked":"Flash of Steel","floor":1},{"not_picked":["theDuelist:JerryBeansMan","theDuelist:SilverApples","theDuelist:PredaplantChlamydosundew","theDuelist:Firegrass"],"picked":"theDuelist:SuperSolarNutrient","floor":2},{"not_picked":["theDuelist:PotDichotomy","theDuelist:GreenGraveOni","theDuelist:AttackTheMoon","theDuelist:Cloning"],"picked":"theDuelist:Mudora","floor":3},{"not_picked":["theDuelist:CactusBouncer","theDuelist:PredaplantPterapenthes","theDuelist:Inmato","theDuelist:SangaEarth"],"picked":"theDuelist:PredaplantFlytrap","floor":5},{"not_picked":["Discovery","Good Instincts","Mind Blast"],"picked":"Blind","floor":7},{"not_picked":["theDuelist:Reinforcements","theDuelist:SilverApples","theDuelist:BottomlessTrapHole","theDuelist:AcidTrapHole","theDuelist:BloomingDarkestRose"],"picked":"SKIP","floor":11},{"not_picked":["theDuelist:BotanicalLion","theDuelist:Spore","theDuelist:Invigoration","theDuelist:Firegrass"],"picked":"theDuelist:WhiteRoseDragon","floor":13},{"not_picked":["theDuelist:KamionTimelord","theDuelist:HeartUnderdog","theDuelist:BeastFangs","theDuelist:PredaplantChimerafflesia"],"picked":"theDuelist:RevivalRose","floor":16},{"not_picked":["theDuelist:EarthquakeGiant","theDuelist:LightningDarts+1","theDuelist:LightningVortex","theDuelist:PowerGiant","theDuelist:SolemnStrike"],"picked":"SKIP","floor":18},{"not_picked":["theDuelist:BattleOx","theDuelist:GilfordLegend","theDuelist:PotDichotomy","theDuelist:BlackPendant+1"],"picked":"theDuelist:PreventRat","floor":20},{"not_picked":["theDuelist:RosePaladin","theDuelist:BotanicalGirl","theDuelist:FrozenRose","theDuelist:AngelTrumpeter"],"picked":"theDuelist:SuperSolarNutrient","floor":22}],"player_experience":1187969,"relics_obtained":[{"floor":7,"key":"Mercury Hourglass"},{"floor":13,"key":"infinitespire:EmpoweringShard"}],"event_choices":[{"damage_healed":0,"gold_gain":0,"player_choice":"Bought 3 Potions","damage_taken":0,"max_hp_gain":0,"max_hp_loss":0,"event_name":"The Woman in Blue","floor":4,"gold_loss":0},{"damage_healed":0,"gold_gain":50,"player_choice":"Pray","damage_taken":0,"max_hp_gain":0,"max_hp_loss":0,"event_name":"Golden Shrine","floor":14,"gold_loss":0}],"is_beta":false,"boss_relics":[{"not_picked":["Runic Pyramid","theDuelist:MillenniumKey"],"picked":"SlaversCollar"}],"items_purged_floors":[19,21],"is_endless":false,"potions_floor_spawned":[5,11,13,22],"killed_by":"Book of Stabbing","ascension_level":19}}