{"host":"djfsqftupta9xgss","time":1607747798,"event":{"mods":["Act Like it!","BaseMod","Gensokyo","Minty Spire (QoL Compilation)","MostiFishMod","Replay The Spire","Spicy Shops","StSLib","TestMod"],"gold_per_floor":[115,134,134,145,157,190,206,206,206,235,310,343,343,268,268,268,268],"floor_reached":16,"playtime":436,"items_purged":["Strike_P"],"score":240,"play_id":"e158954a-13b6-4e41-9e24-b5924a677bfe","local_time":"20201212123638","is_ascension_mode":true,"campfire_choices":[{"data":"Eruption","floor":8.0,"key":"SMITH"},{"floor":13,"key":"REST"},{"floor":15,"key":"RECALL"}],"circlet_count":0,"master_deck":["AscendersBane","Strike_P","Strike_P","Strike_P","Defend_P","Defend_P","Defend_P","Eruption+1","Vigilance","CurseOfTheBell","MostiFishMod:LegendTransform","BowlingBash","Prostrate","Adaptation"],"relics":["DaveBox","testmod-TestBox","GreenFoldingFan","testmod-Muramasa","Calling Bell","Bag of Marbles","Replay:Accelerometer","Counterbalance","Question Card","testmod-CrystalShield","Letter Opener","testmod-DragonStarHat","testmod-BalancedPeriapt"],"acts_visited":["Exordium"],"potions_floor_usage":[10],"damage_taken":[{"damage":4.0,"enemies":"Cultist","floor":1.0,"turns":2.0},{"damage":6.0,"enemies":"2 Louse","floor":2.0,"turns":3.0},{"damage":6.0,"enemies":"Jaw Worm","floor":4.0,"turns":2.0},{"damage":6.0,"enemies":"Gremlin Gang","floor":5.0,"turns":3.0},{"damage":29.0,"enemies":"Lagavulin","floor":6.0,"turns":6.0},{"damage":15.0,"enemies":"Exordium Wildlife","floor":7.0,"turns":4.0},{"damage":25,"enemies":"Gremlin Nob","floor":10,"turns":4},{"damage":13,"enemies":"Replay:BlueRogue","floor":12,"turns":5},{"damage":35,"enemies":"The Guardian","floor":16,"turns":5}],"seed_played":"1467271893576180971","potions_obtained":[{"floor":5.0,"key":"Energy Potion"},{"floor":6.0,"key":"Strength Potion"},{"floor":12,"key":"StancePotion"}],"is_trial":false,"path_per_floor":["M","M","?","M","M","E","M","R","T","E","?","E","R","$","R","B"],"character_chosen":"WATCHER","items_purchased":[],"campfire_rested":1,"item_purchase_floors":[],"current_hp_per_floor":[67,68,68,68,68,49,44,44,44,29,18,15,35,35,35,0,0],"gold":268,"neow_bonus":"BOSS_RELIC","is_daily":false,"chose_seed":false,"campfire_upgraded":1,"win_rate":0.0,"timestamp":1607747798,"path_taken":["M","?","?","M","M","E","M","R","T","E","?","E","R","$","R","BOSS"],"items_purchased_type":[],"build_version":"2020-11-30","purchased_purges":1,"victory":false,"max_hp_per_floor":[68,68,68,68,68,68,68,68,68,68,68,68,68,68,68,68,68],"card_choices":[{"not_picked":["Vengeance","Halt"],"picked":"MostiFishMod:LegendTransform","floor":1.0},{"not_picked":["JustLucky","LikeWater","Prostrate","EmptyBody"],"picked":"SKIP","floor":2.0},{"not_picked":["CrushJoints","Prostrate","WaveOfTheHand"],"picked":"BowlingBash","floor":4.0},{"not_picked":["Replay:AtTheReady","Weave","ThirdEye","Perseverance"],"picked":"SKIP","floor":5.0},{"not_picked":["BattleHymn","Wireheading","EmptyBody"],"picked":"Prostrate","floor":6.0},{"not_picked":["Replay:BluntJabs","Prostrate","ReachHeaven","Crescendo"],"picked":"SKIP","floor":7.0},{"not_picked":["JustLucky","Replay:AtTheReady","Perseverance","Protect"],"picked":"SKIP","floor":10},{"not_picked":["Protect","Replay:BluntJabs","MostiFishMod:StarLaLaLa"],"picked":"Adaptation","floor":12}],"player_experience":310857,"relics_obtained":[{"floor":0.0,"key":"Bag of Marbles"},{"floor":0.0,"key":"Replay:Accelerometer"},{"floor":0.0,"key":"Counterbalance"},{"floor":1.0,"key":"Question Card"},{"floor":6.0,"key":"testmod-CrystalShield"},{"floor":9.0,"key":"Letter Opener"},{"floor":10,"key":"testmod-DragonStarHat"},{"floor":12,"key":"testmod-BalancedPeriapt"}],"event_choices":[{"cards_removed":["Defend_P"],"damage_healed":0.0,"max_hp_gain":0.0,"max_hp_loss":0.0,"gold_gain":0.0,"event_name":"Living Wall","player_choice":"Forget","floor":3.0,"gold_loss":0.0,"damage_taken":0.0},{"damage_healed":0,"gold_gain":75,"player_choice":"Gather Gold","damage_taken":11,"max_hp_gain":0,"max_hp_loss":0,"event_name":"World of Goop","floor":11,"gold_loss":0}],"is_beta":false,"boss_relics":[],"items_purged_floors":[14],"is_endless":false,"potions_floor_spawned":[5,6,12],"killed_by":"The Guardian","ascension_level":20}}