{"host":"4amcrcg6ktw8dbzk","time":1607754327,"event":{"mods":["BaseMod","Dota2Spire","Minty Spire (QoL Compilation)","MostiFishMod","Robot Space Explorer","Spicy Shops","StSLib","Waifu the Spire"],"gold_per_floor":[117,127,127,137,151,178,178,178,178,178,178,222,222,258,258,381,381,402,402,402,426,440,475,475,90,90,90,115,138,159,199,199,327,327,346,359,374,374,374,409,409,442,442,507,507,507,129,168,168,168,168,168,54,95,95],"floor_reached":56,"playtime":2461,"items_purged":["RobotSpaceExplorer:HighVoltage","Writhe"],"score":1629,"play_id":"34d28348-17cf-43bd-b0f6-b8f74d20ce89","local_time":"20201212142527","is_ascension_mode":false,"campfire_choices":[{"data":"MostiFishMod:WinterMarkForm","floor":7.0,"key":"SMITH"},{"data":"RobotSpaceExplorer:LaserBurst","floor":10.0,"key":"SMITH"},{"data":"RobotSpaceExplorer:StarDust","floor":13.0,"key":"SMITH"},{"data":"RobotSpaceExplorer:IronShell","floor":15.0,"key":"SMITH"},{"data":"RobotSpaceExplorer:TurboDodge","floor":24.0,"key":"SMITH"},{"data":"RobotSpaceExplorer:Comet","floor":27.0,"key":"SMITH"},{"data":"MostiFishMod:FrostNova","floor":32.0,"key":"SMITH"},{"data":"Enlightenment","floor":41.0,"key":"SMITH"},{"floor":46.0,"key":"RECALL"},{"data":"RobotSpaceExplorer:PlasmaMissile","floor":49.0,"key":"SMITH"},{"data":"RobotSpaceExplorer:FrostMissile","floor":52.0,"key":"SMITH"}],"circlet_count":0,"master_deck":["RobotSpaceExplorer:Strike","RobotSpaceExplorer:Strike","RobotSpaceExplorer:Strike","RobotSpaceExplorer:Defend+1","RobotSpaceExplorer:Defend+1","RobotSpaceExplorer:Defend","RobotSpaceExplorer:Scan+1","RobotSpaceExplorer:MiniLasers","MostiFishMod:FrostNova+1","MostiFishMod:WinterMarkForm+1","RobotSpaceExplorer:StunGrenade","RobotSpaceExplorer:TurboDodge+1","RobotSpaceExplorer:LaserBurst+1","RobotSpaceExplorer:StarDust+1","RobotSpaceExplorer:IronShell+1","RobotSpaceExplorer:TrailblazerForm","RobotSpaceExplorer:FrostMissile+1","RobotSpaceExplorer:ScrapToss+1","RobotSpaceExplorer:Comet+1","RobotSpaceExplorer:SurgingShield+1","RobotSpaceExplorer:StunGrenade","RobotSpaceExplorer:ShockMissile","RobotSpaceExplorer:Pulsar+1","RobotSpaceExplorer:FrostMissile+1","RobotSpaceExplorer:Multitool","Madness+1","Madness","Enlightenment+1","RobotSpaceExplorer:PlasmaMissile+1","RobotSpaceExplorer:Blitz+1"],"relics":["RobotSpaceExplorer:RoboCore","DaveBox","FrostBlade","Question Card","Dota2Spire:OrchidMalevolence","Golden Idol","RobotSpaceExplorer:BottledGravity","StrikeDummy","Tiny Chest","Odd Mushroom","ImportantClient","BirthdayGift-Tetrahedron","MutagenicStrength","Turnip","Dota2Spire:LinkenSphere","Mummified Hand","Strawberry","SynthV:C4","MetatronsCube","HornCleat","Mercury Hourglass","Juzu Bracelet","Dota2Spire:ShivaGuard","Prayer Wheel","MealTicket","Medical Kit","Anchor","Technique","Dota2Spire:MagicBottle","War Paint","Dota2Spire:UrnOfShadows"],"acts_visited":["Exordium","TheCity","TheBeyond","TheEnding"],"potions_floor_usage":[55],"damage_taken":[{"damage":1.0,"enemies":"Jaw Worm","floor":1.0,"turns":2.0},{"damage":0.0,"enemies":"2 Louse","floor":2.0,"turns":1.0},{"damage":0.0,"enemies":"Small Slimes","floor":4.0,"turns":2.0},{"damage":0.0,"enemies":"2 Fungi Beasts","floor":5.0,"turns":3.0},{"damage":0.0,"enemies":"Lagavulin","floor":6.0,"turns":3.0},{"damage":2.0,"enemies":"3 Sentries","floor":12.0,"turns":3.0},{"damage":7.0,"enemies":"The Mushroom Lair","floor":14.0,"turns":2.0},{"damage":23.0,"enemies":"Slime Boss","floor":16.0,"turns":4.0},{"damage":2.0,"enemies":"Spheric Guardian","floor":18.0,"turns":2.0},{"damage":3.0,"enemies":"Shell Parasite","floor":21.0,"turns":2.0},{"damage":2.0,"enemies":"Snecko","floor":22.0,"turns":2.0},{"damage":7.0,"enemies":"Slavers","floor":23.0,"turns":2.0},{"damage":2.0,"enemies":"Shelled Parasite and Fungi","floor":29.0,"turns":2.0},{"damage":2.0,"enemies":"Centurion and Healer","floor":30.0,"turns":2.0},{"damage":3.0,"enemies":"Gremlin Leader","floor":31.0,"turns":2.0},{"damage":4.0,"enemies":"Collector","floor":33.0,"turns":3.0},{"damage":0.0,"enemies":"3 Darklings","floor":35.0,"turns":1.0},{"damage":0.0,"enemies":"Orb Walker","floor":36.0,"turns":1.0},{"damage":2.0,"enemies":"Jaw Worm Horde","floor":37.0,"turns":2.0},{"damage":4.0,"enemies":"Giant Head","floor":40.0,"turns":3.0},{"damage":2.0,"enemies":"Nemesis","floor":42.0,"turns":2.0},{"damage":2.0,"enemies":"2 Orb Walkers","floor":44.0,"turns":2.0},{"damage":2.0,"enemies":"Reptomancer","floor":48.0,"turns":2.0},{"damage":6.0,"enemies":"Awakened One","floor":50.0,"turns":4.0},{"damage":2,"enemies":"Shield and Spear","floor":54,"turns":2},{"damage":6,"enemies":"The Heart","floor":55,"turns":4}],"seed_played":"-4851942959601441722","potions_obtained":[{"floor":2.0,"key":"Explosive Potion"},{"floor":5.0,"key":"LiquidMemories"},{"floor":6.0,"key":"Regen Potion"},{"floor":21.0,"key":"Strength Potion"},{"floor":29.0,"key":"Energy Potion"}],"is_trial":false,"path_per_floor":["M","M","?","M","M","E","R","?","T","R","?","E","R","?","R","B",null,"M","?","?","M","M","E","R","$","T","R","T","M","M","E","R","B",null,"M","M","M","?","?","E","R","E","T","?","T","R","$","E","R","B",null,"R","$","E","B",null],"character_chosen":"RobotSpaceExplorer","items_purchased":["RobotSpaceExplorer:Comet","Dota2Spire:LinkenSphere","Medical Kit","Anchor","Technique","War Paint"],"campfire_rested":0,"item_purchase_floors":[25,25,47,47,47,53],"current_hp_per_floor":[81,81,81,81,81,81,81,61,61,61,54,52,52,45,45,22,82,80,80,80,77,75,68,68,68,68,68,75,73,71,68,68,64,89,89,89,87,76,76,72,72,70,70,68,68,68,83,81,81,75,89,89,89,87,81],"gold":95,"neow_bonus":"TEN_PERCENT_HP_BONUS","is_daily":false,"chose_seed":false,"campfire_upgraded":10,"win_rate":0.0,"timestamp":1607754327,"path_taken":["M","M","?","M","M","E","R","?","T","R","?","E","R","?","R","BOSS","M","?","?","M","M","E","R","$","T","R","?","M","M","E","R","BOSS","M","M","M","?","?","E","R","E","T","?","?","R","$","E","R","BOSS","R","$","E","BOSS"],"items_purchased_type":["Card","Relic","Relic","Relic","Relic","Relic"],"build_version":"2020-11-30","purchased_purges":2,"victory":true,"max_hp_per_floor":[82,82,82,82,82,82,82,82,82,82,82,82,82,82,82,82,82,82,82,82,82,82,82,82,82,82,82,89,89,89,89,89,89,89,89,89,89,89,89,89,89,89,89,89,89,89,89,89,89,89,89,89,89,89,89],"card_choices":[{"not_picked":["RobotSpaceExplorer:ShockKick","RobotSpaceExplorer:ExhaustFan"],"picked":"RobotSpaceExplorer:StunGrenade","floor":1.0},{"not_picked":["RobotSpaceExplorer:Counterblock","RobotSpaceExplorer:PowerGlove","RobotSpaceExplorer:Ammunition"],"picked":"RobotSpaceExplorer:TurboDodge","floor":2.0},{"not_picked":["RobotSpaceExplorer:TurboDodge","RobotSpaceExplorer:SelfCleaning","RobotSpaceExplorer:Smokescreen"],"picked":"RobotSpaceExplorer:LaserBurst","floor":4.0},{"not_picked":["RobotSpaceExplorer:Ammunition","RobotSpaceExplorer:SwiftStep","RobotSpaceExplorer:FrostMissile"],"picked":"RobotSpaceExplorer:Wormhole","floor":5.0},{"not_picked":["RobotSpaceExplorer:ShockKick","RobotSpaceExplorer:SurgingStrike","RobotSpaceExplorer:Electroshield","RobotSpaceExplorer:MetalStrike"],"picked":"SKIP","floor":6.0},{"not_picked":["RobotSpaceExplorer:GearShield","RobotSpaceExplorer:Pulsar","RobotSpaceExplorer:BlastShield"],"picked":"RobotSpaceExplorer:StarDust","floor":12.0},{"not_picked":["RobotSpaceExplorer:ShockKick","RobotSpaceExplorer:MetalStrike","RobotSpaceExplorer:SelfCleaning"],"picked":"RobotSpaceExplorer:IronShell","floor":14.0},{"not_picked":["RobotSpaceExplorer:Scanner","RobotSpaceExplorer:BlastShield","RobotSpaceExplorer:Arsenal"],"picked":"RobotSpaceExplorer:TrailblazerForm","floor":16.0},{"not_picked":["RobotSpaceExplorer:Probe","RobotSpaceExplorer:ShovelStrike","RobotSpaceExplorer:SlimeMissile","RobotSpaceExplorer:PowerCollector"],"picked":"SKIP","floor":18.0},{"not_picked":["RobotSpaceExplorer:MetalStrike+1","RobotSpaceExplorer:LuckyStrike","RobotSpaceExplorer:ToxicBomb"],"picked":"RobotSpaceExplorer:FrostMissile","floor":21.0},{"not_picked":["RobotSpaceExplorer:SurgingShield","RobotSpaceExplorer:Probe+1","RobotSpaceExplorer:Asteroid"],"picked":"RobotSpaceExplorer:ScrapToss+1","floor":22.0},{"not_picked":["RobotSpaceExplorer:DoubleFind","RobotSpaceExplorer:RigExplosive","RobotSpaceExplorer:SlimeMissile","RobotSpaceExplorer:Probe+1"],"picked":"SKIP","floor":23.0},{"not_picked":["RobotSpaceExplorer:Probe","RobotSpaceExplorer:ScrapMissile","RobotSpaceExplorer:Asteroid"],"picked":"RobotSpaceExplorer:SurgingShield+1","floor":29.0},{"not_picked":["RobotSpaceExplorer:ScrapMissile+1","RobotSpaceExplorer:SurgingShield","RobotSpaceExplorer:SwiftStep"],"picked":"RobotSpaceExplorer:StunGrenade","floor":30.0},{"not_picked":["RobotSpaceExplorer:ScrapMissile","RobotSpaceExplorer:LuckyStrike","RobotSpaceExplorer:SelfCleaning"],"picked":"RobotSpaceExplorer:Exploration","floor":31.0},{"not_picked":["RobotSpaceExplorer:Asteroid","RobotSpaceExplorer:Scanner","RobotSpaceExplorer:Arsenal"],"picked":"RobotSpaceExplorer:ShockMissile","floor":33.0},{"not_picked":["RobotSpaceExplorer:StunGrenade","RobotSpaceExplorer:MiniDrones+1","RobotSpaceExplorer:ImprovisedAttack+1"],"picked":"RobotSpaceExplorer:Pulsar+1","floor":35.0},{"not_picked":["RobotSpaceExplorer:ImprovisedAttack+1","RobotSpaceExplorer:Ammunition","RobotSpaceExplorer:Counterblock+1"],"picked":"RobotSpaceExplorer:FrostMissile+1","floor":36.0},{"not_picked":["RobotSpaceExplorer:MiniDrones","RobotSpaceExplorer:GlueShot","RobotSpaceExplorer:Probe+1","RobotSpaceExplorer:Multitool"],"picked":"SKIP","floor":37.0},{"not_picked":["RobotSpaceExplorer:MiniDrones","RobotSpaceExplorer:GlueShot","RobotSpaceExplorer:Probe+1"],"picked":"RobotSpaceExplorer:Multitool","floor":37.0},{"not_picked":["MostiFishMod:NightSea","MostiFishMod:MusicBox","Metamorphosis"],"picked":"Enlightenment","floor":39.0},{"not_picked":["RobotSpaceExplorer:SlimeMissile","RobotSpaceExplorer:SelfCleaning+1","RobotSpaceExplorer:PowerCollector+1"],"picked":"RobotSpaceExplorer:Exploration","floor":40.0},{"not_picked":["RobotSpaceExplorer:Counterblock","RobotSpaceExplorer:SurgingStrike+1","RobotSpaceExplorer:ScrapMissile"],"picked":"RobotSpaceExplorer:PlasmaMissile","floor":42.0},{"not_picked":["RobotSpaceExplorer:ToxicBomb","RobotSpaceExplorer:PowerGlove+1","RobotSpaceExplorer:ScrapMissile+1","RobotSpaceExplorer:SurgingShield"],"picked":"SKIP","floor":48.0},{"not_picked":["RobotSpaceExplorer:ImprovisedAttack+1","RobotSpaceExplorer:IronShell","RobotSpaceExplorer:ToxicBomb+1"],"picked":"RobotSpaceExplorer:Blitz+1","floor":54}],"player_experience":233474,"relics_obtained":[{"floor":1.0,"key":"Question Card"},{"floor":6.0,"key":"Dota2Spire:OrchidMalevolence"},{"floor":9.0,"key":"RobotSpaceExplorer:BottledGravity"},{"floor":12.0,"key":"Tiny Chest"},{"floor":14.0,"key":"Odd Mushroom"},{"floor":16.0,"key":"ImportantClient"},{"floor":23.0,"key":"Turnip"},{"floor":26.0,"key":"Mummified Hand"},{"floor":28.0,"key":"Strawberry"},{"floor":31.0,"key":"SynthV:C4"},{"floor":37.0,"key":"HornCleat"},{"floor":40.0,"key":"Mercury Hourglass"},{"floor":42.0,"key":"Juzu Bracelet"},{"floor":42.0,"key":"Dota2Spire:ShivaGuard"},{"floor":44.0,"key":"Prayer Wheel"},{"floor":45.0,"key":"MealTicket"},{"floor":48.0,"key":"Dota2Spire:MagicBottle"},{"floor":54,"key":"Dota2Spire:UrnOfShadows"}],"event_choices":[{"damage_healed":0.0,"max_hp_gain":0.0,"max_hp_loss":0.0,"gold_gain":0.0,"cards_transformed":["RobotSpaceExplorer:Strike"],"event_name":"Living Wall","player_choice":"Change","floor":3.0,"gold_loss":0.0,"damage_taken":0.0,"cards_obtained":["RobotSpaceExplorer:HighVoltage"]},{"damage_healed":0.0,"max_hp_gain":0.0,"max_hp_loss":0.0,"gold_gain":0.0,"event_name":"Golden Idol","player_choice":"Take Damage","floor":8.0,"gold_loss":0.0,"damage_taken":20.0,"relics_obtained":["Golden Idol"]},{"damage_healed":0.0,"max_hp_gain":0.0,"max_hp_loss":0.0,"gold_gain":0.0,"event_name":"Scrap Ooze","player_choice":"Success","floor":11.0,"gold_loss":0.0,"damage_taken":7.0,"relics_obtained":["StrikeDummy"]},{"damage_healed":0.0,"max_hp_gain":0.0,"max_hp_loss":0.0,"gold_gain":0.0,"event_name":"Mushrooms","player_choice":"Fought Mushrooms","floor":14.0,"gold_loss":0.0,"damage_taken":0.0},{"damage_healed":0.0,"max_hp_gain":0.0,"max_hp_loss":0.0,"gold_gain":0.0,"event_name":"Drug Dealer","player_choice":"Inject Mutagens","floor":19.0,"gold_loss":0.0,"damage_taken":0.0,"relics_obtained":["MutagenicStrength"]},{"damage_healed":0.0,"max_hp_gain":0.0,"max_hp_loss":0.0,"gold_gain":0.0,"event_name":"Vampires","player_choice":"Ignored","floor":20.0,"gold_loss":0.0,"damage_taken":0.0},{"damage_healed":0.0,"max_hp_gain":0.0,"max_hp_loss":0.0,"gold_gain":0.0,"event_name":"Winding Halls","player_choice":"Embrace Madness","floor":38.0,"gold_loss":0.0,"damage_taken":11.0,"cards_obtained":["Madness","Madness"]},{"damage_healed":0.0,"max_hp_gain":0.0,"max_hp_loss":0.0,"gold_gain":0.0,"event_name":"SensoryStone","player_choice":"Memory 1","floor":39.0,"gold_loss":0.0,"damage_taken":0.0},{"damage_healed":0.0,"max_hp_gain":0.0,"max_hp_loss":0.0,"gold_gain":0.0,"event_name":"Mysterious Sphere","player_choice":"Fight","floor":44.0,"gold_loss":0.0,"damage_taken":0.0}],"is_beta":false,"boss_relics":[{"not_picked":["Velvet Choker","BloodWine"],"picked":"BirthdayGift-Tetrahedron"},{"not_picked":["RobotSpaceExplorer:SearchSpecs","MostiFishMod:Hod"],"picked":"MetatronsCube"}],"items_purged_floors":[25,47],"is_endless":false,"potions_floor_spawned":[2,5,6,21,22,29,31,33,36,37,40,44,48],"ascension_level":0}}