{"host":"hu28r05xoq06ggve","time":1607777574,"event":{"mods":["BaseMod","Hubris","Infinite Spire","Minty Spire (QoL Compilation)","Replay The Spire","StSLib"],"gold_per_floor":[110,110,124,142,152,101,135,150,150,150,150,180,180,196,196,293,293,303,303,316,316,327,327,337,337,337,196,206,219,219,129,129,129,129],"floor_reached":33,"playtime":1966,"items_purged":[],"score":259,"play_id":"e717d65c-98a4-4c66-8f17-69192d4b3a0c","local_time":"20201212045254","is_ascension_mode":false,"campfire_choices":[{"data":"Fusion","floor":10,"key":"SMITH"},{"data":"Redo","floor":13,"key":"SMITH"},{"floor":15,"key":"DIG"},{"data":"Dualcast","floor":23,"key":"SMITH"},{"data":"infinitespire:NeuralNetwork","floor":25,"key":"SMITH"},{"data":"Stack","floor":30,"key":"SMITH"},{"data":"Capacitor","floor":32,"key":"SMITH"}],"circlet_count":0,"master_deck":["Strike_B+1","Strike_B","Strike_B","Defend_B","Defend_B","Defend_B","Defend_B","Zap+1","Dualcast+1","Compile Driver","Ball Lightning","Fusion+1","Stack+1","Cold Snap","Compile Driver","Redo+1","Electrodynamics","Cold Snap+1","FIFO Queue","Panic Button","Zap+1","infinitespire:NeuralNetwork+1","Capacitor+1","Doom and Gloom","Thunder Strike"],"relics":["Cracked Core","CaptainsWheel","hubris:DeckOfHolding","Peace Pipe","infinitespire:Lucky Rock","Coffee Dripper","DollysMirror","ReplayFunnel","Replay:Wax Seal"],"acts_visited":["Exordium","TheCity"],"potions_floor_usage":[12,16,16,28,33,33,33],"damage_taken":[{"damage":0,"enemies":"Cultist","floor":1,"turns":3},{"damage":5,"enemies":"2 Louse","floor":3,"turns":2},{"damage":0,"enemies":"Small Slimes","floor":4,"turns":2},{"damage":1,"enemies":"2 Fungi Beasts","floor":5,"turns":3},{"damage":15,"enemies":"Gremlin Nob","floor":7,"turns":4},{"damage":13,"enemies":"3 Louse","floor":8,"turns":3},{"damage":7,"enemies":"Replay:BlueRogue","floor":12,"turns":3},{"damage":21,"enemies":"Gremlin Gang","floor":14,"turns":3},{"damage":20,"enemies":"Fading Forest","floor":16,"turns":11},{"damage":6,"enemies":"3 Byrds","floor":18,"turns":3},{"damage":1,"enemies":"Spheric Guardian","floor":20,"turns":4},{"damage":12,"enemies":"Shelled Parasite and Fungi","floor":22,"turns":5},{"damage":11,"enemies":"Snake Plant","floor":24,"turns":4},{"damage":12,"enemies":"Centurion and Healer","floor":28,"turns":3},{"damage":0,"enemies":"Sentry and Sphere","floor":29,"turns":4},{"damage":33,"enemies":"Pondfish","floor":33,"turns":7}],"seed_played":"2589439097586208922","potions_obtained":[{"floor":4,"key":"Regen Potion"},{"floor":5,"key":"infinitespire:BlackPotion"},{"floor":7,"key":"EssenceOfSteel"},{"floor":8,"key":"Energy Potion"},{"floor":14,"key":"Weak Potion"},{"floor":22,"key":"DistilledChaos"},{"floor":24,"key":"PowerPotion"},{"floor":28,"key":"Adrenaline Potion"},{"floor":29,"key":"ColorlessPotion"}],"is_trial":false,"path_per_floor":["M","?","M","M","M","$","E","M","T","R","?","E","R","M","R","B",null,"M","?","M","AVR","M","R","M","R","T","?","M","M","R","?","R","B"],"character_chosen":"DEFECT","items_purchased":["Cold Snap"],"campfire_rested":0,"item_purchase_floors":[6],"current_hp_per_floor":[75,75,70,70,69,69,54,41,41,41,41,43,43,22,22,12,75,69,69,68,68,56,56,45,45,45,45,33,33,33,33,33,0,0],"gold":129,"neow_bonus":"RANDOM_EVENT","is_daily":false,"chose_seed":false,"campfire_upgraded":6,"win_rate":0.0,"timestamp":1607777574,"path_taken":["M","?","M","M","M","$","E","M","T","R","?","E","R","?","R","BOSS","M","?","M","AVR","M","R","M","R","T","?","?","M","R","?","R","BOSS"],"items_purchased_type":["Card"],"build_version":"2020-11-30","purchased_purges":0,"victory":false,"max_hp_per_floor":[75,75,75,75,75,75,75,75,75,75,75,75,75,75,75,75,75,75,75,75,75,75,75,75,75,75,75,75,75,75,75,75,75,75],"card_choices":[{"not_picked":["Reinforced Body","Gash"],"picked":"Compile Driver","floor":1},{"not_picked":["Steam","Self Repair"],"picked":"Ball Lightning","floor":3},{"not_picked":["Ball Lightning","Scrape"],"picked":"Fusion","floor":4},{"not_picked":["Beam Cell","Gash"],"picked":"Stack","floor":5},{"not_picked":["Hello World","Go for the Eyes"],"picked":"Compile Driver","floor":7},{"not_picked":["Electrodynamics","Barrage"],"picked":"Redo","floor":8},{"not_picked":["ReplaySort","Force Field","Hologram"],"picked":"SKIP","floor":12},{"not_picked":["Barrage","Compile Driver","Beam Cell"],"picked":"SKIP","floor":14},{"not_picked":["Seek","ReplayTheSpireMod:Omega Cannon"],"picked":"Electrodynamics","floor":16},{"not_picked":["Turbo","Steam"],"picked":"Cold Snap+1","floor":18},{"not_picked":["Static Discharge","Beam Cell"],"picked":"Panic Button","floor":20},{"not_picked":["Reprogram","Turbo"],"picked":"Capacitor","floor":22},{"not_picked":["Rebound","Scrape"],"picked":"Doom and Gloom","floor":24},{"not_picked":["Fusion","Skim"],"picked":"Thunder Strike","floor":28},{"not_picked":["Melter","Auto Shields","Compile Driver"],"picked":"SKIP","floor":29}],"player_experience":90888,"relics_obtained":[{"floor":7,"key":"CaptainsWheel"},{"floor":9,"key":"hubris:DeckOfHolding"},{"floor":12,"key":"Peace Pipe"},{"floor":15,"key":"infinitespire:Lucky Rock"},{"floor":26,"key":"ReplayFunnel"}],"event_choices":[{"damage_healed":0,"gold_gain":0,"player_choice":"Grow","damage_taken":0,"max_hp_gain":0,"max_hp_loss":0,"event_name":"Living Wall","floor":0,"gold_loss":0,"cards_upgraded":["Zap"]},{"damage_healed":0,"gold_gain":0,"player_choice":"Leave","damage_taken":0,"max_hp_gain":0,"max_hp_loss":0,"event_name":"The Cleric","floor":2,"gold_loss":0},{"damage_healed":0,"gold_gain":0,"player_choice":"Bought 0 Potions","damage_taken":0,"max_hp_gain":0,"max_hp_loss":0,"event_name":"The Woman in Blue","floor":11,"gold_loss":0},{"damage_healed":0,"gold_gain":0,"player_choice":"Read","damage_taken":0,"max_hp_gain":0,"max_hp_loss":0,"event_name":"The Library","floor":19,"gold_loss":0,"cards_obtained":["FIFO Queue"]},{"damage_healed":0,"gold_gain":0,"player_choice":"Paid Gold","damage_taken":0,"relics_obtained":["Replay:Wax Seal"],"max_hp_gain":0,"max_hp_loss":0,"event_name":"WeMeetAgain","floor":27,"gold_loss":141},{"cards_removed":["Strike_B"],"damage_healed":0,"gold_gain":0,"player_choice":"Upgrade and Remove","damage_taken":0,"max_hp_gain":0,"max_hp_loss":0,"event_name":"Designer","floor":31,"gold_loss":90,"cards_upgraded":["Strike_B"]}],"is_beta":false,"boss_relics":[{"not_picked":["Replay:Bronze Core","Replay:Grab Bag"],"picked":"Coffee Dripper"}],"items_purged_floors":[],"is_endless":false,"potions_floor_spawned":[4,5,7,8,14,22,24,28,29],"killed_by":"Pondfish","ascension_level":0}}