{"host":"p7j7o00jacnw7qzt","time":1607734607,"event":{"mods":["BaseMod","Colored Map","Colored Powertips","DeckTracker","Highlight Path","Minty Spire (QoL Compilation)","Relic Stats"],"gold_per_floor":[367,380,268,169,185,514,514,530,530,530,547,90,118,137,137,209,209,209,209],"floor_reached":18,"playtime":2339,"items_purged":["Strike_R"],"score":344,"play_id":"a340e9c2-31c1-4060-9ade-9c9a2c3387e7","local_time":"20201211195647","is_ascension_mode":true,"campfire_choices":[{"data":"Armaments","floor":7.0,"key":"SMITH"},{"data":"Body Slam","floor":10.0,"key":"SMITH"},{"data":"Sword Boomerang","floor":15.0,"key":"SMITH"}],"circlet_count":0,"master_deck":["AscendersBane","Strike_R","Strike_R","Strike_R","Strike_R","Defend_R","Defend_R","Defend_R","Defend_R","Bash","Sword Boomerang+1","Rupture","Armaments+1","Body Slam+1","Evolve","Pommel Strike","Feed"],"relics":["Burning Blood","Orichalcum","Old Coin","Eternal Feather","Question Card","Akabeko","Unceasing Top","Coffee Dripper"],"acts_visited":["Exordium","TheCity"],"potions_floor_usage":[],"damage_taken":[{"damage":7.0,"enemies":"Cultist","floor":1.0,"turns":4.0},{"damage":2.0,"enemies":"2 Louse","floor":2.0,"turns":3.0},{"damage":6.0,"enemies":"Small Slimes","floor":5.0,"turns":4.0},{"damage":42.0,"enemies":"Lagavulin","floor":6.0,"turns":8.0},{"damage":14.0,"enemies":"3 Louse","floor":8.0,"turns":5.0},{"damage":6.0,"enemies":"Looter","floor":11.0,"turns":3.0},{"damage":20.0,"enemies":"Gremlin Nob","floor":13.0,"turns":4.0},{"damage":1.0,"enemies":"Exordium Wildlife","floor":14.0,"turns":5.0},{"damage":25.0,"enemies":"Slime Boss","floor":16.0,"turns":7.0},{"damage":26,"enemies":"3 Byrds","floor":18,"turns":3}],"seed_played":"-4916278797380070852","potions_obtained":[{"floor":5.0,"key":"FearPotion"},{"floor":8.0,"key":"ElixirPotion"},{"floor":11.0,"key":"Fire Potion"},{"floor":13.0,"key":"LiquidMemories"}],"is_trial":false,"path_per_floor":["M","M","?","$","M","E","R","M","T","R","M","$","E","M","R","B",null,"M"],"character_chosen":"IRONCLAD","items_purchased":["Sword Boomerang","Question Card","Akabeko"],"campfire_rested":0,"item_purchase_floors":[4,12,12],"current_hp_per_floor":[67,68,68,68,68,32,32,24,24,30,30,30,16,21,30,11,54,28,28],"gold":209,"neow_bonus":"TWO_FIFTY_GOLD","is_daily":false,"chose_seed":false,"campfire_upgraded":3,"win_rate":0.0,"timestamp":1607734607,"path_taken":["M","?","?","$","M","E","R","M","T","R","M","$","E","?","R","BOSS","M"],"items_purchased_type":["Card","Relic","Relic"],"build_version":"2020-11-30","purchased_purges":1,"victory":false,"max_hp_per_floor":[68,68,68,68,68,68,68,68,68,68,68,68,68,68,68,68,68,68,68],"relic_stats":{"counters":[10,46],"Eternal Feather":15,"Orichalcum":[114],"Question Card":3,"obtain_stats":[{"Eternal Feather":9,"Coffee Dripper":17,"Orichalcum":3,"Question Card":12,"Burning Blood":0,"Akabeko":12,"Unceasing Top":13,"Old Coin":6},{"Eternal Feather":5,"Coffee Dripper":9,"Orichalcum":2,"Question Card":6,"Burning Blood":0,"Akabeko":6,"Unceasing Top":7,"Old Coin":4},{"Eternal Feather":24,"Coffee Dripper":43,"Orichalcum":7,"Question Card":27,"Burning Blood":0,"Akabeko":27,"Unceasing Top":31,"Old Coin":19}],"Burning Blood":51,"Unceasing Top":[0]},"card_choices":[{"not_picked":["Clothesline","True Grit","Dropkick"],"picked":"SKIP","floor":1.0},{"not_picked":["Headbutt","Perfected Strike","Feel No Pain"],"picked":"SKIP","floor":2.0},{"not_picked":["Armaments","Twin Strike"],"picked":"Rupture","floor":5.0},{"not_picked":["Warcry","Flex"],"picked":"Armaments","floor":6.0},{"not_picked":["Anger","Rupture"],"picked":"Body Slam","floor":8.0},{"not_picked":["Clash","Entrench","Heavy Blade"],"picked":"SKIP","floor":11.0},{"not_picked":["Warcry","Clash","Infernal Blade"],"picked":"Evolve","floor":13.0},{"not_picked":["Perfected Strike","Intimidate","Cleave"],"picked":"Pommel Strike","floor":14.0},{"not_picked":["Bludgeon","Double Tap","Brutality"],"picked":"Feed","floor":16.0}],"player_experience":784475,"relics_obtained":[{"floor":6.0,"key":"Old Coin"},{"floor":9.0,"key":"Eternal Feather"},{"floor":13.0,"key":"Unceasing Top"}],"event_choices":[{"damage_healed":0.0,"max_hp_gain":0.0,"max_hp_loss":0.0,"gold_gain":0.0,"event_name":"WeMeetAgain","player_choice":"Paid Gold","floor":3.0,"gold_loss":112.0,"damage_taken":0.0,"relics_obtained":["Orichalcum"]}],"is_beta":false,"boss_relics":[{"not_picked":["Pandora\u0027s Box","Velvet Choker"],"picked":"Coffee Dripper"}],"items_purged_floors":[4],"is_endless":false,"potions_floor_spawned":[5,8,11,13],"killed_by":"3 Byrds","ascension_level":20}}