{"host":"kx62hxkutszy5nb0","time":1607788549,"event":{"mods":["2.2 Compatiblity","AchievementEnabler","Aspiration","BaseMod","Better Altar","Better Match","Better Note","Better Sensory Stone","Better Skull","Better Third Choice","Better Vampires","CCEM","Colored Map","Colored Powertips","Conspire","Custom Start","Defuse TimeMaze Blight","Displayed Cursed Tome","Downfall","Hermit","Hubris","Infinite Spire","Jorbs\u0027s Wanderer Trilogy","Koishi","Marked Mod","Minty Spire (QoL Compilation)","Prisma Mod","Relic Sorter","Relic Stats","Replay The Spire","Shade Mod","Shop Mod","Spikes Relics","StSLib","Td1madao Mod","The Alterego","The Bladedancer","The Construct","The Cursed","The Exalted","The Forsaken","The Hierophant","The Judge","The Jungle","TheSwordswoman","Virulent Crown","everything is the same but u backflip on backflip"],"gold_per_floor":[116,135,61,78,29,29,41,57,57,57,57,69,69,104,104,200,250,261,73,73,83,83,112,112,131,131,131,131,131,145,105,105,224,224,255,255,34,34,48,48,22,22,104,79,79,79,79,79,79,86,86],"floor_reached":50,"playtime":1937,"items_purged":[],"score":504,"play_id":"74878753-1565-4596-8817-a8323e865fe8","local_time":"20201213015549","is_ascension_mode":false,"campfire_choices":[{"data":"alterego_mod:BigMeatyClaws","floor":6.0,"key":"SMITH"},{"floor":11.0,"key":"REST"},{"floor":13.0,"key":"REST"},{"data":"alterego_mod:DiscoLights","floor":15.0,"key":"SMITH"},{"floor":24.0,"key":"REST"},{"floor":29.0,"key":"REST"},{"data":"alterego_mod:TrickOrTreatment","floor":32.0,"key":"SMITH"},{"data":"alterego_mod:GIGAMILK","floor":40,"key":"SMITH"},{"floor":42,"key":"REST"},{"data":"alterego_mod:Smother","floor":45,"key":"SMITH"},{"floor":47,"key":"REST"},{"data":"Mayhem","floor":49,"key":"SMITH"}],"circlet_count":0,"master_deck":["alterego_mod:Strike","alterego_mod:Strike","alterego_mod:Strike","alterego_mod:Strike","alterego_mod:Defend","alterego_mod:Defend","alterego_mod:Defend","alterego_mod:Defend","alterego_mod:Impale","alterego_mod:BigMeatyClaws+1","alterego_mod:BrynhildrsRune","alterego_mod:Clones","alterego_mod:1TonWallop","alterego_mod:SakuraLabyrinth","alterego_mod:DiscoLights+1","alterego_mod:Weigh+1","alterego_mod:Maid","alterego_mod:TrickOrTreatment+1","alterego_mod:Bounce","alterego_mod:SakuraFive+1","Mayhem+1","alterego_mod:TrickOrTreatment+1","alterego_mod:SakuraLabyrinth","alterego_mod:BiFurious","alterego_mod:Belts+1","Hallucinations","alterego_mod:Undulate","alterego_mod:GIGAMILK+1","alterego_mod:Maid","infinitespire:Gouge","alterego_mod:Belts+1","FlurryOfBlows","alterego_mod:Smother+1"],"relics":["alterego_mod:MasochisticConstitution","Bag of Marbles","CCEMRelics:TechnogenicHelmet","SnailShell","Tiny House","alterego_mod:SomeoneToFightFor","MiniBlackHole","infinitespire:EmpoweringShard","ReplayTheSpireMod:Ring of Sloth","Bromod:ArcaneEnergize","Replay:Lucky Slots","infinitespire:EvilPickle","aspiration:WatcherSkillbook","HandDrill","hubris:Towel","infinitespire:CheckeredPen","Replay:Bottled Steam"],"acts_visited":["Exordium","TheCity","TheBeyond"],"potions_floor_usage":[39,44],"damage_taken":[{"damage":12.0,"enemies":"Small Slimes","floor":1.0,"turns":2.0},{"damage":6.0,"enemies":"Cultist","floor":2.0,"turns":5.0},{"damage":11.0,"enemies":"Jaw Worm","floor":4.0,"turns":4.0},{"damage":8.0,"enemies":"Large Slime","floor":7.0,"turns":3.0},{"damage":13.0,"enemies":"2 Fungi Beasts","floor":8.0,"turns":3.0},{"damage":16.0,"enemies":"Exordium Thugs","floor":12.0,"turns":5.0},{"damage":25.0,"enemies":"3 Sentries","floor":14.0,"turns":7.0},{"damage":35.0,"enemies":"Hexaghost","floor":16.0,"turns":11.0},{"damage":11.0,"enemies":"Chosen","floor":18.0,"turns":4.0},{"damage":0.0,"enemies":"Spheric Guardian","floor":21.0,"turns":3.0},{"damage":24.0,"enemies":"Nightmare","floor":23.0,"turns":6.0},{"damage":41.0,"enemies":"Shelled Parasite and Fungi","floor":25.0,"turns":6.0},{"damage":0.0,"enemies":"Snecko","floor":30.0,"turns":4.0},{"damage":49.0,"enemies":"Pondfish","floor":33.0,"turns":7.0},{"damage":23.0,"enemies":"3 Darklings","floor":35.0,"turns":3.0},{"damage":18,"enemies":"3 Shapes","floor":39,"turns":6},{"damage":7,"enemies":"Spire Growth","floor":44,"turns":1},{"damage":95,"enemies":"infinitespire:MassOfShapes","floor":50,"turns":5}],"seed_played":"-6703576965138559284","potions_obtained":[{"floor":4.0,"key":"Dexterity Potion"},{"floor":14.0,"key":"Fire Potion"},{"floor":17.0,"key":"Fruit Juice"},{"floor":18.0,"key":"Fire Potion"},{"floor":21.0,"key":"AttackPotion"},{"floor":35,"key":"PowerPotion"}],"is_trial":false,"path_per_floor":["M","M","?","M","$","R","M","M","T","$","R","M","R","E","R","B",null,"M","$","?","M","?","NM","R","M","T","?","AVR","R","M","?","R","B",null,"M","?","$","?","M","R","$","R","T","M","R","AVR","R","?","R","B"],"character_chosen":"The_Alterego","items_purchased":["Strength Potion","Mayhem","HandDrill","Regen Potion","FlurryOfBlows"],"campfire_rested":6,"item_purchase_floors":[5,19,37,37,41],"current_hp_per_floor":[59,54,54,51,51,51,44,32,32,32,54,39,61,44,44,10,88,78,78,78,78,78,55,82,42,42,42,42,69,69,69,69,21,92,70,47,47,47,51,51,51,79,79,73,73,73,95,95,95,0,0],"gold":86,"neow_bonus":"RANDOM_COMMON_RELIC","is_daily":false,"chose_seed":false,"campfire_upgraded":6,"win_rate":0.0,"timestamp":1607788549,"path_taken":["M","M","?","M","$","R","?","M","T","$","R","?","R","E","R","BOSS","M","$","?","M","?","NM","R","M","T","?","AVR","R","M","?","R","BOSS","M","?","$","?","M","R","?","R","T","?","R","AVR","R","?","R","BOSS"],"items_purchased_type":["Potion","Card","Relic","Potion","Card"],"build_version":"2020-11-30","purchased_purges":0,"victory":false,"max_hp_per_floor":[71,72,72,73,73,73,74,75,75,75,75,76,76,77,77,78,88,89,89,89,89,89,90,90,91,91,91,91,91,91,91,91,92,92,93,93,93,93,94,94,94,94,94,95,95,95,95,95,95,95,95],"relic_stats":{"counters":[18,85],"HandDrill":[2],"obtain_stats":[{"alterego_mod:MasochisticConstitution":0,"SnailShell":14,"Tiny House":17,"ReplayTheSpireMod:Ring of Sloth":27,"CCEMRelics:TechnogenicHelmet":3,"infinitespire:CheckeredPen":43,"alterego_mod:SomeoneToFightFor":22,"hubris:Towel":38,"infinitespire:EvilPickle":33,"MiniBlackHole":23,"Bromod:ArcaneEnergize":28,"aspiration:WatcherSkillbook":34,"Replay:Lucky Slots":28,"Bag of Marbles":0,"infinitespire:EmpoweringShard":26,"HandDrill":37,"Replay:Bottled Steam":46},{"alterego_mod:MasochisticConstitution":0,"SnailShell":7,"Tiny House":8,"ReplayTheSpireMod:Ring of Sloth":12,"CCEMRelics:TechnogenicHelmet":2,"infinitespire:CheckeredPen":16,"alterego_mod:SomeoneToFightFor":10,"hubris:Towel":15,"infinitespire:EvilPickle":14,"MiniBlackHole":11,"Bromod:ArcaneEnergize":12,"aspiration:WatcherSkillbook":14,"Replay:Lucky Slots":12,"Bag of Marbles":0,"infinitespire:EmpoweringShard":12,"HandDrill":15,"Replay:Bottled Steam":17},{"alterego_mod:MasochisticConstitution":0,"SnailShell":29,"Tiny House":40,"ReplayTheSpireMod:Ring of Sloth":59,"CCEMRelics:TechnogenicHelmet":7,"infinitespire:CheckeredPen":79,"alterego_mod:SomeoneToFightFor":47,"hubris:Towel":73,"infinitespire:EvilPickle":70,"MiniBlackHole":53,"Bromod:ArcaneEnergize":59,"aspiration:WatcherSkillbook":70,"Replay:Lucky Slots":59,"Bag of Marbles":0,"infinitespire:EmpoweringShard":59,"HandDrill":73,"Replay:Bottled Steam":80}]},"card_choices":[{"not_picked":["alterego_mod:Pet","alterego_mod:Undulate"],"picked":"alterego_mod:Clones","floor":1.0},{"not_picked":["alterego_mod:Schoolgirl","alterego_mod:Cycle"],"picked":"alterego_mod:1TonWallop","floor":2.0},{"not_picked":["alterego_mod:Swimsuit","alterego_mod:Complex","alterego_mod:Punishment"],"picked":"SKIP","floor":4.0},{"not_picked":["alterego_mod:PresenceConcealment","alterego_mod:Bounce"],"picked":"alterego_mod:SakuraLabyrinth","floor":7.0},{"not_picked":["alterego_mod:Cycle","alterego_mod:Skirt"],"picked":"alterego_mod:DiscoLights","floor":8.0},{"not_picked":["alterego_mod:RocketPunch","alterego_mod:Valentines"],"picked":"alterego_mod:Weigh","floor":12.0},{"not_picked":["alterego_mod:Complex","alterego_mod:Cushion"],"picked":"alterego_mod:Maid","floor":14.0},{"not_picked":["alterego_mod:BrynhildrRomantia","alterego_mod:Weigh"],"picked":"alterego_mod:TrickOrTreatment","floor":16.0},{"not_picked":["alterego_mod:TrashNCrash","alterego_mod:HighServant"],"picked":"alterego_mod:Bounce","floor":17.0},{"not_picked":["alterego_mod:Santa","alterego_mod:Cycle"],"picked":"alterego_mod:SakuraFive+1","floor":18.0},{"not_picked":["alterego_mod:Clap","alterego_mod:Complex"],"picked":"alterego_mod:SakuraLabyrinth","floor":21.0},{"not_picked":["alterego_mod:Rip","alterego_mod:Rake"],"picked":"alterego_mod:BiFurious","floor":23.0},{"not_picked":["alterego_mod:DeftHands+1","alterego_mod:Lingerie+1"],"picked":"alterego_mod:Belts+1","floor":25.0},{"not_picked":["alterego_mod:BusterCard","alterego_mod:Bounce+1"],"picked":"alterego_mod:Undulate","floor":30.0},{"not_picked":["alterego_mod:Alter","alterego_mod:STier"],"picked":"alterego_mod:GIGAMILK","floor":33.0},{"not_picked":["alterego_mod:1TonWallop+1","Replay:AtTheReady+1","ClearTheMind"],"picked":"alterego_mod:Maid","floor":35},{"not_picked":["ReplayTheSpireMod:Book of Names","infinitespire:Starlight"],"picked":"infinitespire:Gouge","floor":36},{"not_picked":["ConjureBlade","alterego_mod:Maid","Protect+1"],"picked":"alterego_mod:Belts+1","floor":39},{"not_picked":["FlurryOfBlows+1","alterego_mod:Cycle","Collect+1"],"picked":"alterego_mod:Smother","floor":44}],"player_experience":742595,"relics_obtained":[{"floor":14.0,"key":"SnailShell"},{"floor":23.0,"key":"MiniBlackHole"},{"floor":26.0,"key":"infinitespire:EmpoweringShard"},{"floor":27.0,"key":"ReplayTheSpireMod:Ring of Sloth"},{"floor":43,"key":"infinitespire:CheckeredPen"}],"event_choices":[{"damage_healed":0.0,"max_hp_gain":0.0,"max_hp_loss":0.0,"gold_gain":0.0,"event_name":"WeMeetAgain","player_choice":"Paid Gold","floor":3.0,"gold_loss":74.0,"damage_taken":0.0,"relics_obtained":["CCEMRelics:TechnogenicHelmet"]},{"cards_removed":["alterego_mod:TrickOrTreatment"],"damage_healed":0.0,"max_hp_gain":0.0,"max_hp_loss":0.0,"gold_gain":0.0,"event_name":"betterNote:BetterNote","player_choice":"Take \u0026 Give","floor":20.0,"gold_loss":0.0,"damage_taken":0.0,"cards_obtained":["alterego_mod:TrickOrTreatment"]},{"damage_healed":0.0,"max_hp_gain":0.0,"max_hp_loss":0.0,"gold_gain":0.0,"event_name":"Secret Garden","player_choice":"Choice 2","floor":22.0,"gold_loss":0.0,"damage_taken":0.0,"relics_obtained":["alterego_mod:SomeoneToFightFor"]},{"damage_healed":0.0,"max_hp_gain":0.0,"max_hp_loss":0.0,"gold_gain":0.0,"event_name":"Designer","player_choice":"Upgrade","floor":31.0,"gold_loss":40.0,"damage_taken":0.0,"cards_upgraded":["alterego_mod:TrickOrTreatment"]}],"is_beta":false,"boss_relics":[{"not_picked":["aspiration:RandomNobGenerator","Runic Pyramid"],"picked":"Tiny House"},{"not_picked":["Cursed Key","Coffee Dripper"],"picked":"aspiration:WatcherSkillbook"}],"items_purged_floors":[],"is_endless":false,"potions_floor_spawned":[4,14,18,21,35],"killed_by":"infinitespire:MassOfShapes","ascension_level":0}}