{"host":"201alm3szw4w07u0","time":1607794175,"event":{"mods":["AchievementEnabler","BaseMod","Colored Map","Colored Powertips","Minty Spire (QoL Compilation)","Quick Restart","StSLib","SuperFastMode"],"gold_per_floor":[12,112,122,137,137,137,154,183,209,209,209,224,70,86,86,186,186,199,210,309,309,325,350,366,366,413,115,115,115,115,115,115,115,115],"floor_reached":33,"playtime":1260,"items_purged":[],"score":290,"play_id":"46c942ef-a8d1-4ee2-9107-d74deadc0559","local_time":"20201213022935","is_ascension_mode":false,"campfire_choices":[{"data":"Bash","floor":6.0,"key":"SMITH"},{"data":"Strike_R","floor":10,"key":"SMITH"},{"data":"Shrug It Off","floor":15,"key":"SMITH"},{"floor":25,"key":"REST"},{"data":"Limit Break","floor":28,"key":"SMITH"},{"data":"Barricade","floor":32,"key":"SMITH"}],"circlet_count":0,"master_deck":["Strike_R+1","Strike_R+1","Strike_R","Strike_R","Strike_R","Defend_R","Defend_R","Defend_R","Defend_R","Bash+1","Sword Boomerang+1","Twin Strike+1","Shrug It Off+1","Barricade+1","CurseOfTheBell","Cleave+1","Perfected Strike+1","Body Slam+1","Limit Break+1"],"relics":["Burning Blood","Art of War","Red Skull","Sling","Calling Bell","Akabeko","Eternal Feather","Incense Burner","PreservedInsect","Blood Vial","Torii"],"acts_visited":["Exordium","TheCity"],"potions_floor_usage":[7,8,16,23,33,33],"damage_taken":[{"damage":6.0,"enemies":"Small Slimes","floor":1.0,"turns":3.0},{"damage":10.0,"enemies":"Cultist","floor":3.0,"turns":4.0},{"damage":2.0,"enemies":"2 Louse","floor":4.0,"turns":2.0},{"damage":8,"enemies":"Lots of Slimes","floor":7,"turns":3},{"damage":14,"enemies":"Gremlin Nob","floor":8,"turns":3},{"damage":10,"enemies":"2 Fungi Beasts","floor":12,"turns":3},{"damage":13,"enemies":"Exordium Wildlife","floor":14,"turns":4},{"damage":20,"enemies":"Slime Boss","floor":16,"turns":10},{"damage":0,"enemies":"Chosen","floor":18,"turns":4},{"damage":19,"enemies":"Shell Parasite","floor":19,"turns":5},{"damage":21,"enemies":"Centurion and Healer","floor":22,"turns":4},{"damage":45,"enemies":"Gremlin Leader","floor":23,"turns":7},{"damage":4,"enemies":"Chosen and Byrds","floor":24,"turns":5},{"damage":92,"enemies":"Automaton","floor":33,"turns":8}],"seed_played":"5873204806584627078","potions_obtained":[{"floor":1.0,"key":"SteroidPotion"},{"floor":4.0,"key":"SteroidPotion"},{"floor":8,"key":"Block Potion"},{"floor":12,"key":"BloodPotion"},{"floor":19,"key":"SpeedPotion"},{"floor":24,"key":"AttackPotion"}],"is_trial":false,"path_per_floor":["M","?","M","M","?","R","M","E","T","R","?","M","$","M","R","B",null,"M","M","?","?","M","E","M","R","T","$","R","?","?","$","R","B"],"character_chosen":"IRONCLAD","items_purchased":["Sling","Torii"],"campfire_rested":1,"item_purchase_floors":[13,27],"current_hp_per_floor":[96,96,92,96,77,77,75,67,67,67,67,63,63,56,56,42,96,96,83,83,64,49,30,32,71,71,71,80,80,80,80,89,0,0],"gold":115,"neow_bonus":"TWENTY_PERCENT_HP_BONUS","is_daily":false,"chose_seed":false,"campfire_upgraded":5,"win_rate":0.0,"timestamp":1607794175,"path_taken":["M","?","M","?","?","R","M","E","T","R","?","?","$","M","R","BOSS","M","M","?","?","M","E","M","R","T","$","R","?","?","?","R","BOSS"],"items_purchased_type":["Relic","Relic"],"build_version":"2020-11-30","purchased_purges":0,"victory":false,"max_hp_per_floor":[96,96,96,96,96,96,96,96,96,96,96,96,96,96,96,96,96,96,96,96,101,101,101,101,101,101,101,101,101,101,101,101,101,101],"card_choices":[{"not_picked":["Ghostly Armor","Burning Pact","Searing Blow"],"picked":"SKIP","floor":1.0},{"not_picked":["Metallicize","Sever Soul"],"picked":"Sword Boomerang","floor":3.0},{"not_picked":["Rampage","Body Slam"],"picked":"Twin Strike","floor":4.0},{"not_picked":["Sword Boomerang","Thunderclap","Warcry"],"picked":"SKIP","floor":7},{"not_picked":["Dual Wield","Flex","Seeing Red"],"picked":"SKIP","floor":8},{"not_picked":["Disarm","Headbutt"],"picked":"Shrug It Off","floor":12},{"not_picked":["Pommel Strike","Dual Wield","Searing Blow"],"picked":"SKIP","floor":14},{"not_picked":["Impervious","Juggernaut"],"picked":"Barricade","floor":16},{"not_picked":["Metallicize","Twin Strike"],"picked":"Cleave+1","floor":18},{"not_picked":["Wild Strike","Warcry"],"picked":"Perfected Strike+1","floor":19},{"not_picked":["Ghostly Armor","Clash+1"],"picked":"Body Slam+1","floor":22},{"not_picked":["Perfected Strike","Headbutt"],"picked":"Limit Break","floor":23},{"not_picked":["Whirlwind","Pommel Strike","Havoc"],"picked":"SKIP","floor":24}],"player_experience":481940,"relics_obtained":[{"floor":8,"key":"Art of War"},{"floor":9,"key":"Red Skull"},{"floor":17,"key":"Akabeko"},{"floor":17,"key":"Eternal Feather"},{"floor":17,"key":"Incense Burner"},{"floor":23,"key":"PreservedInsect"},{"floor":26,"key":"Blood Vial"}],"event_choices":[{"damage_healed":0.0,"max_hp_gain":0.0,"max_hp_loss":0.0,"gold_gain":100.0,"event_name":"Golden Shrine","player_choice":"Pray","floor":2.0,"gold_loss":0.0,"damage_taken":0.0},{"damage_healed":0.0,"max_hp_gain":0.0,"max_hp_loss":0.0,"gold_gain":0.0,"event_name":"Shining Light","player_choice":"Entered Light","floor":5.0,"gold_loss":0.0,"damage_taken":19.0,"cards_upgraded":["Twin Strike","Sword Boomerang"]},{"damage_healed":0,"gold_gain":0,"player_choice":"Forge","damage_taken":0,"max_hp_gain":0,"max_hp_loss":0,"event_name":"Accursed Blacksmith","floor":11,"gold_loss":0,"cards_upgraded":["Strike_R"]},{"damage_healed":0,"gold_gain":99,"player_choice":"Stole From Cult","damage_taken":0,"max_hp_gain":0,"max_hp_loss":0,"event_name":"Nest","floor":20,"gold_loss":0},{"damage_healed":0,"gold_gain":0,"player_choice":"Shed Blood","damage_taken":24,"max_hp_gain":5,"max_hp_loss":0,"event_name":"Forgotten Altar","floor":21,"gold_loss":0},{"damage_healed":0,"gold_gain":0,"player_choice":"Ignored","damage_taken":0,"max_hp_gain":0,"max_hp_loss":0,"event_name":"Ghosts","floor":29,"gold_loss":0},{"damage_healed":0,"gold_gain":0,"player_choice":"Ignored","damage_taken":0,"max_hp_gain":0,"max_hp_loss":0,"event_name":"Vampires","floor":30,"gold_loss":0}],"is_beta":false,"boss_relics":[{"not_picked":["Coffee Dripper","Runic Pyramid"],"picked":"Calling Bell"}],"items_purged_floors":[],"is_endless":false,"potions_floor_spawned":[1,4,8,12,19,24],"killed_by":"Automaton","ascension_level":0}}