{"host":"rjmu5g8hpiele53d","time":1607805797,"event":{"mods":["2.2 Compatiblity","BaseMod","Downfall","GifTheSpireLib","Minty Spire (QoL Compilation)","StSLib"],"gold_per_floor":[99,127,127,127,141,157,205,222,238,238,238],"floor_reached":10,"playtime":694,"items_purged":[],"score":68,"play_id":"59123a7d-383d-4bbf-b5b2-2efa3a515c9e","local_time":"20201212204317","is_ascension_mode":false,"campfire_choices":[{"data":"hexamod:WildfireWeapon","floor":1,"key":"SMITH"},{"floor":3,"key":"REST"}],"circlet_count":0,"master_deck":["hexamod:Strike","hexamod:Strike","hexamod:Strike","hexamod:Strike","hexamod:Defend","hexamod:Defend","hexamod:Defend","hexamod:Defend","hexamod:Sear","hexamod:Float","hexamod:WildfireWeapon+1","hexamod:WildfireWeapon","hexamod:PhantomFireball","hexamod:GhostflameBarrier","hexamod:FirstSeal"],"relics":["hexamod:SpiritBrand","Kunai","Blood Vial"],"acts_visited":["Exordium"],"potions_floor_usage":[8,10],"damage_taken":[{"damage":36,"enemies":"3 Sentries","floor":2,"turns":11},{"damage":6,"enemies":"2 Louse","floor":5,"turns":3},{"damage":0,"enemies":"Cultist","floor":6,"turns":4},{"damage":1,"enemies":"Small Slimes","floor":8,"turns":4},{"damage":35,"enemies":"Gremlin Gang","floor":9,"turns":6},{"damage":24,"enemies":"Gremlin Nob","floor":10,"turns":4}],"seed_played":"-65308887567783673","potions_obtained":[{"floor":2,"key":"Energy Potion"},{"floor":6,"key":"BlessingOfTheForge"},{"floor":9,"key":"hexamod:EctoCoolerPotion"}],"is_trial":false,"path_per_floor":["R","E","R","?","M","M","T","M","M","E"],"character_chosen":"THE_SPIRIT","items_purchased":[],"campfire_rested":1,"item_purchase_floors":[],"current_hp_per_floor":[70,34,55,55,49,49,49,50,17,0,0],"gold":238,"neow_bonus":"ONE_RANDOM_RARE_CARD","is_daily":false,"chose_seed":false,"campfire_upgraded":1,"win_rate":0.0,"timestamp":1607805797,"path_taken":["R","E","R","?","M","M","T","?","M","E"],"items_purchased_type":[],"build_version":"2020-11-30","purchased_purges":0,"victory":false,"max_hp_per_floor":[70,70,70,70,70,70,70,70,70,70,70],"card_choices":[{"not_picked":["hexamod:GhostflameBarrier","hexamod:NightmareStrike"],"picked":"hexamod:WildfireWeapon","floor":2},{"not_picked":["hexamod:GhostLash","hexamod:SwordOfDarkness"],"picked":"hexamod:PhantomFireball","floor":5},{"not_picked":["hexamod:FastForward","hexamod:RainOfEmbers","hexamod:GhostLash"],"picked":"SKIP","floor":6},{"not_picked":["hexamod:AdvancingGuard","hexamod:ShieldOfDarkness"],"picked":"hexamod:GhostflameBarrier","floor":8},{"not_picked":["hexamod:PhantomFireball","hexamod:ChargedBarrage"],"picked":"hexamod:FirstSeal","floor":9}],"player_experience":1520454,"relics_obtained":[{"floor":2,"key":"Kunai"},{"floor":7,"key":"Blood Vial"}],"event_choices":[{"damage_healed":0,"gold_gain":0,"player_choice":"Ignored","damage_taken":0,"max_hp_gain":0,"max_hp_loss":0,"event_name":"NoteForYourself","floor":4,"gold_loss":0}],"is_beta":false,"boss_relics":[],"items_purged_floors":[],"is_endless":false,"potions_floor_spawned":[2,6,9],"killed_by":"Gremlin Nob","ascension_level":0}}