{"host":"c6uvvgqwlxq4k23y","time":1607788437,"event":{"mods":["BaseMod","CapriCore","DeckTracker","Hermit","Minty Spire (QoL Compilation)","StSLib","SuperFastMode"],"gold_per_floor":[119,139,158,171,121,151,151,76,76,102,112,127,77,77,77,181,181,181,181],"floor_reached":18,"playtime":582,"items_purged":["hermit:Strike_Hermit","hermit:Defend_Hermit"],"score":172,"play_id":"267525a8-08f6-4a2d-8dcf-4221f1d0ec7b","local_time":"20201213005357","is_ascension_mode":false,"campfire_choices":[{"data":"hermit:GhostlyPresence","floor":7.0,"key":"SMITH"},{"floor":15,"key":"REST"}],"circlet_count":0,"master_deck":["hermit:Strike_Hermit","hermit:Strike_Hermit","hermit:Defend_Hermit","hermit:Defend_Hermit","hermit:Defend_Hermit","hermit:Snapshot+1","hermit:Covet","hermit:GhostlyPresence+1","hermit:Dive","hermit:Dive","Decay"],"relics":["hermit:Momento","Oddly Smooth Stone","Smiling Mask","Ornamental Fan"],"acts_visited":["Exordium","TheCity"],"potions_floor_usage":[16],"damage_taken":[{"damage":0.0,"enemies":"Cultist","floor":1.0,"turns":3.0},{"damage":3.0,"enemies":"Jaw Worm","floor":2.0,"turns":3.0},{"damage":0.0,"enemies":"Small Slimes","floor":3.0,"turns":3.0},{"damage":7.0,"enemies":"Blue Slaver","floor":4.0,"turns":5.0},{"damage":17.0,"enemies":"3 Sentries","floor":6.0,"turns":11.0},{"damage":40.0,"enemies":"Gremlin Nob","floor":10.0,"turns":6.0},{"damage":0.0,"enemies":"Large Slime","floor":11.0,"turns":9.0},{"damage":3.0,"enemies":"Exordium Wildlife","floor":12.0,"turns":5.0},{"damage":5,"enemies":"The Guardian","floor":16,"turns":19},{"damage":37,"enemies":"Chosen","floor":18,"turns":9}],"seed_played":"7342958872110686536","potions_obtained":[{"floor":2.0,"key":"Fruit Juice"},{"floor":4.0,"key":"Dexterity Potion"},{"floor":11.0,"key":"Dexterity Potion"},{"floor":12.0,"key":"SpeedPotion"},{"floor":16,"key":"LiquidBronze"}],"is_trial":false,"path_per_floor":["M","M","M","M","?","E","R","$","T","E","M","M","$","?","R","B",null,"M"],"character_chosen":"HERMIT","items_purchased":[],"campfire_rested":1,"item_purchase_floors":[],"current_hp_per_floor":[75,72,72,65,65,48,48,48,48,8,8,5,5,5,27,22,75,38,38],"gold":181,"neow_bonus":"UPGRADE_CARD","is_daily":false,"chose_seed":false,"campfire_upgraded":1,"win_rate":0.0,"timestamp":1607788437,"path_taken":["M","M","M","M","?","E","R","$","T","E","M","M","$","?","R","BOSS","M"],"items_purchased_type":[],"build_version":"2020-11-30","purchased_purges":2,"victory":false,"max_hp_per_floor":[75,75,75,75,75,75,75,75,75,75,75,75,75,75,75,75,75,75,75],"card_choices":[{"not_picked":["hermit:WideOpen","hermit:Headshot","hermit:Manifest"],"picked":"SKIP","floor":1.0},{"not_picked":["hermit:Ricochet","hermit:WideOpen","hermit:Manifest"],"picked":"SKIP","floor":2.0},{"not_picked":["hermit:HighNoon","hermit:Ricochet"],"picked":"hermit:GhostlyPresence","floor":3.0},{"not_picked":["hermit:LowProfile","hermit:Malice","hermit:BodyArmor"],"picked":"SKIP","floor":4.0},{"not_picked":["hermit:HighCaliber","hermit:Desperado","hermit:Quickdraw"],"picked":"SKIP","floor":6.0},{"not_picked":["hermit:BodyArmor","hermit:Gambit","hermit:Midnight"],"picked":"SKIP","floor":10.0},{"not_picked":["hermit:Virtue","hermit:Showdown"],"picked":"hermit:Dive","floor":11.0},{"not_picked":["hermit:WideOpen","hermit:Glare"],"picked":"hermit:Dive","floor":12.0}],"player_experience":321406,"relics_obtained":[{"floor":6.0,"key":"Oddly Smooth Stone"},{"floor":9.0,"key":"Smiling Mask"},{"floor":10.0,"key":"Ornamental Fan"}],"event_choices":[{"cards_removed":["hermit:Strike_Hermit"],"damage_healed":0.0,"max_hp_gain":0.0,"max_hp_loss":0.0,"gold_gain":0.0,"event_name":"The Cleric","player_choice":"Card Removal","floor":5.0,"gold_loss":50.0,"damage_taken":0.0},{"damage_healed":0,"gold_gain":0,"player_choice":"Cursed","damage_taken":0,"max_hp_gain":0,"max_hp_loss":0,"event_name":"Wheel of Change","floor":14,"gold_loss":0,"cards_obtained":["Decay"]}],"is_beta":false,"boss_relics":[{"not_picked":["Snecko Eye","hermit:ClaspedLocket","Ectoplasm"]}],"items_purged_floors":[8,13],"is_endless":false,"potions_floor_spawned":[2,4,11,12,16],"killed_by":"Chosen","ascension_level":0}}