{"host":"m6aaltr68g9tvoay","time":1607754720,"event":{"mods":["AchievementEnabler","BaseMod","Colored Map","Minty Spire (QoL Compilation)","StSLib"],"gold_per_floor":[117,117,18,34,47,47,47,19,72,72,72,82,94,111,111,186,186,203,203,128,20,31,42,57,57,57,74,0,0,12,62,62,62,62],"floor_reached":33,"playtime":991,"items_purged":[],"score":466,"play_id":"998fc0e0-44d9-48d1-add5-5dd818c7f30b","local_time":"20201211223200","is_ascension_mode":true,"campfire_choices":[{"data":"Caltrops","floor":6.0,"key":"SMITH"},{"data":"Backflip","floor":11.0,"key":"SMITH"},{"data":"Storm of Steel","floor":15.0,"key":"SMITH"},{"floor":25,"key":"REST"},{"floor":29,"key":"REST"},{"floor":32,"key":"REST"}],"circlet_count":0,"master_deck":["AscendersBane","Strike_G","Strike_G","Strike_G","Strike_G","Defend_G","Defend_G","Defend_G","Defend_G","Survivor","Neutralize+1","Heel Hook","Caltrops+1","Slice","All Out Attack","Deflect","Parasite","Backflip+1","Blade Dance","Backstab","Storm of Steel+1","Adrenaline","Cloak And Dagger","PiercingWail","Dagger Spray+1","Blade Dance+1","Leg Sweep"],"relics":["Ring of the Snake","Vajra","CultistMask","SacredBark","StrikeDummy"],"acts_visited":["Exordium","TheCity"],"potions_floor_usage":[24,33],"damage_taken":[{"damage":3.0,"enemies":"2 Louse","floor":1.0,"turns":4.0},{"damage":1.0,"enemies":"Cultist","floor":4.0,"turns":4.0},{"damage":2.0,"enemies":"Small Slimes","floor":5.0,"turns":3.0},{"damage":9.0,"enemies":"3 Louse","floor":12.0,"turns":2.0},{"damage":9.0,"enemies":"Looter","floor":13.0,"turns":3.0},{"damage":3.0,"enemies":"Large Slime","floor":14.0,"turns":4.0},{"damage":15.0,"enemies":"Hexaghost","floor":16.0,"turns":8.0},{"damage":18.0,"enemies":"3 Byrds","floor":18.0,"turns":5.0},{"damage":9.0,"enemies":"Shell Parasite","floor":22.0,"turns":4.0},{"damage":10.0,"enemies":"Snake Plant","floor":23.0,"turns":4.0},{"damage":12,"enemies":"Centurion and Healer","floor":24,"turns":10},{"damage":31,"enemies":"Shelled Parasite and Fungi","floor":27,"turns":4},{"damage":22,"enemies":"Snake Plant","floor":30,"turns":3},{"damage":26,"enemies":"Collector","floor":33,"turns":6}],"seed_played":"-3148691549399824665","potions_obtained":[{"floor":1.0,"key":"Block Potion"},{"floor":12.0,"key":"DuplicationPotion"},{"floor":22.0,"key":"SpeedPotion"},{"floor":27,"key":"Strength Potion"}],"is_trial":false,"path_per_floor":["M","?","$","M","M","R","?","$","T","?","R","M","M","M","R","B",null,"M","?","?","$","M","M","M","R","T","M","?","R","M","?","R","B"],"character_chosen":"THE_SILENT","items_purchased":["Caltrops","Slice","Backflip","PiercingWail","EssenceOfSteel"],"campfire_rested":3,"item_purchase_floors":[3,3,8,21,21],"current_hp_per_floor":[56,49,49,48,46,46,62,62,62,62,62,53,44,41,41,26,56,38,51,51,51,42,32,20,39,39,8,8,27,5,5,24,0,0],"gold":62,"neow_bonus":"UPGRADE_CARD","is_daily":false,"chose_seed":false,"campfire_upgraded":3,"win_rate":0.0,"timestamp":1607754720,"path_taken":["M","?","$","M","M","R","?","$","T","?","R","M","?","M","R","BOSS","M","?","?","$","M","M","M","R","T","M","?","R","M","?","R","BOSS"],"items_purchased_type":["Card","Card","Card","Card","Potion"],"build_version":"2020-11-30","purchased_purges":0,"victory":false,"max_hp_per_floor":[66,66,66,66,66,66,66,66,66,66,66,66,66,66,66,66,66,66,66,66,66,66,66,66,66,66,66,66,66,66,66,66,66,66],"card_choices":[{"not_picked":["Deflect","Escape Plan"],"picked":"Heel Hook","floor":1.0},{"not_picked":["Backflip","Acrobatics"],"picked":"All Out Attack","floor":4.0},{"not_picked":["Dodge and Roll","Quick Slash"],"picked":"Deflect","floor":5.0},{"not_picked":["Poisoned Stab","Sucker Punch"],"picked":"Blade Dance","floor":12.0},{"not_picked":["Noxious Fumes","Accuracy"],"picked":"Backstab","floor":13.0},{"not_picked":["Sucker Punch","Noxious Fumes"],"picked":"Storm of Steel","floor":14.0},{"not_picked":["Storm of Steel","Unload"],"picked":"Adrenaline","floor":16.0},{"not_picked":["Poisoned Stab","Dagger Spray"],"picked":"Cloak And Dagger","floor":18.0},{"not_picked":["Cloak And Dagger","Flying Knee","Bane"],"picked":"SKIP","floor":22.0},{"not_picked":["Deflect","Slice"],"picked":"Dagger Spray+1","floor":23.0},{"not_picked":["Dagger Throw+1","Acrobatics","Quick Slash"],"picked":"SKIP","floor":24},{"not_picked":["Bane","Underhanded Strike"],"picked":"Blade Dance+1","floor":27},{"not_picked":["Skewer","Unload"],"picked":"Leg Sweep","floor":30}],"player_experience":1223650,"relics_obtained":[{"floor":9.0,"key":"Vajra"},{"floor":26,"key":"StrikeDummy"}],"event_choices":[{"cards_removed":["Strike_G"],"damage_healed":0.0,"max_hp_gain":0.0,"max_hp_loss":0.0,"gold_gain":0.0,"event_name":"Golden Wing","player_choice":"Card Removal","floor":2.0,"gold_loss":0.0,"damage_taken":7.0},{"damage_healed":16.0,"max_hp_gain":0.0,"max_hp_loss":0.0,"gold_gain":0.0,"event_name":"Mushrooms","player_choice":"Healed and dodged fight","floor":7.0,"gold_loss":0.0,"damage_taken":0.0,"cards_obtained":["Parasite"]},{"damage_healed":0.0,"max_hp_gain":0.0,"max_hp_loss":0.0,"gold_gain":0.0,"event_name":"FaceTrader","player_choice":"Trade","floor":10.0,"gold_loss":0.0,"damage_taken":0.0,"relics_obtained":["CultistMask"]},{"damage_healed":13.0,"max_hp_gain":0.0,"max_hp_loss":0.0,"gold_gain":0.0,"event_name":"The Library","player_choice":"Heal","floor":19.0,"gold_loss":0.0,"damage_taken":0.0},{"cards_removed":["Defend_G"],"damage_healed":0.0,"max_hp_gain":0.0,"max_hp_loss":0.0,"gold_gain":0.0,"event_name":"Beggar","player_choice":"Gave Gold","floor":20.0,"gold_loss":75.0,"damage_taken":0.0},{"damage_healed":0,"gold_gain":0,"player_choice":"Paid Fearfully","damage_taken":0,"max_hp_gain":0,"max_hp_loss":0,"event_name":"Masked Bandits","floor":28,"gold_loss":74},{"damage_healed":0,"gold_gain":50,"player_choice":"Stole From Cult","damage_taken":0,"max_hp_gain":0,"max_hp_loss":0,"event_name":"Nest","floor":31,"gold_loss":0}],"is_beta":false,"boss_relics":[{"not_picked":["Runic Pyramid","Tiny House"],"picked":"SacredBark"}],"items_purged_floors":[],"is_endless":false,"potions_floor_spawned":[1,12,13,22,27],"killed_by":"Collector","ascension_level":19}}