{"host":"9s5pd4ub2gisjqzu","time":1607797944,"event":{"mods":["2.2 Compatiblity","BaseMod","Better Synergies","Googly Eyes","Infinite Spire","Minty Spire (QoL Compilation)","Spicy Shops","StSLib"],"gold_per_floor":[117,129,140,150,102,102,102,116,140,140,140,160,172,191,191,295,295,305,305,315,330,344,344,360,375,446,446,462,479,502,11,11,107,107,117,137,147,113,131,131,131,131,131,131,131,131],"floor_reached":45,"playtime":3559,"items_purged":[],"score":542,"play_id":"b3765772-a1f3-48ac-ad64-7f48e6b4e5e8","local_time":"20201212123224","daily_mods":["Hoarder","Vintage","Heirloom","Time Dilation","Flight","Binary"],"is_ascension_mode":false,"campfire_choices":[{"data":"Zap","floor":6,"key":"SMITH"},{"data":"Dualcast","floor":7,"key":"SMITH"},{"data":"Conserve Battery","floor":11,"key":"SMITH"},{"data":"Strike_B","floor":15,"key":"SMITH"},{"floor":23,"key":"REST"},{"data":"Double Energy","floor":32,"key":"SMITH"},{"data":"Defragment","floor":40,"key":"SMITH"},{"data":"Double Energy","floor":41,"key":"SMITH"},{"data":"Double Energy","floor":42,"key":"SMITH"},{"data":"Defragment","floor":44,"key":"SMITH"}],"circlet_count":0,"master_deck":["Strike_B","Strike_B","Strike_B+1","Strike_B","Defend_B+1","Defend_B","Defend_B","Defend_B+1","Zap+1","Dualcast+1","Conserve Battery","Conserve Battery+1","Conserve Battery","Double Energy+1","Double Energy+1","Double Energy+1","Ball Lightning","Ball Lightning","Ball Lightning","Defragment+1","Defragment","Defragment+1"],"relics":["Unceasing Top","Busted Crown","Emotion Chip","Pen Nib","infinitespire:PuzzleCube","Matryoshka","Singing Bowl","Gremlin Horn","DataDisk","War Paint","Symbiotic Virus","Mummified Hand","Strawberry","SlaversCollar","infinitespire:Satchel","Prayer Wheel","Regal Pillow","Centennial Puzzle","Dream Catcher","Pantograph","Nunchaku","Shuriken","infinitespire:EmpoweringShard","MawBank","infinitespire:Eraser","infinitespire:SolderingIron","Nuclear Battery","Boot","White Beast Statue","Oddly Smooth Stone","infinitespire:Lucky Rock"],"acts_visited":["Exordium","TheCity","TheBeyond"],"potions_floor_usage":[16,21,21,22,22,22],"damage_taken":[{"damage":1,"enemies":"Jaw Worm","floor":1,"turns":4},{"damage":0,"enemies":"2 Louse","floor":2,"turns":2},{"damage":1,"enemies":"Cultist","floor":3,"turns":4},{"damage":7,"enemies":"2 Fungi Beasts","floor":4,"turns":3},{"damage":0,"enemies":"Blue Slaver","floor":8,"turns":2},{"damage":0,"enemies":"Exordium Wildlife","floor":12,"turns":3},{"damage":0,"enemies":"Red Slaver","floor":13,"turns":2},{"damage":0,"enemies":"Large Slime","floor":14,"turns":3},{"damage":6,"enemies":"The Guardian","floor":16,"turns":6},{"damage":6,"enemies":"2 Thieves","floor":18,"turns":3},{"damage":0,"enemies":"Spheric Guardian","floor":20,"turns":3},{"damage":13,"enemies":"Cultist and Chosen","floor":21,"turns":6},{"damage":5,"enemies":"Snake Plant","floor":22,"turns":2},{"damage":1,"enemies":"Centurion and Healer","floor":24,"turns":4},{"damage":0,"enemies":"Shelled Parasite and Fungi","floor":25,"turns":4},{"damage":0,"enemies":"Sentry and Sphere","floor":28,"turns":5},{"damage":8,"enemies":"Chosen and Byrds","floor":29,"turns":6},{"damage":0,"enemies":"3 Cultists","floor":30,"turns":5},{"damage":0,"enemies":"Collector","floor":33,"turns":1},{"damage":0,"enemies":"Orb Walker","floor":35,"turns":2},{"damage":0,"enemies":"3 Darklings","floor":36,"turns":2},{"damage":0,"enemies":"Jaw Worm Horde","floor":37,"turns":2},{"damage":0,"enemies":"Spire Growth","floor":39,"turns":3},{"damage":85,"enemies":"Nightmare","floor":45,"turns":5}],"seed_played":"4489725463936445960","potions_obtained":[{"floor":4,"key":"BlessingOfTheForge"},{"floor":8,"key":"GamblersBrew"},{"floor":13,"key":"ColorlessPotion"},{"floor":16,"key":"DuplicationPotion"},{"floor":18,"key":"EntropicBrew"},{"floor":24,"key":"EssenceOfSteel"},{"floor":28,"key":"Dexterity Potion"}],"is_trial":true,"path_per_floor":["M","M","M","M","$","R","R","M","T","$","R","M","M","M","R","B",null,"M","AVR","M","M","M","R","M","M","T","$","M","M","M","$","R","B",null,"M","M","M","$","M","R","R","R","T","R","NM"],"character_chosen":"DEFECT","items_purchased":["Conserve Battery","infinitespire:SolderingIron","Double Energy","Ball Lightning","Defragment"],"campfire_rested":1,"item_purchase_floors":[5,31,31,31,38],"current_hp_per_floor":[74,74,73,66,66,66,66,66,66,66,66,66,66,73,73,67,82,76,76,76,63,58,82,81,81,81,81,81,73,73,73,73,82,82,82,82,82,82,82,82,82,82,82,82,0,0],"gold":131,"neow_bonus":"","is_daily":false,"chose_seed":false,"campfire_upgraded":9,"win_rate":0.0,"timestamp":1607797944,"path_taken":["M","M","M","M","$","R","R","M","T","$","R","M","M","M","R","BOSS","M","AVR","M","M","M","R","M","M","T","$","M","M","M","$","R","BOSS","M","M","M","$","M","R","R","R","T","R","NM"],"items_purchased_type":["Card","Relic","Card","Card","Card"],"build_version":"2020-11-30","purchased_purges":0,"victory":false,"max_hp_per_floor":[75,75,75,75,75,75,75,75,75,75,75,75,75,82,82,82,82,82,82,82,82,82,82,82,82,82,82,82,82,82,82,82,82,82,82,82,82,82,82,82,82,82,82,82,82,82],"card_choices":[],"player_experience":273666,"relics_obtained":[{"floor":1,"key":"Pen Nib"},{"floor":2,"key":"infinitespire:PuzzleCube"},{"floor":3,"key":"Matryoshka"},{"floor":4,"key":"Singing Bowl"},{"floor":8,"key":"Gremlin Horn"},{"floor":9,"key":"DataDisk"},{"floor":9,"key":"War Paint"},{"floor":12,"key":"Symbiotic Virus"},{"floor":13,"key":"Mummified Hand"},{"floor":14,"key":"Strawberry"},{"floor":18,"key":"infinitespire:Satchel"},{"floor":20,"key":"Prayer Wheel"},{"floor":21,"key":"Regal Pillow"},{"floor":22,"key":"Centennial Puzzle"},{"floor":24,"key":"Dream Catcher"},{"floor":25,"key":"Pantograph"},{"floor":26,"key":"Nunchaku"},{"floor":26,"key":"Shuriken"},{"floor":28,"key":"infinitespire:EmpoweringShard"},{"floor":29,"key":"MawBank"},{"floor":30,"key":"infinitespire:Eraser"},{"floor":36,"key":"Boot"},{"floor":37,"key":"White Beast Statue"},{"floor":39,"key":"Oddly Smooth Stone"},{"floor":43,"key":"infinitespire:Lucky Rock"}],"event_choices":[],"is_beta":false,"boss_relics":[{"not_picked":["Sozu","Ectoplasm"],"picked":"SlaversCollar"},{"not_picked":["Inserter","Black Star"],"picked":"Nuclear Battery"}],"items_purged_floors":[],"is_endless":false,"potions_floor_spawned":[4,8,13,16,18,20,24,28,37,39],"killed_by":"Nightmare","ascension_level":0}}