{"host":"1hv1kueuvc4r3rdp","time":1607751640,"event":{"mods":["AchievementEnabler","BaseMod","DeckTracker","Highlight Path","Minty Spire (QoL Compilation)","Permanent Neow","StSLib"],"gold_per_floor":[116,291,9,9,22,51,51,63,63,81,96,24,24,57,57,155,155,168,187,206,223,238,238,257,289,312,330,429,32,32,59,59,59,59],"floor_reached":33,"playtime":1891,"items_purged":["Doubt"],"score":374,"play_id":"e38a1214-b1cf-4a5b-a6f4-dcb5db166260","local_time":"20201211234040","is_ascension_mode":true,"campfire_choices":[{"data":"Underhanded Strike","floor":7,"key":"SMITH"},{"data":"Dash","floor":13,"key":"SMITH"},{"floor":15,"key":"REST"},{"floor":23,"key":"REST"},{"floor":30,"key":"REST"},{"floor":32,"key":"REST"}],"circlet_count":0,"master_deck":["Strike_G+1","Strike_G+1","Strike_G","Strike_G","Defend_G","Defend_G","Defend_G","Defend_G","Survivor","Neutralize+1","Parasite","Quick Slash","Underhanded Strike+1","Dagger Throw","Tactician","All Out Attack","PiercingWail","Dash+1","Adrenaline","Acrobatics","Caltrops","Eviscerate","Crippling Poison","Calculated Gamble","Well Laid Plans"],"relics":["Ring of the Snake","Whetstone","TungstenRod","Blue Candle","Anchor","HoveringKite","Matryoshka","Mercury Hourglass","Orichalcum","Pantograph","Lantern"],"acts_visited":["Exordium","TheCity"],"potions_floor_usage":[6,16,31,31],"damage_taken":[{"damage":0,"enemies":"2 Louse","floor":1,"turns":2},{"damage":0,"enemies":"Small Slimes","floor":5,"turns":2},{"damage":28,"enemies":"3 Sentries","floor":6,"turns":11},{"damage":0,"enemies":"Cultist","floor":8,"turns":2},{"damage":0,"enemies":"2 Fungi Beasts","floor":10,"turns":2},{"damage":1,"enemies":"Exordium Wildlife","floor":11,"turns":3},{"damage":26,"enemies":"Gremlin Nob","floor":14,"turns":4},{"damage":24,"enemies":"Hexaghost","floor":16,"turns":13},{"damage":0,"enemies":"Spheric Guardian","floor":18,"turns":1},{"damage":0,"enemies":"Shell Parasite","floor":19,"turns":5},{"damage":5,"enemies":"Snake Plant","floor":20,"turns":4},{"damage":27,"enemies":"Snecko","floor":21,"turns":6},{"damage":7,"enemies":"Centurion and Healer","floor":22,"turns":5},{"damage":0,"enemies":"Shelled Parasite and Fungi","floor":24,"turns":5},{"damage":7,"enemies":"Slavers","floor":25,"turns":5},{"damage":5,"enemies":"Cultist and Chosen","floor":27,"turns":5},{"damage":22,"enemies":"Book of Stabbing","floor":31,"turns":6},{"damage":83,"enemies":"Automaton","floor":33,"turns":10}],"seed_played":"-1774887994372200462","potions_obtained":[{"floor":6,"key":"BlessingOfTheForge"},{"floor":8,"key":"BlessingOfTheForge"},{"floor":10,"key":"SkillPotion"},{"floor":16,"key":"Weak Potion"},{"floor":21,"key":"Swift Potion"}],"is_trial":false,"path_per_floor":["M","?","$","?","M","E","R","M","T","M","M","$","R","E","R","B",null,"M","M","M","M","M","R","M","E","T","M","?","$","R","E","R","B"],"character_chosen":"THE_SILENT","items_purchased":["Whetstone","ColorlessPotion","Dash","Calculated Gamble","Well Laid Plans","Pantograph"],"campfire_rested":4,"item_purchase_floors":[3,3,12,29,29,29],"current_hp_per_floor":[70,70,70,70,70,42,42,42,42,42,41,41,41,15,36,12,56,56,56,51,24,17,38,38,31,31,26,26,26,47,25,46,0,0],"gold":59,"neow_bonus":"TRANSFORM_TWO_CARDS","is_daily":false,"chose_seed":false,"campfire_upgraded":2,"win_rate":0.0,"timestamp":1607751640,"path_taken":["M","?","$","?","M","E","R","M","T","?","M","$","R","E","R","BOSS","M","M","M","M","M","R","M","E","T","M","?","$","R","E","R","BOSS"],"items_purchased_type":["Relic","Potion","Card","Card","Card","Relic"],"build_version":"2020-11-30","purchased_purges":1,"victory":false,"max_hp_per_floor":[70,70,70,70,70,70,70,70,70,70,70,70,70,70,70,70,70,70,70,70,70,70,70,70,70,70,70,70,70,70,70,70,70,70],"card_choices":[{"not_picked":["Flying Knee","Well Laid Plans"],"picked":"Dagger Throw","floor":1},{"not_picked":["Backflip","Poisoned Stab"],"picked":"Tactician","floor":5},{"not_picked":["Distraction","After Image","Outmaneuver"],"picked":"SKIP","floor":6},{"not_picked":["Deflect","Noxious Fumes"],"picked":"All Out Attack","floor":8},{"not_picked":["Poisoned Stab","Blade Dance","Endless Agony"],"picked":"SKIP","floor":10},{"not_picked":["Quick Slash","Dagger Spray"],"picked":"PiercingWail","floor":11},{"not_picked":["Noxious Fumes","Blur","Finisher"],"picked":"SKIP","floor":14},{"not_picked":["Corpse Explosion","Die Die Die"],"picked":"Adrenaline","floor":16},{"not_picked":["Deadly Poison","Deflect+1"],"picked":"Acrobatics","floor":18},{"not_picked":["Noxious Fumes","Dagger Throw","Deflect+1"],"picked":"SKIP","floor":19},{"not_picked":["Backflip","Underhanded Strike","Dagger Spray"],"picked":"SKIP","floor":20},{"not_picked":["All Out Attack+1","Choke"],"picked":"Caltrops","floor":21},{"not_picked":["Flying Knee+1","Reflex"],"picked":"Eviscerate","floor":22},{"not_picked":["Eviscerate","Deadly Poison"],"picked":"Crippling Poison","floor":24},{"not_picked":["Quick Slash+1","Phantasmal Killer","Bane"],"picked":"SKIP","floor":25},{"not_picked":["Deadly Poison","Poisoned Stab+1","Endless Agony"],"picked":"SKIP","floor":27},{"not_picked":["Blade Dance","Slice+1","Dodge and Roll"],"picked":"SKIP","floor":31}],"player_experience":968320,"relics_obtained":[{"floor":6,"key":"TungstenRod"},{"floor":9,"key":"Blue Candle"},{"floor":14,"key":"Anchor"},{"floor":25,"key":"Matryoshka"},{"floor":26,"key":"Mercury Hourglass"},{"floor":26,"key":"Orichalcum"},{"floor":31,"key":"Lantern"}],"event_choices":[{"damage_healed":0,"gold_gain":175,"player_choice":"AGREE","damage_taken":0,"max_hp_gain":0,"max_hp_loss":0,"event_name":"Liars Game","floor":2,"gold_loss":0,"cards_obtained":["Doubt"]},{"damage_healed":0,"gold_gain":0,"player_choice":"Upgraded","damage_taken":0,"max_hp_gain":0,"max_hp_loss":0,"event_name":"Upgrade Shrine","floor":4,"gold_loss":0,"cards_upgraded":["Neutralize"]},{"damage_healed":0,"gold_gain":99,"player_choice":"Stole From Cult","damage_taken":0,"max_hp_gain":0,"max_hp_loss":0,"event_name":"Nest","floor":28,"gold_loss":0}],"is_beta":false,"boss_relics":[{"not_picked":["Snecko Eye","Cursed Key"],"picked":"HoveringKite"}],"items_purged_floors":[3],"is_endless":false,"potions_floor_spawned":[6,8,10,16,18,21,22],"killed_by":"Automaton","ascension_level":5}}