{"host":"9v3x998ddbx8o276","time":1607775846,"event":{"mods":["AchievementEnabler","BaseMod","Colored Map","Highlight Path","Minty Spire (QoL Compilation)","Quick Restart","Rare Cards Sparkle"],"gold_per_floor":[117,117,129,129,142,142,172,191,191,191,191,191],"floor_reached":11,"playtime":259,"items_purged":[],"score":146,"play_id":"24471aff-2a5b-481f-9f91-c997738ace43","local_time":"20201212225406","is_ascension_mode":true,"campfire_choices":[{"data":"Streamline","floor":6,"key":"SMITH"}],"circlet_count":0,"master_deck":["AscendersBane","Strike_B","Strike_B","Strike_B","Strike_B","Defend_B","Defend_B","Defend_B","Defend_B","Zap","Dualcast","Streamline+1","Core Surge","Fusion","Regret","Hologram","Go for the Eyes","FTL","Steam","Coolheaded"],"relics":["Cracked Core","NeowsBlessing","Prayer Wheel","The Courier","Ginger"],"acts_visited":["Exordium"],"potions_floor_usage":[8],"damage_taken":[{"damage":0,"enemies":"Jaw Worm","floor":1,"turns":1},{"damage":0,"enemies":"Cultist","floor":3,"turns":1},{"damage":0,"enemies":"Small Slimes","floor":5,"turns":1},{"damage":45,"enemies":"Lagavulin","floor":7,"turns":7},{"damage":14,"enemies":"Gremlin Gang","floor":8,"turns":5},{"damage":2,"enemies":"3 Sentries","floor":11,"turns":2}],"seed_played":"-6091843537396342399","potions_obtained":[{"floor":1,"key":"Block Potion"}],"is_trial":false,"path_per_floor":["M","?","M","?","M","R","E","M","T","?","E"],"character_chosen":"DEFECT","items_purchased":[],"campfire_rested":0,"item_purchase_floors":[],"current_hp_per_floor":[64,64,64,64,64,64,19,5,5,5,3,3],"gold":191,"neow_bonus":"THREE_ENEMY_KILL","is_daily":false,"chose_seed":false,"campfire_upgraded":1,"win_rate":0.0,"timestamp":1607775846,"path_taken":["M","?","?","?","M","R","E","M","T","?","E"],"items_purchased_type":[],"build_version":"2020-11-30","purchased_purges":0,"victory":false,"max_hp_per_floor":[71,71,71,71,71,71,71,71,71,71,71,71],"card_choices":[{"not_picked":["Heatsinks","Barrage"],"picked":"Streamline","floor":1},{"not_picked":["Streamline","Leap"],"picked":"Fusion","floor":3},{"not_picked":["Heatsinks","Fusion"],"picked":"Hologram","floor":5},{"not_picked":["Fusion","Skim"],"picked":"Go for the Eyes","floor":5},{"not_picked":["Coolheaded","Skim"],"picked":"FTL","floor":7},{"not_picked":["Turbo","Aggregate"],"picked":"Steam","floor":8},{"not_picked":["Amplify","Heatsinks"],"picked":"Coolheaded","floor":8}],"player_experience":2020677,"relics_obtained":[{"floor":7,"key":"The Courier"},{"floor":9,"key":"Ginger"}],"event_choices":[{"damage_healed":0,"gold_gain":0,"player_choice":"1 cards matched","damage_taken":0,"max_hp_gain":0,"max_hp_loss":0,"event_name":"Match and Keep!","floor":2,"gold_loss":0,"cards_obtained":["Core Surge"]},{"damage_healed":0,"gold_gain":0,"player_choice":"Box","damage_taken":0,"relics_obtained":["Prayer Wheel"],"max_hp_gain":0,"max_hp_loss":0,"event_name":"Big Fish","floor":4,"gold_loss":0,"cards_obtained":["Regret"]},{"damage_healed":0,"gold_gain":0,"player_choice":"Ignored","damage_taken":0,"max_hp_gain":0,"max_hp_loss":0,"event_name":"Liars Game","floor":10,"gold_loss":0}],"is_beta":false,"boss_relics":[],"items_purged_floors":[],"is_endless":false,"potions_floor_spawned":[1],"killed_by":"3 Sentries","ascension_level":20}}