{"host":"enpah696raxjhbxd","time":1607759089,"event":{"mods":["BaseMod","Challenge The Spire","Chen","Colored Powertips","Friendly Minions","Minty Spire (QoL Compilation)","Replay The Spire","StSLib","TestMod","The Bladedancer","The Poker Player","UnlockEverythingMod","vexMod"],"gold_per_floor":[115,40,40,58,21,49,61,99,111,123,535,547,573,735,747,860,872,895,907,938,465,465,496,522,554,554,564,574,608,608,94,94,94,94],"floor_reached":33,"playtime":1414,"items_purged":["Regret","Overencumbered","vexMod:UltimateCard"],"score":4356,"play_id":"5ee11f71-333e-4e6d-b012-9e3e7b190f35","local_time":"20201212154449","is_ascension_mode":true,"campfire_choices":[{"floor":7.0,"key":"REST"},{"data":"blademaster:BladeMastery","floor":10.0,"key":"SMITH"},{"data":"blademaster:AncestralHealing","floor":12.0,"key":"SMITH"},{"floor":15.0,"key":"REST"},{"floor":32.0,"key":"RECALL"}],"circlet_count":0,"master_deck":["blademaster:Strike+1","blademaster:Strike+1","blademaster:Strike+1","blademaster:Strike+1","blademaster:Defend","blademaster:Defend","blademaster:Defend","blademaster:Defend","blademaster:RagingBlow","blademaster:HighVoltage","blademaster:EnchantedCuirass","Clumsy","blademaster:BladeMastery+1","blademaster:AncestralHealing+1","blademaster:LightningDraw","blademaster:Flurry","blademaster:AwakeningStrike","blademaster:LightningCrash+1","blademaster:Safeguard+1","blademaster:ThunderingOpener+1","blademaster:EyeOfTheTornado+1","blademaster:ThunderSlash+1"],"relics":["blademaster:DancersAmulet","testmod-Laevatain","Chameleon Ring","MawBank","Replay:Bottled Eggs","testmod-NegativeEmotionEnhancer","CaptainsWheel","InkBottle","Red Mask","Snack Pack","Molten Egg 2","Mummified Hand","vexMod:Cooldron"],"acts_visited":["Exordium","TheCity"],"potions_floor_usage":[33],"damage_taken":[{"damage":10.0,"enemies":"2 Louse","floor":1.0,"turns":2.0},{"damage":1.0,"enemies":"Cultist","floor":4.0,"turns":4.0},{"damage":42.0,"enemies":"3 Sentries","floor":6.0,"turns":8.0},{"damage":10.0,"enemies":"Replay:BlueRogue","floor":8.0,"turns":4.0},{"damage":0.0,"enemies":"Small Slimes","floor":13.0,"turns":4.0},{"damage":0.0,"enemies":"Slime Boss","floor":16.0,"turns":3.0},{"damage":25.0,"enemies":"2 Thieves","floor":18.0,"turns":3.0},{"damage":43.0,"enemies":"Spheric Guardian","floor":20.0,"turns":4.0},{"damage":13.0,"enemies":"Book of Stabbing","floor":23.0,"turns":4.0},{"damage":0.0,"enemies":"Masked Bandits","floor":24.0,"turns":2.0},{"damage":42.0,"enemies":"Gremlin Leader","floor":25.0,"turns":6.0},{"damage":18.0,"enemies":"Snecko","floor":27.0,"turns":4.0},{"damage":2.0,"enemies":"Cultist and Chosen","floor":28.0,"turns":3.0},{"damage":25.0,"enemies":"Slavers","floor":29.0,"turns":6.0}],"seed_played":"569455346508757085","potions_obtained":[{"floor":1.0,"key":"SneckoOil"},{"floor":13.0,"key":"DistilledChaos"},{"floor":16.0,"key":"Dexterity Potion"},{"floor":18.0,"key":"Languid Potion"},{"floor":23.0,"key":"Energy Potion"},{"floor":24.0,"key":"Fire Potion"},{"floor":29.0,"key":"LiquidBronze"}],"is_trial":false,"path_per_floor":["M","$","?","M","$","E","R","E","T","R","?","R","M","?","R","B",null,"M","?","M","$","?","E","?","E","T","M","M","E","?","$","R","B"],"character_chosen":"THE_BLADEMASTER","items_purchased":["blademaster:AncestralHealing","CaptainsWheel","Regen Potion","Mummified Hand","vexMod:Cooldron"],"campfire_rested":2,"item_purchase_floors":[5,21,21,31,31],"current_hp_per_floor":[65,65,65,64,64,22,44,34,34,34,34,34,34,34,56,56,75,53,53,12,12,12,31,35,23,23,19,42,63,63,63,63,82,82],"gold":94,"neow_bonus":"ONE_RANDOM_RARE_CARD","is_daily":false,"chose_seed":false,"campfire_upgraded":2,"win_rate":0.0,"timestamp":1607759089,"path_taken":["M","$","?","?","$","E","R","E","T","R","?","R","M","?","R","BOSS","M","?","M","$","?","E","?","E","T","M","M","E","?","$","R","BOSS"],"items_purchased_type":["Card","Relic","Potion","Relic","Relic"],"build_version":"2020-11-30","purchased_purges":3,"victory":false,"max_hp_per_floor":[75,75,75,75,75,75,75,75,75,75,75,75,75,75,75,75,75,76,76,77,77,77,78,79,80,80,81,82,83,83,83,83,83,83],"card_choices":[{"not_picked":["blademaster:Sunder","blademaster:Cut"],"picked":"blademaster:BladeMastery","floor":1.0},{"not_picked":["blademaster:AwakeningStrike","blademaster:AspectOfLightning","blademaster:Thrust"],"picked":"SKIP","floor":4.0},{"not_picked":["blademaster:BladeMastery","blademaster:BloodyBlow"],"picked":"blademaster:LightningDraw","floor":6.0},{"not_picked":["blademaster:AirSlash","blademaster:Thrust"],"picked":"blademaster:Flurry","floor":8.0},{"not_picked":["blademaster:LightningDraw","blademaster:CombatPrep"],"picked":"blademaster:AwakeningStrike","floor":13.0},{"not_picked":["blademaster:BrainBloom","blademaster:AspectOfWind","blademaster:Meditate"],"picked":"SKIP","floor":18.0},{"not_picked":["blademaster:Sharpen","blademaster:SlyStabs"],"picked":"blademaster:LightningCrash+1","floor":20.0},{"not_picked":["blademaster:LightningCrash+1","blademaster:WindSlash+1","blademaster:Cut+1"],"picked":"SKIP","floor":23.0},{"not_picked":["blademaster:Flurry","blademaster:DancingEdge"],"picked":"blademaster:Safeguard+1","floor":24.0},{"not_picked":["blademaster:Sharpen","blademaster:SlyStabs","blademaster:AirSlash+1"],"picked":"SKIP","floor":25.0},{"not_picked":["blademaster:CombatPrep+1","blademaster:OneTrickPony"],"picked":"blademaster:ThunderingOpener+1","floor":27.0},{"not_picked":["blademaster:Cut","blademaster:AwakeningStrike"],"picked":"blademaster:EyeOfTheTornado+1","floor":28.0},{"not_picked":["blademaster:SlyStabs","blademaster:KiBarrier+1"],"picked":"blademaster:ThunderSlash+1","floor":29.0}],"player_experience":755732,"relics_obtained":[{"floor":3.0,"key":"Chameleon Ring"},{"floor":6.0,"key":"MawBank"},{"floor":6.0,"key":"blademaster:StrongPerk"},{"floor":8.0,"key":"blademaster:FinisherDrawCardPerk"},{"floor":9.0,"key":"Replay:Bottled Eggs"},{"floor":23.0,"key":"InkBottle"},{"floor":23.0,"key":"blademaster:DextrousPerk"},{"floor":24.0,"key":"Red Mask"},{"floor":25.0,"key":"Snack Pack"},{"floor":25.0,"key":"blademaster:ComboEveryTurnPerk"},{"floor":29.0,"key":"Molten Egg 2"},{"floor":29.0,"key":"blademaster:BleedingMoreDamagePerk"}],"event_choices":[{"damage_healed":0.0,"max_hp_gain":0.0,"max_hp_loss":0.0,"gold_gain":0.0,"event_name":"Wheel of Change","player_choice":"Relic","floor":3.0,"gold_loss":0.0,"damage_taken":0.0},{"damage_healed":0.0,"max_hp_gain":0.0,"max_hp_loss":0.0,"gold_gain":400.0,"event_name":"恩洛斯的盘子","player_choice":"Sell","floor":11.0,"relics_lost":["testmod-TestBox"],"gold_loss":0.0,"damage_taken":0.0},{"damage_healed":0.0,"max_hp_gain":0.0,"max_hp_loss":0.0,"gold_gain":0.0,"event_name":"给自己的盒子","player_choice":"Swap Relic","floor":14.0,"relics_lost":["ReplayTheSpireMod:CursedCoin"],"gold_loss":0.0,"damage_taken":0.0,"relics_obtained":["ReplayTheSpireMod:CursedCoin"]},{"damage_healed":0.0,"max_hp_gain":0.0,"max_hp_loss":0.0,"gold_gain":0.0,"event_name":"Vampires","player_choice":"Ignored","floor":22.0,"gold_loss":0.0,"damage_taken":0.0},{"damage_healed":0.0,"max_hp_gain":0.0,"max_hp_loss":0.0,"gold_gain":0.0,"event_name":"Masked Bandits","player_choice":"Fought Bandits","floor":24.0,"gold_loss":0.0,"damage_taken":0.0},{"damage_healed":0.0,"max_hp_gain":0.0,"max_hp_loss":0.0,"gold_gain":0.0,"event_name":"Ghosts","player_choice":"Ignored","floor":30.0,"gold_loss":0.0,"damage_taken":0.0}],"is_beta":false,"boss_relics":[{"not_picked":["testmod-DreamHouse","Coffee Dripper"],"picked":"testmod-NegativeEmotionEnhancer"}],"items_purged_floors":[2,21,31],"is_endless":false,"potions_floor_spawned":[1,13,16,18,23,24,29],"killed_by":"Pondfish","ascension_level":4}}