{"host":"po0gzr6h085cygwo","time":1607770648,"event":{"mods":["AchievementEnabler","BaseMod","Minty Spire (QoL Compilation)","Rare Cards Sparkle","StSLib","SuperFastMode"],"gold_per_floor":[40,60,110,160,170,170,214,25,52,52,52,52,96,109,109,212,212,248,32,32,71,71,71,71,166,166,209,109,169,169],"floor_reached":29,"playtime":1554,"items_purged":["Strike_P","Shame"],"score":301,"play_id":"7aae44a1-586b-4fe8-8644-3d46c4e2e693","local_time":"20201212195728","is_ascension_mode":true,"campfire_choices":[{"data":"Eruption","floor":6.0,"key":"SMITH"},{"data":"Devotion","floor":11.0,"key":"SMITH"},{"floor":15.0,"key":"REST"},{"data":"Wish","floor":23.0,"key":"SMITH"}],"circlet_count":0,"master_deck":["Strike_P","Strike_P+1","Defend_P","Defend_P","Defend_P+1","Eruption+1","Vigilance","ConjureBlade+1","Vault+1","Wish+1","DevaForm+1","Fasting2","Sanctity","Devotion+1","Adaptation","InnerPeace","Wish+1","Sanctity","Vault+1","Fasting2","Fasting2"],"relics":["HolyWater","Bottled Tornado","Lantern","Damaru","DollysMirror","Anchor","MutagenicStrength","Bag of Preparation","Mercury Hourglass"],"acts_visited":["Exordium","TheCity"],"potions_floor_usage":[27,29],"damage_taken":[{"damage":0.0,"enemies":"Cultist","floor":1.0,"turns":3.0},{"damage":6.0,"enemies":"Jaw Worm","floor":2.0,"turns":3.0},{"damage":13.0,"enemies":"2 Louse","floor":3.0,"turns":5.0},{"damage":7.0,"enemies":"Blue Slaver","floor":4.0,"turns":5.0},{"damage":18.0,"enemies":"Exordium Wildlife","floor":5.0,"turns":5.0},{"damage":0.0,"enemies":"Exordium Thugs","floor":7.0,"turns":5.0},{"damage":2.0,"enemies":"Blue Slaver","floor":13.0,"turns":5.0},{"damage":6.0,"enemies":"3 Louse","floor":14.0,"turns":6.0},{"damage":0.0,"enemies":"The Guardian","floor":16.0,"turns":4.0},{"damage":24.0,"enemies":"2 Thieves","floor":18.0,"turns":5.0},{"damage":4.0,"enemies":"Spheric Guardian","floor":21.0,"turns":4.0},{"damage":26.0,"enemies":"Slavers","floor":25.0,"turns":8.0},{"damage":1,"enemies":"Snake Plant","floor":27,"turns":5},{"damage":31,"enemies":"Chosen and Byrds","floor":29,"turns":8}],"seed_played":"6114391447027770996","potions_obtained":[{"floor":3.0,"key":"EntropicBrew"},{"floor":5.0,"key":"DuplicationPotion"},{"floor":7.0,"key":"Fruit Juice"},{"floor":13.0,"key":"Strength Potion"},{"floor":18.0,"key":"StancePotion"},{"floor":25.0,"key":"SteroidPotion"}],"is_trial":false,"path_per_floor":["M","M","M","M","M","R","M","$","T","?","R","$","M","M","R","B",null,"M","$","?","M","?","R","$","E","T","M","$","M"],"character_chosen":"WATCHER","items_purchased":["Adaptation","InnerPeace","Sanctity","DollysMirror"],"campfire_rested":1,"item_purchase_floors":[8,8,19,19],"current_hp_per_floor":[72,66,53,46,28,28,33,33,33,18,18,18,16,10,33,33,77,53,53,53,49,49,49,49,23,23,22,22,0,0],"gold":169,"neow_bonus":"REMOVE_TWO","is_daily":false,"chose_seed":false,"campfire_upgraded":3,"win_rate":0.0,"timestamp":1607770648,"path_taken":["M","M","M","M","M","R","M","?","T","?","R","$","M","M","R","BOSS","M","$","?","M","?","R","?","E","T","M","$","M"],"items_purchased_type":["Card","Card","Card","Relic"],"build_version":"2020-11-30","purchased_purges":2,"victory":false,"max_hp_per_floor":[72,72,72,72,72,72,77,77,77,77,77,77,77,77,77,77,77,77,77,77,77,77,77,77,77,77,77,77,77,77],"card_choices":[{"not_picked":["BowlingBash","FlurryOfBlows"],"picked":"Fasting2","floor":1.0},{"not_picked":["Nirvana","Conclude","BowlingBash"],"picked":"SKIP","floor":2.0},{"not_picked":["Evaluate","Collect","PathToVictory"],"picked":"SKIP","floor":3.0},{"not_picked":["Consecrate","WaveOfTheHand"],"picked":"Sanctity","floor":4.0},{"not_picked":["Crescendo","Evaluate"],"picked":"Devotion","floor":5.0},{"not_picked":["BowlingBash","Conclude","EmptyFist"],"picked":"SKIP","floor":7.0},{"not_picked":["CrushJoints","Crescendo","EmptyBody"],"picked":"SKIP","floor":13.0},{"not_picked":["InnerPeace","Nirvana","Conclude"],"picked":"SKIP","floor":14.0},{"not_picked":["DeusExMachina","Blasphemy"],"picked":"Wish","floor":16.0},{"not_picked":["Protect","SashWhip+1","BattleHymn"],"picked":"SKIP","floor":18.0},{"not_picked":["Perseverance","BowlingBash"],"picked":"Fasting2","floor":21.0},{"not_picked":["WheelKick","Halt","PathToVictory"],"picked":"SKIP","floor":25.0},{"not_picked":["Consecrate+1","Tantrum"],"picked":"Fasting2","floor":27}],"player_experience":29850,"relics_obtained":[{"floor":9.0,"key":"Damaru"},{"floor":25.0,"key":"Bag of Preparation"},{"floor":26.0,"key":"Mercury Hourglass"}],"event_choices":[{"damage_healed":0.0,"max_hp_gain":0.0,"max_hp_loss":0.0,"gold_gain":0.0,"event_name":"Shining Light","player_choice":"Entered Light","floor":10.0,"gold_loss":0.0,"damage_taken":15.0,"cards_upgraded":["Defend_P","Strike_P"]},{"damage_healed":0.0,"max_hp_gain":0.0,"max_hp_loss":0.0,"gold_gain":0.0,"event_name":"Addict","player_choice":"Stole Relic","floor":20.0,"gold_loss":0.0,"damage_taken":0.0,"relics_obtained":["Anchor"],"cards_obtained":["Shame"]},{"damage_healed":0.0,"max_hp_gain":0.0,"max_hp_loss":0.0,"gold_gain":0.0,"event_name":"Drug Dealer","player_choice":"Inject Mutagens","floor":22.0,"gold_loss":0.0,"damage_taken":0.0,"relics_obtained":["MutagenicStrength"]}],"is_beta":false,"boss_relics":[{"not_picked":["Fusion Hammer","Runic Pyramid"],"picked":"HolyWater"}],"items_purged_floors":[8,28],"is_endless":false,"potions_floor_spawned":[3,5,7,13,18,25],"killed_by":"Chosen and Byrds","ascension_level":1}}