{"host":"x0ovlu53kkkog8rv","time":1607772442,"event":{"mods":["BaseMod","Colored Map","Minty Spire (QoL Compilation)","Quick Restart","SuperFastMode"],"gold_per_floor":[115,65,19,119,137,169,169,20,20,47,134,146,158,190,202,309,321,353,365,377,399,411,411],"floor_reached":22,"playtime":494,"items_purged":["Strike_G"],"score":248,"play_id":"9790fac6-b326-468e-afe4-ea83e4e84549","local_time":"20201212202722","is_ascension_mode":true,"campfire_choices":[{"data":"Infinite Blades","floor":7,"key":"SMITH"},{"data":"Blade Dance","floor":12,"key":"SMITH"},{"floor":15,"key":"REST"}],"circlet_count":0,"master_deck":["Strike_G","Strike_G","Strike_G","Defend_G+1","Defend_G","Defend_G","Defend_G+1","Defend_G","Survivor","Neutralize","Infinite Blades+1","Blade Dance+1","Endless Agony","Infinite Blades+1","Infinite Blades+1","Envenom+1","Cloak And Dagger","Shame","Writhe","Choke"],"relics":["Ring of the Snake","NeowsBlessing","Frozen Egg 2","MawBank","Sozu","Lantern","War Paint"],"acts_visited":["Exordium","TheCity"],"potions_floor_usage":[16,16,22],"damage_taken":[{"damage":0,"enemies":"Jaw Worm","floor":1,"turns":1},{"damage":0,"enemies":"2 Louse","floor":5,"turns":1},{"damage":0,"enemies":"Lagavulin","floor":6,"turns":1},{"damage":0,"enemies":"Cultist","floor":10,"turns":4},{"damage":14,"enemies":"Red Slaver","floor":14,"turns":3},{"damage":30,"enemies":"Slime Boss","floor":16,"turns":5},{"damage":20,"enemies":"Shell Parasite","floor":18,"turns":4},{"damage":16,"enemies":"Spheric Guardian","floor":21,"turns":4},{"damage":37,"enemies":"Cultist and Chosen","floor":22,"turns":4}],"seed_played":"-109795130081226832","potions_obtained":[{"floor":1,"key":"Fire Potion"},{"floor":5,"key":"SteroidPotion"},{"floor":16,"key":"Explosive Potion"}],"is_trial":false,"path_per_floor":["M","?","$","?","M","E","R","$","T","M","?","R","?","M","R","B",null,"M","?","?","M","M"],"character_chosen":"THE_SILENT","items_purchased":["Blade Dance","Infinite Blades+1"],"campfire_rested":1,"item_purchase_floors":[3,8],"current_hp_per_floor":[70,70,70,70,70,70,70,70,70,70,59,59,59,45,66,36,70,50,50,50,34,0,0],"gold":411,"neow_bonus":"THREE_ENEMY_KILL","is_daily":false,"chose_seed":false,"campfire_upgraded":2,"win_rate":0.0,"timestamp":1607772442,"path_taken":["M","?","$","?","?","E","R","?","T","M","?","R","?","M","R","BOSS","M","?","?","M","M"],"items_purchased_type":["Card","Card"],"build_version":"2020-11-30","purchased_purges":1,"victory":false,"max_hp_per_floor":[70,70,70,70,70,70,70,70,70,70,70,70,70,70,70,70,70,70,70,70,70,70,70],"card_choices":[{"not_picked":["Underhanded Strike","Acrobatics"],"picked":"Infinite Blades","floor":1},{"not_picked":["Terror","Acrobatics","Deadly Poison"],"picked":"SKIP","floor":5},{"not_picked":["Dash","Deadly Poison"],"picked":"Endless Agony","floor":6},{"not_picked":["Outmaneuver","Prepared"],"picked":"Infinite Blades+1","floor":10},{"not_picked":["Terror","Deadly Poison","Poisoned Stab"],"picked":"SKIP","floor":14},{"not_picked":["Wraith Form v2+1","Phantasmal Killer"],"picked":"Envenom+1","floor":16},{"not_picked":["Dagger Spray","Sucker Punch"],"picked":"Cloak And Dagger","floor":18},{"not_picked":["Dodge and Roll","Eviscerate"],"picked":"Choke","floor":21}],"player_experience":168825,"relics_obtained":[{"floor":6,"key":"Frozen Egg 2"},{"floor":9,"key":"MawBank"}],"event_choices":[{"cards_removed":["Strike_G"],"damage_healed":0,"gold_gain":0,"player_choice":"Card Removal","damage_taken":0,"max_hp_gain":0,"max_hp_loss":0,"event_name":"The Cleric","floor":2,"gold_loss":50},{"damage_healed":0,"gold_gain":100,"player_choice":"Pray","damage_taken":0,"max_hp_gain":0,"max_hp_loss":0,"event_name":"Golden Shrine","floor":4,"gold_loss":0},{"damage_healed":0,"gold_gain":75,"player_choice":"Gather Gold","damage_taken":11,"max_hp_gain":0,"max_hp_loss":0,"event_name":"World of Goop","floor":11,"gold_loss":0},{"damage_healed":0,"gold_gain":0,"player_choice":"Bought 0 Potions","damage_taken":0,"max_hp_gain":0,"max_hp_loss":0,"event_name":"The Woman in Blue","floor":13,"gold_loss":0},{"damage_healed":0,"gold_gain":0,"player_choice":"Stole Relic","damage_taken":0,"relics_obtained":["Lantern"],"max_hp_gain":0,"max_hp_loss":0,"event_name":"Addict","floor":19,"gold_loss":0,"cards_obtained":["Shame"]},{"damage_healed":0,"gold_gain":0,"player_choice":"Opened","damage_taken":0,"relics_obtained":["War Paint"],"max_hp_gain":0,"max_hp_loss":0,"event_name":"The Mausoleum","floor":20,"gold_loss":0,"cards_obtained":["Writhe"]}],"is_beta":false,"boss_relics":[{"not_picked":["Snecko Eye","Velvet Choker"],"picked":"Sozu"}],"items_purged_floors":[8],"is_endless":false,"potions_floor_spawned":[1,5,16,21],"killed_by":"Cultist and Chosen","ascension_level":4}}