{"host":"swphzoo6hmc78epl","time":1607747713,"event":{"mods":["BaseMod","Highlight Path","Minty Spire (QoL Compilation)","Quick Restart"],"gold_per_floor":[118,43,43,43,6,6,40,53,131,149,162,202,218,237,237,360,360,385,484,484,409,409,444,100,134,210,210,210,231,231,106,106,235,235,235,12,27,27,42,77,97,131,131,131,131,131],"floor_reached":45,"playtime":3234,"items_purged":["Strike_P","Defend_P","Eruption"],"score":828,"play_id":"7acf73c6-2bd0-459e-be7f-a0f4b307aa53","local_time":"20201211233513","is_ascension_mode":true,"campfire_choices":[{"data":"Crescendo","floor":6,"key":"SMITH"},{"data":"Alpha","floor":15,"key":"SMITH"},{"data":"Establishment","floor":27,"key":"SMITH"},{"data":"Ghostly","floor":32,"key":"SMITH"},{"floor":44,"key":"RECALL"}],"circlet_count":0,"master_deck":["Defend_P","Defend_P","Defend_P","Vigilance","Crescendo+1","WindmillStrike","BowlingBash","ConjureBlade","CutThroughFate","CutThroughFate","Alpha+1","Establishment+1","FearNoEvil","DeceiveReality","Adaptation+1","Finesse","ThirdEye+1","SandsOfTime","Ghostly+1","Ghostly","Ghostly","Ghostly","Ghostly","MasterReality","Pray+1","LikeWater","WheelKick+1","ReachHeaven+1","Halt+1"],"relics":["HolyWater","NeowsBlessing","Golden Idol","Nunchaku","Mercury Hourglass","Mummified Hand","Coffee Dripper","Ancient Tea Set","Vajra","Bottled Lightning","TeardropLocket","Membership Card","PreservedInsect","MealTicket","StrikeDummy"],"acts_visited":["Exordium","TheCity","TheBeyond"],"potions_floor_usage":[12,23,25,35,40],"damage_taken":[{"damage":0,"enemies":"2 Louse","floor":1,"turns":1},{"damage":0,"enemies":"3 Sentries","floor":7,"turns":2},{"damage":0,"enemies":"Jaw Worm","floor":8,"turns":1},{"damage":0,"enemies":"Small Slimes","floor":10,"turns":2},{"damage":2,"enemies":"3 Louse","floor":11,"turns":3},{"damage":10,"enemies":"Gremlin Nob","floor":12,"turns":3},{"damage":12,"enemies":"Large Slime","floor":13,"turns":3},{"damage":2,"enemies":"2 Fungi Beasts","floor":14,"turns":2},{"damage":0,"enemies":"Slime Boss","floor":16,"turns":4},{"damage":7,"enemies":"Chosen","floor":18,"turns":3},{"damage":14,"enemies":"Gremlin Leader","floor":23,"turns":5},{"damage":14,"enemies":"Slavers","floor":25,"turns":3},{"damage":2,"enemies":"Shell Parasite","floor":29,"turns":3},{"damage":0,"enemies":"Champ","floor":33,"turns":7},{"damage":0,"enemies":"3 Darklings","floor":35,"turns":1},{"damage":2,"enemies":"3 Shapes","floor":37,"turns":7},{"damage":4,"enemies":"Spire Growth","floor":39,"turns":5},{"damage":16,"enemies":"Nemesis","floor":40,"turns":7},{"damage":0,"enemies":"Maw","floor":41,"turns":7},{"damage":0,"enemies":"Giant Head","floor":42,"turns":6},{"damage":17,"enemies":"2 Orb Walkers","floor":45,"turns":1}],"seed_played":"-6702927733055779292","potions_obtained":[{"floor":10,"key":"BlessingOfTheForge"},{"floor":11,"key":"SteroidPotion"},{"floor":12,"key":"Ancient Potion"},{"floor":13,"key":"SteroidPotion"},{"floor":14,"key":"EssenceOfSteel"},{"floor":23,"key":"SmokeBomb"},{"floor":29,"key":"FearPotion"},{"floor":39,"key":"PowerPotion"},{"floor":41,"key":"FearPotion"}],"is_trial":false,"path_per_floor":["M","$","?","?","$","R","E","M","T","M","M","E","M","M","R","B",null,"M","?","?","?","?","E","$","E","T","R","?","M","?","$","R","B",null,"M","$","M","?","M","E","M","E","T","R","?"],"character_chosen":"WATCHER","items_purchased":["WindmillStrike","Vajra","Finesse","Membership Card","PreservedInsect"],"campfire_rested":0,"item_purchase_floors":[5,24,24,36,36],"current_hp_per_floor":[72,72,54,47,47,47,47,47,47,47,45,35,23,21,21,21,72,65,65,65,65,65,51,51,37,37,37,37,35,35,35,35,35,36,36,36,34,34,30,14,14,14,14,14,0,0],"gold":131,"neow_bonus":"THREE_ENEMY_KILL","is_daily":false,"chose_seed":false,"campfire_upgraded":4,"win_rate":0.0,"timestamp":1607747713,"path_taken":["M","$","?","?","$","R","E","M","T","M","M","E","M","M","R","BOSS","M","?","?","?","?","E","$","E","T","R","?","M","?","$","R","BOSS","M","$","M","?","M","E","M","E","T","R","?"],"items_purchased_type":["Card","Relic","Card","Relic","Relic"],"build_version":"2020-11-30","purchased_purges":3,"victory":false,"max_hp_per_floor":[72,72,72,72,72,72,72,72,72,72,72,72,72,72,72,72,72,72,72,72,72,72,72,72,72,72,72,72,72,36,36,36,36,36,36,36,36,36,36,36,36,36,36,36,36,36],"card_choices":[{"not_picked":["Protect","Nirvana"],"picked":"Crescendo","floor":1},{"not_picked":["Meditate","EmptyMind"],"picked":"BowlingBash","floor":7},{"not_picked":["ClearTheMind","CrushJoints"],"picked":"ConjureBlade","floor":8},{"not_picked":["Sanctity","ClearTheMind"],"picked":"CutThroughFate","floor":10},{"not_picked":["CrushJoints","JustLucky"],"picked":"FollowUp","floor":11},{"not_picked":["SpiritShield","Nirvana","Halt"],"picked":"SKIP","floor":12},{"not_picked":["Evaluate","Halt"],"picked":"CutThroughFate","floor":13},{"not_picked":["JustLucky","CutThroughFate"],"picked":"Alpha","floor":14},{"not_picked":["DeusExMachina","Omniscience"],"picked":"Establishment","floor":16},{"not_picked":["SashWhip","FlyingSleeves"],"picked":"FearNoEvil","floor":18},{"not_picked":["PathToVictory","ClearTheMind"],"picked":"Adaptation+1","floor":23},{"not_picked":["Sanctity+1","CrushJoints"],"picked":"ThirdEye+1","floor":25},{"not_picked":["Brilliance","CutThroughFate+1"],"picked":"SandsOfTime","floor":29},{"not_picked":["DeusExMachina","Establishment"],"picked":"MasterReality","floor":33},{"not_picked":["Prostrate","FlurryOfBlows+1"],"picked":"Pray+1","floor":37},{"not_picked":["ThirdEye+1","ClearTheMind+1"],"picked":"LikeWater","floor":39},{"not_picked":["EmptyFist","FlyingSleeves+1"],"picked":"WheelKick+1","floor":40},{"not_picked":["SandsOfTime+1","Tantrum+1"],"picked":"ReachHeaven+1","floor":41},{"not_picked":["EmptyFist+1","Sanctity+1"],"picked":"Halt+1","floor":42}],"player_experience":721420,"relics_obtained":[{"floor":7,"key":"Nunchaku"},{"floor":9,"key":"Mercury Hourglass"},{"floor":12,"key":"Mummified Hand"},{"floor":23,"key":"Ancient Tea Set"},{"floor":25,"key":"Bottled Lightning"},{"floor":26,"key":"TeardropLocket"},{"floor":40,"key":"MealTicket"},{"floor":42,"key":"StrikeDummy"}],"event_choices":[{"damage_healed":0,"gold_gain":0,"player_choice":"Take Damage","damage_taken":18,"relics_obtained":["Golden Idol"],"max_hp_gain":0,"max_hp_loss":0,"event_name":"Golden Idol","floor":3,"gold_loss":0},{"cards_removed":["Strike_P"],"damage_healed":0,"gold_gain":0,"player_choice":"Card Removal","damage_taken":7,"max_hp_gain":0,"max_hp_loss":0,"event_name":"Golden Wing","floor":4,"gold_loss":0},{"damage_healed":0,"gold_gain":99,"player_choice":"Stole From Cult","damage_taken":0,"max_hp_gain":0,"max_hp_loss":0,"event_name":"Nest","floor":19,"gold_loss":0},{"damage_healed":0,"gold_gain":0,"player_choice":"Read","damage_taken":0,"max_hp_gain":0,"max_hp_loss":0,"event_name":"The Library","floor":20,"gold_loss":0,"cards_obtained":["DeceiveReality"]},{"cards_removed":["Strike_P"],"damage_healed":0,"gold_gain":0,"player_choice":"Gave Gold","damage_taken":0,"max_hp_gain":0,"max_hp_loss":0,"event_name":"Beggar","floor":21,"gold_loss":75},{"cards_removed":["Strike_P"],"damage_healed":0,"gold_gain":0,"player_choice":"Elegance","damage_taken":0,"max_hp_gain":0,"max_hp_loss":0,"event_name":"Back to Basics","floor":22,"gold_loss":0},{"damage_healed":0,"gold_gain":0,"player_choice":"Ignored","damage_taken":0,"max_hp_gain":0,"max_hp_loss":0,"event_name":"Vampires","floor":28,"gold_loss":0},{"damage_healed":0,"gold_gain":0,"player_choice":"Became a Ghost","damage_taken":0,"max_hp_gain":0,"max_hp_loss":36,"event_name":"Ghosts","floor":30,"gold_loss":0,"cards_obtained":["Ghostly","Ghostly","Ghostly","Ghostly","Ghostly"]},{"cards_removed":["FollowUp"],"damage_healed":0,"gold_gain":0,"player_choice":"Removed Attack","damage_taken":0,"max_hp_gain":0,"max_hp_loss":0,"event_name":"Falling","floor":38,"gold_loss":0},{"damage_healed":0,"gold_gain":0,"player_choice":"Fight","damage_taken":0,"max_hp_gain":0,"max_hp_loss":0,"event_name":"Mysterious Sphere","floor":45,"gold_loss":0}],"is_beta":false,"boss_relics":[{"not_picked":["Cursed Key","Runic Pyramid"],"picked":"Coffee Dripper"},{"not_picked":["SlaversCollar","VioletLotus"],"picked":"HolyWater"}],"items_purged_floors":[2,24,31],"is_endless":false,"potions_floor_spawned":[10,11,12,13,14,18,23,29,39,41],"killed_by":"2 Orb Walkers","ascension_level":4}}