{"host":"o7j6aatxjwpw1421","time":1607807093,"event":{"mods":["2.2 Compatiblity","BaseMod","Colored Map","DeckTracker","Highlight Path","Keyboard Shortcuts","Minty Spire (QoL Compilation)","Permanent Neow","Quick Restart","StSLib","SuperFastMode","everything is the same but u backflip on backflip"],"gold_per_floor":[114,289,239,11,11,11,28,28,52,69,96,116,149,200,200,279,279,293,305,17,17,31,31,62,62,89,103,138,148,148,194,194,272,272,290,290,290,310,322,322,334,334,334,359,359,376,376,56,56,56,56,56,0,35,35,35],"floor_reached":55,"playtime":3606,"items_purged":["Doubt","Strike_G","Defend_G"],"score":1263,"play_id":"18a0d626-0b36-443d-806a-8758e9b0bd8d","local_time":"20201213060453","is_ascension_mode":true,"campfire_choices":[{"data":"Neutralize","floor":6.0,"key":"SMITH"},{"data":"Dagger Throw","floor":8.0,"key":"SMITH"},{"data":"Dagger Spray","floor":15.0,"key":"SMITH"},{"floor":23.0,"key":"REST"},{"data":"Footwork","floor":25.0,"key":"SMITH"},{"data":"Burst","floor":30.0,"key":"SMITH"},{"floor":32.0,"key":"REST"},{"data":"Adrenaline","floor":40.0,"key":"SMITH"},{"data":"Cloak And Dagger","floor":42.0,"key":"SMITH"},{"floor":49.0,"key":"RECALL"},{"data":"Cloak And Dagger","floor":52.0,"key":"SMITH"}],"circlet_count":0,"master_deck":["AscendersBane","Strike_G+1","Defend_G+1","Defend_G","Defend_G+1","Survivor","Neutralize+1","Dagger Throw+1","Quick Slash+1","Reflex","Footwork+1","Dagger Spray+1","Envenom","Prepared","Tactician","Slice+1","Crippling Poison+1","Escape Plan","Backflip","Burst+1","Adrenaline+1","Cloak And Dagger+1","Cloak And Dagger+1","Tools of the Trade","Dodge and Roll","Reflex","Caltrops"],"relics":["Ring of the Snake","TwistedFunnel","Kunai","Tiny Chest","The Courier","Gremlin Horn","Oddly Smooth Stone","WristBlade","HornCleat","Ninja Scroll","War Paint","Mercury Hourglass","Sozu","Ornamental Fan","White Beast Statue","Strawberry","Meat on the Bone","Medical Kit","Whetstone"],"acts_visited":["Exordium","TheCity","TheBeyond","TheEnding"],"potions_floor_usage":[55],"damage_taken":[{"damage":2.0,"enemies":"Small Slimes","floor":1.0,"turns":4.0},{"damage":0.0,"enemies":"Cultist","floor":7.0,"turns":4.0},{"damage":0.0,"enemies":"2 Louse","floor":10.0,"turns":3.0},{"damage":13.0,"enemies":"Gremlin Nob","floor":11.0,"turns":4.0},{"damage":2.0,"enemies":"Exordium Wildlife","floor":12.0,"turns":5.0},{"damage":6.0,"enemies":"3 Sentries","floor":13.0,"turns":12.0},{"damage":10.0,"enemies":"The Guardian","floor":16.0,"turns":13.0},{"damage":23.0,"enemies":"2 Thieves","floor":18.0,"turns":4.0},{"damage":16.0,"enemies":"Chosen","floor":19.0,"turns":6.0},{"damage":0.0,"enemies":"Centurion and Healer","floor":22.0,"turns":5.0},{"damage":0.0,"enemies":"Gremlin Leader","floor":24.0,"turns":8.0},{"damage":0.0,"enemies":"Snake Plant","floor":27.0,"turns":4.0},{"damage":16.0,"enemies":"Slavers","floor":28.0,"turns":5.0},{"damage":0.0,"enemies":"Shelled Parasite and Fungi","floor":29.0,"turns":4.0},{"damage":19.0,"enemies":"Collector","floor":33.0,"turns":11.0},{"damage":0.0,"enemies":"3 Darklings","floor":35.0,"turns":4.0},{"damage":0.0,"enemies":"3 Shapes","floor":38.0,"turns":2.0},{"damage":0.0,"enemies":"Sphere and 2 Shapes","floor":39.0,"turns":4.0},{"damage":5.0,"enemies":"Spire Growth","floor":41.0,"turns":6.0},{"damage":0.0,"enemies":"Giant Head","floor":44.0,"turns":7.0},{"damage":0.0,"enemies":"4 Shapes","floor":46.0,"turns":3.0},{"damage":11.0,"enemies":"Donu and Deca","floor":50.0,"turns":13.0},{"damage":23.0,"enemies":"Shield and Spear","floor":54.0,"turns":9.0},{"damage":39,"enemies":"The Heart","floor":55,"turns":3}],"seed_played":"-1064057407551746094","potions_obtained":[{"floor":7.0,"key":"ColorlessPotion"},{"floor":11.0,"key":"FearPotion"},{"floor":13.0,"key":"Dexterity Potion"},{"floor":18.0,"key":"BlessingOfTheForge"},{"floor":22.0,"key":"Regen Potion"},{"floor":27.0,"key":"DistilledChaos"},{"floor":29.0,"key":"CunningPotion"},{"floor":33.0,"key":"Block Potion"}],"is_trial":false,"path_per_floor":["M","?","?","$","?","R","M","R","T","M","E","M","E","T","R","B",null,"M","M","$","?","M","R","E","R","T","M","E","M","R","T","R","B",null,"M","?","T","M","M","R","M","R","T","E","T","M","?","$","R","B",null,"R","$","E","B"],"character_chosen":"THE_SILENT","items_purchased":["TwistedFunnel","HornCleat","Medical Kit","Dodge and Roll","Reflex","Caltrops"],"campfire_rested":2,"item_purchase_floors":[4,20,48,48,48,53],"current_hp_per_floor":[57,57,57,57,57,57,57,57,57,57,44,42,36,36,36,26,52,29,13,13,13,13,31,46,46,46,46,30,30,30,30,48,29,52,52,52,52,52,52,52,47,47,47,54,54,54,54,54,54,43,61,61,61,38,0,0],"gold":35,"neow_bonus":"REMOVE_TWO","is_daily":false,"chose_seed":false,"campfire_upgraded":8,"win_rate":0.0,"timestamp":1607807093,"path_taken":["M","?","?","$","?","R","M","R","T","?","E","M","E","?","R","BOSS","M","M","$","?","M","R","E","R","T","M","E","M","R","?","R","BOSS","M","?","?","?","M","R","M","R","T","E","?","M","?","$","R","BOSS","R","$","E","BOSS"],"items_purchased_type":["Relic","Relic","Relic","Card","Card","Card"],"build_version":"2020-11-30","purchased_purges":3,"victory":false,"max_hp_per_floor":[60,60,60,60,60,60,60,60,60,60,60,60,60,60,60,60,60,60,60,60,60,60,60,60,60,60,60,60,60,60,60,60,60,60,60,60,60,60,60,60,60,60,60,67,67,67,67,67,67,67,67,67,67,67,67,67],"card_choices":[{"not_picked":["Acrobatics","Escape Plan"],"picked":"Quick Slash","floor":1.0},{"not_picked":["Eviscerate","Catalyst"],"picked":"Dagger Throw","floor":7.0},{"not_picked":["Expertise","Dodge and Roll"],"picked":"Quick Slash","floor":10.0},{"not_picked":["PiercingWail","Doppelganger"],"picked":"Reflex","floor":11.0},{"not_picked":["Skewer","Deflect"],"picked":"Footwork","floor":12.0},{"not_picked":["Sucker Punch","Outmaneuver"],"picked":"Dagger Spray","floor":13.0},{"not_picked":["Night Terror","Bullet Time"],"picked":"Envenom","floor":16.0},{"not_picked":["Quick Slash","Leg Sweep"],"picked":"Prepared","floor":18.0},{"not_picked":["Expertise","Dagger Spray"],"picked":"Tactician","floor":19.0},{"not_picked":["Dodge and Roll","Setup"],"picked":"Slice+1","floor":22.0},{"not_picked":["Caltrops","Dagger Throw+1"],"picked":"Crippling Poison+1","floor":24.0},{"not_picked":["Dagger Spray","Expertise"],"picked":"Escape Plan","floor":27.0},{"not_picked":["Expertise+1","Flying Knee"],"picked":"Backflip","floor":28.0},{"not_picked":["Flechettes","Poisoned Stab"],"picked":"Burst","floor":29.0},{"not_picked":["Venomology","Envenom"],"picked":"Adrenaline","floor":33.0},{"not_picked":["Catalyst","Concentrate","Quick Slash"],"picked":"SKIP","floor":35.0},{"not_picked":["PiercingWail","Outmaneuver","Slice+1"],"picked":"SKIP","floor":38.0},{"not_picked":["Bouncing Flask","Finisher","Dash"],"picked":"SKIP","floor":39.0},{"not_picked":["Distraction","Eviscerate"],"picked":"Cloak And Dagger","floor":41.0},{"not_picked":["Crippling Poison","Quick Slash+1"],"picked":"Cloak And Dagger","floor":44.0},{"not_picked":["Noxious Fumes","Cloak And Dagger+1"],"picked":"Tools of the Trade","floor":46.0},{"not_picked":["Eviscerate","Flechettes","Dash+1"],"picked":"SKIP","floor":54.0}],"player_experience":224892,"relics_obtained":[{"floor":9.0,"key":"Tiny Chest"},{"floor":11.0,"key":"The Courier"},{"floor":13.0,"key":"Gremlin Horn"},{"floor":14.0,"key":"Oddly Smooth Stone"},{"floor":24.0,"key":"Ninja Scroll"},{"floor":26.0,"key":"War Paint"},{"floor":28.0,"key":"Mercury Hourglass"},{"floor":37.0,"key":"Ornamental Fan"},{"floor":43.0,"key":"White Beast Statue"},{"floor":44.0,"key":"Strawberry"},{"floor":45.0,"key":"Meat on the Bone"},{"floor":54.0,"key":"Whetstone"}],"event_choices":[{"damage_healed":0.0,"max_hp_gain":0.0,"max_hp_loss":0.0,"gold_gain":175.0,"event_name":"Liars Game","player_choice":"AGREE","floor":2.0,"gold_loss":0.0,"damage_taken":0.0,"cards_obtained":["Doubt"]},{"cards_removed":["Strike_G"],"damage_healed":0.0,"max_hp_gain":0.0,"max_hp_loss":0.0,"gold_gain":0.0,"event_name":"The Cleric","player_choice":"Card Removal","floor":3.0,"gold_loss":50.0,"damage_taken":0.0},{"cards_removed":["Quick Slash"],"damage_healed":0.0,"max_hp_gain":0.0,"max_hp_loss":0.0,"gold_gain":0.0,"event_name":"WeMeetAgain","player_choice":"Gave Card","floor":5.0,"gold_loss":0.0,"damage_taken":0.0,"relics_obtained":["Kunai"]},{"damage_healed":0.0,"max_hp_gain":0.0,"max_hp_loss":0.0,"gold_gain":0.0,"event_name":"Vampires","player_choice":"Ignored","floor":21.0,"gold_loss":0.0,"damage_taken":0.0},{"damage_healed":0.0,"max_hp_gain":0.0,"max_hp_loss":0.0,"gold_gain":0.0,"event_name":"Tomb of Lord Red Mask","player_choice":"Ignored","floor":36.0,"gold_loss":0.0,"damage_taken":0.0},{"cards_removed":["Strike_G"],"damage_healed":0.0,"max_hp_gain":0.0,"max_hp_loss":0.0,"gold_gain":0.0,"event_name":"Falling","player_choice":"Removed Attack","floor":47.0,"gold_loss":0.0,"damage_taken":0.0}],"is_beta":false,"boss_relics":[{"not_picked":["Fusion Hammer","SacredBark"],"picked":"WristBlade"},{"not_picked":["Runic Pyramid","Velvet Choker"],"picked":"Sozu"}],"items_purged_floors":[4,20,48],"is_endless":false,"potions_floor_spawned":[7,11,13,18,22,27,29,33,38,44,46,54],"killed_by":"The Heart","ascension_level":14}}