{"host":"poop","time":1607741695,"event":{"mods":["BaseMod","Minty Spire (QoL Compilation)","Permanent Neow","Shop Mod","StSLib"],"gold_per_floor":[114,114,114,114,114,114,135,37,61,7,7,27,27,41,41,165,165,190,204,204,204],"floor_reached":20,"playtime":669,"items_purged":["Strike_G"],"score":162,"play_id":"aee582c3-d7cc-4230-8a07-d588654e9d31","local_time":"20201211205455","is_ascension_mode":false,"campfire_choices":[{"data":"Mayhem","floor":6,"key":"SMITH"},{"data":"Neutralize","floor":11,"key":"SMITH"},{"data":"Poisoned Stab","floor":13,"key":"SMITH"},{"data":"Bane","floor":15,"key":"SMITH"}],"circlet_count":0,"master_deck":["Strike_G","Strike_G","Strike_G","Strike_G+1","Defend_G","Defend_G","Defend_G","Defend_G+1","Defend_G","Survivor","Neutralize+1","Mayhem+1","Poisoned Stab+1","Bane+1","Corpse Explosion","CurseOfTheBell","Flying Knee+1","Deadly Poison+1"],"relics":["Ring of the Snake","Golden Idol","Question Card","Centennial Puzzle","Calling Bell","Smiling Mask","Molten Egg 2","Peace Pipe"],"acts_visited":["Exordium","TheCity"],"potions_floor_usage":[],"damage_taken":[{"damage":0,"enemies":"Cultist","floor":1,"turns":4},{"damage":0,"enemies":"Small Slimes","floor":7,"turns":4},{"damage":1,"enemies":"Jaw Worm","floor":12,"turns":3},{"damage":2,"enemies":"Looter","floor":14,"turns":3},{"damage":21,"enemies":"Slime Boss","floor":16,"turns":8},{"damage":0,"enemies":"Chosen","floor":18,"turns":4},{"damage":20,"enemies":"Spheric Guardian","floor":19,"turns":6},{"damage":49,"enemies":"Shelled Parasite and Fungi","floor":20,"turns":4}],"seed_played":"-5769905767862207868","potions_obtained":[{"floor":12,"key":"LiquidBronze"},{"floor":19,"key":"SkillPotion"}],"is_trial":false,"path_per_floor":["M","?","?","?","T","R","M","$","T","$","R","M","R","M","R","B",null,"M","M","M"],"character_chosen":"THE_SILENT","items_purchased":["Poisoned Stab","Bane"],"campfire_rested":0,"item_purchase_floors":[8,10],"current_hp_per_floor":[63,50,50,55,55,55,55,55,55,55,55,54,54,52,52,31,63,63,43,0,0],"gold":204,"neow_bonus":"RANDOM_COLORLESS_2","is_daily":false,"chose_seed":false,"campfire_upgraded":4,"win_rate":0.0,"timestamp":1607741695,"path_taken":["M","?","?","?","?","R","M","?","T","?","R","M","R","M","R","BOSS","M","M","M"],"items_purchased_type":["Card","Card"],"build_version":"2020-12-07","purchased_purges":1,"victory":false,"max_hp_per_floor":[63,63,58,63,63,63,63,63,63,63,63,63,63,63,63,63,63,63,63,63,63],"card_choices":[{"not_picked":["Secret Technique","Magnetism"],"picked":"Mayhem","floor":0},{"not_picked":["Dagger Spray","Quick Slash","Predator"],"picked":"SKIP","floor":1},{"not_picked":["Predator","Masterful Stab","Outmaneuver","Terror"],"picked":"SKIP","floor":7},{"not_picked":["Acrobatics","PiercingWail","Leg Sweep","Underhanded Strike"],"picked":"SKIP","floor":12},{"not_picked":["Blade Dance","Prepared","Acrobatics","Dodge and Roll"],"picked":"SKIP","floor":14},{"not_picked":["Venomology","Bullet Time","After Image"],"picked":"Corpse Explosion","floor":16},{"not_picked":["Bouncing Flask","Dagger Spray+1","Deadly Poison"],"picked":"Flying Knee+1","floor":18},{"not_picked":["Distraction+1","Quick Slash+1","Expertise"],"picked":"Deadly Poison+1","floor":19}],"player_experience":513784,"relics_obtained":[{"floor":5,"key":"Question Card"},{"floor":9,"key":"Centennial Puzzle"},{"floor":17,"key":"Smiling Mask"},{"floor":17,"key":"Molten Egg 2"},{"floor":17,"key":"Peace Pipe"}],"event_choices":[{"damage_healed":0,"gold_gain":0,"player_choice":"Entered Light","damage_taken":13,"max_hp_gain":0,"max_hp_loss":0,"event_name":"Shining Light","floor":2,"gold_loss":0,"cards_upgraded":["Defend_G","Strike_G"]},{"damage_healed":0,"gold_gain":0,"player_choice":"Lose Max HP","damage_taken":0,"relics_obtained":["Golden Idol"],"max_hp_gain":0,"max_hp_loss":5,"event_name":"Golden Idol","floor":3,"gold_loss":0},{"damage_healed":0,"gold_gain":0,"player_choice":"Donut","damage_taken":0,"max_hp_gain":5,"max_hp_loss":0,"event_name":"Big Fish","floor":4,"gold_loss":0}],"is_beta":true,"boss_relics":[{"not_picked":["SlaversCollar","Ectoplasm"],"picked":"Calling Bell"}],"items_purged_floors":[8],"is_endless":false,"potions_floor_spawned":[12,19],"killed_by":"Shelled Parasite and Fungi","ascension_level":0}}