{"host":"ebguxldc2ucorva7","time":1607809768,"event":{"mods":["AchievementEnabler","BaseMod","Best Route Mod","Bestiary","Better Note","Better Third Choice","Better-Laid Plans","Colored Map","Colored Powertips","Disable Question Mark Monsters","Energized Spire","Minty Spire (QoL Compilation)","Permanent Neow","Quick Restart","Rare Cards Sparkle","Relic Stats","Replay The Spire","Shop Mod","StSLib","Synergy Search"],"gold_per_floor":[113,32,76,76,86,86,118,118,187,187,207,74,74,94,94,197,197,214,228,248,248,298,310,356,368,380,404,416,49,49,44,44,149,149,169,184,204,258,308,308,327,327,399,101,101,101,121,1,1,1],"floor_reached":51,"playtime":1968,"items_purged":["Strike_B","Sickly","Normality","Voices"],"score":796,"play_id":"6788cf03-1fad-4c8e-8430-9427723a660b","local_time":"20201212144928","is_ascension_mode":true,"campfire_choices":[{"data":"Storm","floor":6,"key":"SMITH"},{"floor":8,"key":"REST"},{"data":"ReplayTheSpireMod:GoodbyeWorld","floor":15,"key":"SMITH"},{"data":"Hello World","floor":23,"key":"SMITH"},{"data":"White Noise","floor":30,"key":"SMITH"},{"data":"Heatsinks","floor":32,"key":"SMITH"},{"floor":40,"key":"DIG"},{"data":"Hello World","floor":45,"key":"SMITH"},{"data":"ReplayTheSpireMod:GoodbyeWorld","floor":49,"key":"SMITH"}],"circlet_count":0,"master_deck":["Defend_B","Defend_B","Defend_B","Zap","Dualcast","Heatsinks+1","Storm+1","Self Repair","Panic Button","White Noise+1","ReplayTheSpireMod:GoodbyeWorld+1","Loop","Loop","Conserve Battery","Biased Cognition","Hello World+1","FTL+1","Turbo","Streamline","Panic Button","Double Energy","Storm+1","Loop","Decay","Buffer+1","Defragment+1","Defragment","Panic Button+1","Turbo+1","Conserve Battery","Crow Ritual+1","Hello World+1","BasicCrystalCard+1","ReplayTheSpireMod:GoodbyeWorld+1"],"relics":["Cracked Core","Geode","Meat on the Bone","Regal Pillow","Solar Panel","Ring of Greed","Membership Card","ReplayTheSpireMod:Ring of Addiction","Chameleon Ring","Potion Belt","HornCleat","Mummified Hand","Pen Nib","MerchantsRug","Garlic","Pear","Empty Cage","Replay:Multitool","Ginger","Shuriken","Bottled Tornado","Chemical X","Guide Book"],"acts_visited":["Exordium","TheCity","TheBeyond"],"potions_floor_usage":[7,7,7,13,19,20,24,35,37,41,50,50],"damage_taken":[{"damage":0,"enemies":"Cultist","floor":1,"turns":3},{"damage":10,"enemies":"Small Slimes","floor":5,"turns":3},{"damage":45,"enemies":"3 Sentries","floor":7,"turns":11},{"damage":9,"enemies":"Jaw Worm","floor":11,"turns":2},{"damage":0,"enemies":"3 Louse","floor":13,"turns":1},{"damage":12,"enemies":"2 Fungi Beasts","floor":14,"turns":2},{"damage":38,"enemies":"The Guardian","floor":16,"turns":9},{"damage":10,"enemies":"Chosen","floor":18,"turns":3},{"damage":38,"enemies":"2 Thieves","floor":19,"turns":3},{"damage":16,"enemies":"Cultist and Chosen","floor":20,"turns":4},{"damage":32,"enemies":"Gremlin Leader","floor":24,"turns":5},{"damage":11,"enemies":"Shelled Parasite and Fungi","floor":27,"turns":4},{"damage":0,"enemies":"Collector","floor":33,"turns":6},{"damage":3,"enemies":"3 Shapes","floor":35,"turns":2},{"damage":7,"enemies":"Orb Walker","floor":36,"turns":2},{"damage":0,"enemies":"Sphere and 2 Shapes","floor":37,"turns":3},{"damage":14,"enemies":"2 Orb Walkers","floor":38,"turns":3},{"damage":0,"enemies":"Mind Bloom Boss Battle","floor":39,"turns":3},{"damage":0,"enemies":"3 Darklings","floor":41,"turns":4},{"damage":0,"enemies":"Transient","floor":47,"turns":5},{"damage":45,"enemies":"Time Eater","floor":50,"turns":7}],"seed_played":"-255472231543018111","potions_obtained":[{"floor":1,"key":"EntropicBrew"},{"floor":11,"key":"Elixir"},{"floor":14,"key":"Adrenaline Potion"},{"floor":16,"key":"LiquidBronze"},{"floor":22,"key":"Doom Potion"},{"floor":22,"key":"Explosive Potion"},{"floor":22,"key":"DistilledChaos"},{"floor":24,"key":"CultistPotion"},{"floor":33,"key":"Explosive Potion"},{"floor":36,"key":"EssenceOfSteel"},{"floor":38,"key":"Energy Potion"}],"is_trial":false,"path_per_floor":["M","$","?","?","M","R","E","R","T","?","M","$","M","M","R","B",null,"M","M","M","?","?","R","E","?","T","M","?","$","R","$","R","B",null,"M","M","M","?","?","R","M","?","T","$","R","?","M","$","R","B",null],"character_chosen":"DEFECT","items_purchased":["Storm","Loop","MerchantsRug","Garlic","Pear","DollysMirror","Loop","Bottled Tornado","Chemical X","Hello World","Guide Book","ReplayTheSpireMod:GoodbyeWorld"],"campfire_rested":1,"item_purchase_floors":[2,12,29,29,29,31,31,44,44,44,48,48],"current_hp_per_floor":[75,75,57,54,51,51,13,35,35,35,44,44,48,57,57,44,75,75,64,67,67,67,67,60,60,60,56,73,83,83,81,81,81,79,79,79,79,76,79,79,77,77,77,77,75,75,75,73,73,48],"gold":1,"neow_bonus":"ONE_RANDOM_RARE_CARD","is_daily":false,"chose_seed":false,"campfire_upgraded":7,"win_rate":0.0,"timestamp":1607809768,"path_taken":["M","?","?","?","M","R","E","R","T","?","M","$","?","M","R","BOSS","M","M","M","?","?","R","E","?","T","M","?","$","R","?","R","BOSS","M","M","M","?","?","R","M","?","T","?","R","?","?","$","R","BOSS"],"items_purchased_type":["Card","Card","Relic","Relic","Relic","Relic","Card","Relic","Relic","Card","Relic","Card"],"build_version":"2020-11-30","purchased_purges":4,"victory":true,"max_hp_per_floor":[75,75,75,75,75,75,75,75,75,75,75,75,75,75,75,75,75,75,75,75,75,75,75,75,75,75,75,73,83,83,81,81,81,79,79,79,79,79,79,79,77,77,77,77,75,75,75,73,73,73],"relic_stats":{"Regal Pillow":0,"counters":[21,83],"Mummified Hand":[100],"Shuriken":[0],"Pen Nib":[2],"Ginger":[1],"Chemical X":[1],"obtain_stats":[{"Solar Panel":9,"Regal Pillow":9,"Replay:Multitool":38,"Ginger":39,"Bottled Tornado":44,"Empty Cage":34,"Matryoshka":3,"Chameleon Ring":22,"HornCleat":24,"Mummified Hand":26,"DollysMirror":31,"Chemical X":44,"Cracked Core":0,"Potion Belt":22,"MerchantsRug":29,"Pear":29,"ReplayTheSpireMod:Ring of Addiction":22,"Guide Book":48,"Pen Nib":26,"Geode":4,"Ring of Greed":22,"MawBank":22,"Ornamental Fan":40,"Shuriken":43,"Garlic":29,"Membership Card":22,"Meat on the Bone":7},{"Solar Panel":3,"Regal Pillow":3,"Replay:Multitool":17,"Ginger":18,"Bottled Tornado":19,"Empty Cage":13,"Matryoshka":1,"Chameleon Ring":10,"HornCleat":11,"Mummified Hand":11,"DollysMirror":12,"Chemical X":19,"Cracked Core":0,"Potion Belt":10,"MerchantsRug":12,"Pear":12,"ReplayTheSpireMod:Ring of Addiction":10,"Guide Book":20,"Pen Nib":11,"Geode":1,"Ring of Greed":10,"MawBank":10,"Ornamental Fan":18,"Shuriken":19,"Garlic":12,"Membership Card":10,"Meat on the Bone":3},{"Solar Panel":17,"Regal Pillow":17,"Replay:Multitool":65,"Ginger":68,"Bottled Tornado":72,"Empty Cage":55,"Matryoshka":3,"Chameleon Ring":40,"HornCleat":45,"Mummified Hand":45,"DollysMirror":49,"Chemical X":72,"Cracked Core":0,"Potion Belt":40,"MerchantsRug":49,"Pear":49,"ReplayTheSpireMod:Ring of Addiction":40,"Guide Book":77,"Pen Nib":45,"Geode":3,"Ring of Greed":40,"MawBank":40,"Ornamental Fan":68,"Shuriken":72,"Garlic":49,"Membership Card":40,"Meat on the Bone":17}],"Meat on the Bone":72},"card_choices":[{"not_picked":["FIFO Queue","Force Field"],"picked":"Heatsinks","floor":1},{"not_picked":["Tempest","Barrage"],"picked":"Self Repair","floor":3},{"not_picked":["Streamline","Ball Lightning"],"picked":"Panic Button","floor":3},{"not_picked":["Sweeping Beam","Steam Power"],"picked":"Chaos","floor":5},{"not_picked":["Ball Lightning","Force Field"],"picked":"White Noise","floor":7},{"not_picked":["Recycle","Stack"],"picked":"ReplayTheSpireMod:GoodbyeWorld","floor":11},{"not_picked":["ReplaySolidLightProjector","Streamline"],"picked":"Conserve Battery","floor":14},{"not_picked":["Machine Learning","Thunder Strike"],"picked":"Biased Cognition","floor":16},{"not_picked":["Reinforced Body","Panic Button"],"picked":"Hello World","floor":18},{"not_picked":["Go for the Eyes","ReplayTheSpireMod:Reroute Power"],"picked":"FTL+1","floor":19},{"not_picked":["Coolheaded+1","Steam+1"],"picked":"Turbo","floor":20},{"not_picked":["Sweeping Beam","ReplayTheSpireMod:System Scan","Blizzard"],"picked":"SKIP","floor":24},{"not_picked":["ReplaySolidLightProjector","Gash+1"],"picked":"Double Energy","floor":27},{"not_picked":["Core Surge","ReplayTheSpireMod:Fabricate Wheel"],"picked":"Buffer","floor":33},{"not_picked":["Reprogram+1","Cold Snap"],"picked":"Defragment+1","floor":35},{"not_picked":["Go for the Eyes","Time Bomb+1"],"picked":"Defragment","floor":36},{"not_picked":["Compile Driver","Scrape"],"picked":"Panic Button+1","floor":37},{"not_picked":["Aggregate","Ball Lightning+1"],"picked":"Turbo+1","floor":38},{"not_picked":["ReplayTheSpireMod:Calculation Training+1","Leap"],"picked":"Conserve Battery","floor":41},{"not_picked":["ReplayTheSpireMod:Trickstab","Violence"],"picked":"Crow Ritual","floor":42},{"not_picked":["Cold Snap","Doom and Gloom"],"picked":"BasicCrystalCard+1","floor":47}],"player_experience":100284,"relics_obtained":[{"floor":3,"key":"Matryoshka"},{"floor":7,"key":"Meat on the Bone"},{"floor":9,"key":"Regal Pillow"},{"floor":9,"key":"Solar Panel"},{"floor":22,"key":"Ring of Greed"},{"floor":22,"key":"Membership Card"},{"floor":22,"key":"ReplayTheSpireMod:Ring of Addiction"},{"floor":22,"key":"Chameleon Ring"},{"floor":22,"key":"Potion Belt"},{"floor":22,"key":"MawBank"},{"floor":24,"key":"HornCleat"},{"floor":26,"key":"Mummified Hand"},{"floor":26,"key":"Pen Nib"},{"floor":38,"key":"Replay:Multitool"},{"floor":39,"key":"Ginger"},{"floor":40,"key":"Ornamental Fan"},{"floor":43,"key":"Shuriken"}],"event_choices":[{"damage_healed":0,"gold_gain":0,"player_choice":"Relic ","damage_taken":3,"max_hp_gain":0,"max_hp_loss":0,"event_name":"betterThird:BetterScrap","floor":4,"gold_loss":0,"cards_obtained":["Carnage"]},{"cards_removed":["Strike_B"],"damage_healed":0,"gold_gain":0,"player_choice":"Purged","damage_taken":0,"max_hp_gain":0,"max_hp_loss":0,"event_name":"Purifier","floor":10,"gold_loss":0},{"damage_healed":0,"gold_gain":0,"player_choice":"Ignored","damage_taken":0,"max_hp_gain":0,"max_hp_loss":0,"event_name":"Beggar","floor":21,"gold_loss":0},{"damage_healed":0,"gold_gain":0,"cards_transformed":["Strike_B","Strike_B"],"player_choice":"Became Test Subject","damage_taken":0,"max_hp_gain":0,"max_hp_loss":0,"event_name":"Drug Dealer","floor":25,"gold_loss":0,"cards_obtained":["Streamline","Panic Button"]},{"damage_healed":24,"gold_gain":0,"player_choice":"Heal","damage_taken":0,"max_hp_gain":0,"max_hp_loss":0,"event_name":"The Library","floor":28,"gold_loss":0},{"damage_healed":0,"gold_gain":0,"player_choice":"Fight","damage_taken":0,"max_hp_gain":0,"max_hp_loss":0,"event_name":"Mysterious Sphere","floor":38,"gold_loss":0},{"damage_healed":0,"gold_gain":0,"player_choice":"Fight","damage_taken":0,"max_hp_gain":0,"max_hp_loss":0,"event_name":"MindBloom","floor":39,"gold_loss":0},{"damage_healed":0,"gold_gain":0,"player_choice":"Memory 1","damage_taken":0,"max_hp_gain":0,"max_hp_loss":0,"event_name":"SensoryStone","floor":42,"gold_loss":0},{"cards_removed":["Defend_B"],"damage_healed":0,"gold_gain":0,"player_choice":"Removed Skill","damage_taken":0,"max_hp_gain":0,"max_hp_loss":0,"event_name":"Falling","floor":46,"gold_loss":0}],"is_beta":false,"boss_relics":[{"not_picked":["energizedSpire:DeadBattery","Velvet Choker","energizedSpire:NeverEndingSparkler"]},{"not_picked":["energizedSpire:RedRose","Replay:Ancient Bell"],"picked":"Empty Cage"}],"items_purged_floors":[12,29,44,48],"is_endless":false,"potions_floor_spawned":[1,11,13,14,16,24,33,36,38,39],"ascension_level":1}}