{"host":"1hv1kueuvc4r3rdp","time":1607815492,"event":{"mods":["AchievementEnabler","BaseMod","DeckTracker","Highlight Path","Minty Spire (QoL Compilation)","Permanent Neow","StSLib"],"gold_per_floor":[112,44,56,72,86,86,86,86,165,178,212,223,249,269,269,366,366,389,419,449,461,461],"floor_reached":21,"playtime":1172,"items_purged":[],"score":306,"play_id":"f140f732-7817-4e46-ba25-86c22c11fe3c","local_time":"20201212172452","is_ascension_mode":true,"campfire_choices":[{"data":"Doom and Gloom","floor":6,"key":"SMITH"},{"data":"Dualcast","floor":8,"key":"SMITH"},{"floor":15,"key":"REST"}],"circlet_count":0,"master_deck":["Strike_B","Strike_B","Strike_B","Strike_B","Defend_B","Defend_B","Defend_B","Zap","Dualcast+1","Sunder","Ball Lightning","Doom and Gloom+1","Chill","Undo","Reinforced Body+1","Melter","Fission+1","CurseOfTheBell","Loop+1"],"relics":["Cracked Core","CultistMask","Frozen Egg 2","DataDisk","Toxic Egg 2","Calling Bell","MawBank","InkBottle","Turnip"],"acts_visited":["Exordium","TheCity"],"potions_floor_usage":[18],"damage_taken":[{"damage":10,"enemies":"2 Louse","floor":1,"turns":2},{"damage":0,"enemies":"Cultist","floor":3,"turns":2},{"damage":9,"enemies":"Jaw Worm","floor":4,"turns":3},{"damage":10,"enemies":"Exordium Wildlife","floor":5,"turns":3},{"damage":0,"enemies":"Large Slime","floor":10,"turns":3},{"damage":16,"enemies":"3 Sentries","floor":11,"turns":4},{"damage":0,"enemies":"3 Louse","floor":12,"turns":3},{"damage":5,"enemies":"Gremlin Nob","floor":13,"turns":3},{"damage":0,"enemies":"Exordium Wildlife","floor":14,"turns":2},{"damage":0,"enemies":"Slime Boss","floor":16,"turns":7},{"damage":16,"enemies":"Shell Parasite","floor":18,"turns":5},{"damage":4,"enemies":"Chosen","floor":19,"turns":3},{"damage":28,"enemies":"Centurion and Healer","floor":20,"turns":7},{"damage":23,"enemies":"Shelled Parasite and Fungi","floor":21,"turns":2}],"seed_played":"597566026253243635","potions_obtained":[{"floor":4,"key":"AttackPotion"},{"floor":5,"key":"Strength Potion"},{"floor":11,"key":"Strength Potion"},{"floor":19,"key":"SteroidPotion"}],"is_trial":false,"path_per_floor":["M","$","M","M","M","R","?","R","T","M","E","M","E","M","R","B",null,"M","M","M","M"],"character_chosen":"DEFECT","items_purchased":["Doom and Gloom"],"campfire_rested":1,"item_purchase_floors":[2],"current_hp_per_floor":[65,65,65,56,46,46,46,46,46,46,30,30,25,25,47,47,68,52,48,20,0,0],"gold":461,"neow_bonus":"TRANSFORM_CARD","is_daily":false,"chose_seed":false,"campfire_upgraded":2,"win_rate":0.0,"timestamp":1607815492,"path_taken":["M","$","M","M","M","R","?","R","T","M","E","M","E","M","R","BOSS","M","M","M","M"],"items_purchased_type":["Card"],"build_version":"2020-11-30","purchased_purges":0,"victory":false,"max_hp_per_floor":[75,75,75,75,75,75,75,75,75,75,75,75,75,75,75,75,75,75,75,75,75,75],"card_choices":[{"not_picked":["Coolheaded","Hologram"],"picked":"Ball Lightning","floor":1},{"not_picked":["Heatsinks","Compile Driver","Redo"],"picked":"SKIP","floor":3},{"not_picked":["Gash","Consume","Stack"],"picked":"SKIP","floor":4},{"not_picked":["White Noise","Force Field"],"picked":"Chill","floor":5},{"not_picked":["Storm+1","Leap","Self Repair+1"],"picked":"SKIP","floor":10},{"not_picked":["Gash","Turbo","Go for the Eyes"],"picked":"SKIP","floor":11},{"not_picked":["Leap","Lockon"],"picked":"Undo","floor":12},{"not_picked":["Recycle+1","Skim+1"],"picked":"Reinforced Body+1","floor":13},{"not_picked":["Go for the Eyes","Hologram+1"],"picked":"Melter","floor":14},{"not_picked":["Thunder Strike","Echo Form+1"],"picked":"Fission+1","floor":16},{"not_picked":["Stack+1","Ball Lightning"],"picked":"Loop+1","floor":18},{"not_picked":["Sweeping Beam","Hologram+1","Ball Lightning"],"picked":"SKIP","floor":19},{"not_picked":["Meteor Strike","Barrage+1","Cold Snap"],"picked":"SKIP","floor":20}],"player_experience":980625,"relics_obtained":[{"floor":9,"key":"Frozen Egg 2"},{"floor":11,"key":"DataDisk"},{"floor":13,"key":"Toxic Egg 2"},{"floor":17,"key":"MawBank"},{"floor":17,"key":"InkBottle"},{"floor":17,"key":"Turnip"}],"event_choices":[{"damage_healed":0,"gold_gain":0,"player_choice":"Trade","damage_taken":0,"relics_obtained":["CultistMask"],"max_hp_gain":0,"max_hp_loss":0,"event_name":"FaceTrader","floor":7,"gold_loss":0}],"is_beta":false,"boss_relics":[{"not_picked":["Inserter","Velvet Choker"],"picked":"Calling Bell"}],"items_purged_floors":[],"is_endless":false,"potions_floor_spawned":[4,5,11,13,19],"killed_by":"Shelled Parasite and Fungi","ascension_level":5}}