{"host":"og6lam4kt3nibbw0","time":1607734020,"event":{"mods":["AchievementEnabler","BaseMod","Colored Map","DeckTracker","Highlight Path","Keyboard Shortcuts","Minty Spire (QoL Compilation)","Permanent Neow","Quick Restart","StSLib","SuperFastMode"],"gold_per_floor":[111,91,101,118,193,193,223,241,241,241,241],"floor_reached":10,"playtime":175,"items_purged":[],"score":136,"play_id":"0407f9b7-255e-4432-853d-70d4edeaffde","local_time":"20201212094700","is_ascension_mode":true,"campfire_choices":[{"data":"Deadly Poison","floor":6.0,"key":"SMITH"}],"circlet_count":0,"master_deck":["AscendersBane","Strike_G","Strike_G","Strike_G","Strike_G","Strike_G","Defend_G+1","Defend_G","Defend_G","Defend_G","Defend_G+1","Survivor","Neutralize","Deadly Poison+1","Poisoned Stab","Outmaneuver","Caltrops"],"relics":["Ring of the Snake","NeowsBlessing","Vajra","War Paint"],"acts_visited":["Exordium"],"potions_floor_usage":[8],"damage_taken":[{"damage":0.0,"enemies":"Small Slimes","floor":1.0,"turns":1.0},{"damage":0.0,"enemies":"Cultist","floor":3.0,"turns":1.0},{"damage":0.0,"enemies":"2 Louse","floor":4.0,"turns":1.0},{"damage":22.0,"enemies":"Lagavulin","floor":7.0,"turns":6.0},{"damage":10,"enemies":"Large Slime","floor":8,"turns":5},{"damage":11,"enemies":"Gremlin Nob","floor":10,"turns":3}],"seed_played":"7269817524473170580","potions_obtained":[{"floor":2.0,"key":"Poison Potion"},{"floor":4.0,"key":"AttackPotion"}],"is_trial":false,"path_per_floor":["M","?","M","M","?","R","E","M","T","E"],"character_chosen":"THE_SILENT","items_purchased":[],"campfire_rested":0,"item_purchase_floors":[],"current_hp_per_floor":[59,59,59,59,48,48,26,16,16,5,5],"gold":241,"neow_bonus":"THREE_ENEMY_KILL","is_daily":false,"chose_seed":false,"campfire_upgraded":1,"win_rate":0.0,"timestamp":1607734020,"path_taken":["M","?","M","?","?","R","E","M","T","E"],"items_purchased_type":[],"build_version":"2020-11-30","purchased_purges":0,"victory":false,"max_hp_per_floor":[66,66,66,66,66,66,66,66,66,66,66],"card_choices":[{"not_picked":["Prepared","Acrobatics"],"picked":"Deadly Poison","floor":1.0},{"not_picked":["Quick Slash","Setup"],"picked":"Poisoned Stab","floor":3.0},{"not_picked":["Flechettes","Outmaneuver","Dagger Throw"],"picked":"SKIP","floor":4.0},{"not_picked":["Concentrate","Cloak And Dagger"],"picked":"Outmaneuver","floor":7.0},{"not_picked":["Dagger Throw","Skewer"],"picked":"Caltrops","floor":8}],"player_experience":724441,"relics_obtained":[{"floor":7.0,"key":"Vajra"},{"floor":9,"key":"War Paint"}],"event_choices":[{"damage_healed":0.0,"max_hp_gain":0.0,"max_hp_loss":0.0,"gold_gain":0.0,"event_name":"The Woman in Blue","player_choice":"Bought 1 Potion","floor":2.0,"gold_loss":0.0,"damage_taken":0.0},{"damage_healed":0.0,"max_hp_gain":0.0,"max_hp_loss":0.0,"gold_gain":75.0,"event_name":"World of Goop","player_choice":"Gather Gold","floor":5.0,"gold_loss":0.0,"damage_taken":11.0}],"is_beta":false,"boss_relics":[],"items_purged_floors":[],"is_endless":false,"potions_floor_spawned":[4],"killed_by":"Gremlin Nob","ascension_level":20}}