{"host":"y9jgkjnf95sujozk","time":1607735534,"event":{"mods":["2.2 Compatiblity","AchievementEnabler","BaseMod","Block Reminder","Colored Map","Colored Powertips","Downfall","Friendly Minions","GifTheSpireLib","Hermit","Highlight Path","MarisaÅiñ∂âJÅ@ñÇóùçπÅj","Minty Spire (QoL Compilation)","Random Character Button","Rare Cards Sparkle","Replay The Spire","StSLib","SuperFastMode","The Animator","The Bug Knight","The Cursed","The Servant 0.9.4"],"gold_per_floor":[127,127,161,188,206,242,265,315,315,150,150,150,181,181,181,296,296,323,321,357,357,357,357,365,365],"floor_reached":24,"playtime":821,"items_purged":[],"score":256,"play_id":"def12e61-40aa-4ac2-a6ac-0bf57b311b85","local_time":"20201212021214","is_ascension_mode":true,"campfire_choices":[{"data":"Prepared","floor":12,"key":"SMITH"},{"floor":15,"key":"REST"},{"floor":23,"key":"REST"}],"circlet_count":0,"master_deck":["Strike_G","Strike_G","Strike_G","Strike_G","Strike_G","Defend_G","Defend_G","Defend_G","Defend_G","Defend_G","Survivor","Neutralize","Calculated Gamble","Backflip","Deadly Poison","Sucker Punch","Underhanded Strike","Quick Slash","Hidden Blade","Underhanded Strike","Prepared+1","Flechettes","A Thousand Cuts","Acrobatics","Underhanded Strike+1","ReplayTheSpireMod:Tripwire+1","Decay"],"relics":["Ring of the Snake","Replay:Bandana","Toy Ornithopter","Replay:Rubber Ducky","Darkstone Periapt","Kunai","Honey Jar"],"acts_visited":["Exordium","TheCity"],"potions_floor_usage":[6,6,16,20,20],"damage_taken":[{"damage":0,"enemies":"Small Slimes","floor":1,"turns":4},{"damage":0,"enemies":"2 Louse","floor":3,"turns":4},{"damage":0,"enemies":"Cultist","floor":4,"turns":5},{"damage":20,"enemies":"Exordium Thugs","floor":5,"turns":7},{"damage":0,"enemies":"Lagavulin","floor":6,"turns":8},{"damage":20,"enemies":"Gremlin Gang","floor":7,"turns":11},{"damage":31,"enemies":"Gremlin Nob","floor":8,"turns":5},{"damage":3,"enemies":"Large Slime","floor":13,"turns":7},{"damage":46,"enemies":"Hexaghost","floor":16,"turns":16},{"damage":31,"enemies":"Chosen","floor":18,"turns":7},{"damage":15,"enemies":"2 Thieves","floor":19,"turns":4},{"damage":31,"enemies":"3 Cultists","floor":20,"turns":8},{"damage":40,"enemies":"Shelled Parasite and Fungi","floor":24,"turns":5}],"seed_played":"-646477059633895022","potions_obtained":[{"floor":1,"key":"BlessingOfTheForge"},{"floor":3,"key":"LifebloodPotion"},{"floor":13,"key":"Dexterity Potion"},{"floor":16,"key":"Elixir"},{"floor":18,"key":"FearPotion"}],"is_trial":false,"path_per_floor":["M","?","M","M","M","E","M","E","T","$","?","R","M","T","R","B",null,"M","M","M","?","?","R","M"],"character_chosen":"THE_SILENT","items_purchased":["Underhanded Strike","Prepared","Reflex"],"campfire_rested":2,"item_purchase_floors":[10,10,10],"current_hp_per_floor":[70,75,75,75,55,55,35,4,4,4,75,75,72,72,75,29,75,44,29,8,8,14,38,0,0],"gold":365,"neow_bonus":"RANDOM_COMMON_RELIC","is_daily":false,"chose_seed":false,"campfire_upgraded":1,"win_rate":0.0,"timestamp":1607735534,"path_taken":["M","?","M","M","M","E","M","E","T","$","?","R","?","?","R","BOSS","M","?","M","?","?","R","?"],"items_purchased_type":["Card","Card","Card"],"build_version":"2020-11-30","purchased_purges":0,"victory":false,"max_hp_per_floor":[70,75,75,75,75,75,75,75,75,75,75,75,75,75,75,75,75,75,75,75,75,81,81,81,81],"card_choices":[{"not_picked":["ReplayTheSpireMod:Tripwire","Distraction"],"picked":"Calculated Gamble","floor":1},{"not_picked":["Dagger Spray","Blade Dance"],"picked":"Backflip","floor":3},{"not_picked":["Blade Dance","Footwork"],"picked":"Deadly Poison","floor":4},{"not_picked":["Blade Dance","Toxin Wave"],"picked":"Sucker Punch","floor":5},{"not_picked":["Flying Knee","Calculated Gamble"],"picked":"Underhanded Strike","floor":6},{"not_picked":["Bouncing Flask","ReplayTheSpireMod:Shiv Toss"],"picked":"Quick Slash","floor":7},{"not_picked":["Riddle With Holes","Catalyst"],"picked":"Hidden Blade","floor":8},{"not_picked":["Masterful Stab","Outmaneuver"],"picked":"Flechettes","floor":13},{"not_picked":["Bullet Time","ReplayTheSpireMod:Necrosis"],"picked":"A Thousand Cuts","floor":16},{"not_picked":["Deflect","Outmaneuver+1","Dodge and Roll"],"picked":"Acrobatics","floor":18},{"not_picked":["Dodge and Roll","Dagger Throw","Quick Slash+1"],"picked":"Underhanded Strike+1","floor":19},{"not_picked":["Slice+1","Flying Knee","Dagger Spray"],"picked":"ReplayTheSpireMod:Tripwire+1","floor":20}],"player_experience":85156,"relics_obtained":[{"floor":6,"key":"Toy Ornithopter"},{"floor":8,"key":"Replay:Rubber Ducky"},{"floor":9,"key":"Darkstone Periapt"},{"floor":14,"key":"Kunai"}],"event_choices":[{"damage_healed":0,"gold_gain":0,"player_choice":"Donut","damage_taken":0,"max_hp_gain":5,"max_hp_loss":0,"event_name":"Big Fish","floor":2,"gold_loss":0},{"cards_removed":["Reflex"],"damage_healed":71,"gold_gain":0,"player_choice":"Offered Uncommon","damage_taken":0,"max_hp_gain":0,"max_hp_loss":0,"event_name":"Bonfire Elementals","floor":11,"gold_loss":0},{"damage_healed":0,"gold_gain":0,"player_choice":"Ignored","damage_taken":0,"max_hp_gain":0,"max_hp_loss":0,"event_name":"Cursed Tome","floor":21,"gold_loss":0},{"damage_healed":0,"gold_gain":0,"player_choice":"Smashed Altar","damage_taken":0,"max_hp_gain":0,"max_hp_loss":0,"event_name":"Forgotten Altar","floor":22,"gold_loss":0,"cards_obtained":["Decay"]}],"is_beta":false,"boss_relics":[{"not_picked":["SlaversCollar","Ectoplasm"],"picked":"Honey Jar"}],"items_purged_floors":[],"is_endless":false,"potions_floor_spawned":[1,3,13,16,18],"killed_by":"Shelled Parasite and Fungi","ascension_level":2}}