{"host":"eyd8pf3bw1xm0qjv","time":1607753248,"event":{"mods":["AchievementEnabler","Aspiration","Bard","BaseMod","Beaked The Cultist","BetterRewards","CCEM","Challenge The Spire","Clawfect","Colored Map","Conspire","DeckTracker","Downfall","Duelist Mod","Ekko","GifTheSpireLib","Glutton Mod","Googly Eyes","Halation","Hermit","Highlight Path","Hubris","Jedi Mod","Jorbs\u0027s Wanderer Trilogy","Mad Scientist","Marisa????????","Mimic Mod","Minty Spire (QoL Compilation)","Permanent Neow","Relic Sorter","Replay The Spire","StSLib","Stuff the Spire","The Animator","The Blackbeard","The Bug Knight","The Cursed","The Disciple","The Dragon Tamer","The Gatherer","The Hierophant","The IronCluck","The Jungle","The Mystic","The Necromancer","The Problem Sleuth","The Runesmith","The Servant 0.9.4","The Spell Scribe","The Witch","vexMod"],"gold_per_floor":[110,123,136,136,136,167,167,186,265,294,314,314,331,345,345,345,345],"floor_reached":16,"playtime":1279,"items_purged":[],"score":114,"play_id":"477f90a9-a61a-4151-b4ce-8e1115a3fd7c","local_time":"20201212010728","is_ascension_mode":false,"campfire_choices":[{"floor":7,"key":"DIG"},{"floor":15,"key":"REST"}],"circlet_count":0,"master_deck":["TheCursedMod:Strike_TheCursed","TheCursedMod:Strike_TheCursed","TheCursedMod:Strike_TheCursed","TheCursedMod:Defend_TheCursed","TheCursedMod:Defend_TheCursed","TheCursedMod:Defend_TheCursed","TheCursedMod:Defend_TheCursed","TheCursedMod:CursedWand","TheCursedMod:CleanUpWorkshop","TheCursedMod:Dregs","Replay:GuardianBash","animator:Strike_HitsugiNoChaika","TheCursedMod:Wield","TheCursedMod:AbyssShockwave","TheCursedMod:LuckyCharm","TheCursedMod:DarkBarrier","TheCursedMod:SpitefulPray","TheCursedMod:CursedArmor","TheCursedMod:Neurasthenia","TheCursedMod:SurpriseAttack","TheCursedMod:CursedAmulet","TheCursedMod:SpreadPlague"],"relics":["TheCursedMod:BlackMagic101","Shovel","Frozen Egg 2","Orichalcum","aspiration:VileToxins"],"acts_visited":["Exordium"],"potions_floor_usage":[10,10,16,16],"damage_taken":[{"damage":1,"enemies":"Cultist","floor":1,"turns":3},{"damage":7,"enemies":"Small Slimes","floor":2,"turns":3},{"damage":12,"enemies":"2 Louse","floor":3,"turns":2},{"damage":11,"enemies":"Gremlin Nob","floor":6,"turns":5},{"damage":0,"enemies":"Lots of Slimes","floor":8,"turns":2},{"damage":7,"enemies":"Replay:BlueRogue","floor":10,"turns":5},{"damage":0,"enemies":"2 Fungi Beasts","floor":11,"turns":3},{"damage":8,"enemies":"Looter","floor":13,"turns":3},{"damage":13,"enemies":"Large Slime","floor":14,"turns":7},{"damage":51,"enemies":"Slime Boss","floor":16,"turns":16}],"seed_played":"4799161007398136250","potions_obtained":[{"floor":3,"key":"jedi:hoardpotion"},{"floor":6,"key":"Slimebound:ThreeZeroPotion"},{"floor":8,"key":"DistilledChaos"},{"floor":11,"key":"jedi:holywater"},{"floor":14,"key":"Milkshake"}],"is_trial":false,"path_per_floor":["M","M","M","?","?","E","R","M","T","E","M","?","M","M","R","B"],"character_chosen":"THE_CURSED","items_purchased":[],"campfire_rested":1,"item_purchase_floors":[],"current_hp_per_floor":[74,67,55,63,63,52,52,52,52,45,45,45,37,24,46,0,0],"gold":345,"neow_bonus":"ONE_RARE_RELIC","is_daily":false,"chose_seed":false,"campfire_upgraded":0,"win_rate":0.0,"timestamp":1607753248,"path_taken":["M","M","M","?","?","E","R","?","T","E","M","?","M","M","R","BOSS"],"items_purchased_type":[],"build_version":"2020-11-30","purchased_purges":0,"victory":false,"max_hp_per_floor":[75,75,75,75,75,75,75,75,75,75,75,75,75,75,75,75,75],"card_choices":[{"not_picked":["TheCursedMod:WearCloak","TheCursedMod:Stretching"],"picked":"TheCursedMod:Wield","floor":1},{"not_picked":["TheCursedMod:SmokeScreen","TheCursedMod:FleshFromBone"],"picked":"TheCursedMod:AbyssShockwave","floor":2},{"not_picked":["TheCursedMod:ReleasedKnowledge","TheCursedMod:SurpriseAttack"],"picked":"TheCursedMod:LuckyCharm","floor":3},{"not_picked":["TheCursedMod:BloodBarrier","TheCursedMod:WearCloak"],"picked":"TheCursedMod:SpitefulPray","floor":6},{"not_picked":["TheCursedMod:CursedShiv","TheCursedMod:Stretching"],"picked":"TheCursedMod:CursedArmor","floor":8},{"not_picked":["TheCursedMod:FleshFromBone","TheCursedMod:PrepareRite"],"picked":"TheCursedMod:Neurasthenia","floor":10},{"not_picked":["TheCursedMod:Torture","TheCursedMod:EmpowerCircles+1"],"picked":"TheCursedMod:SurpriseAttack","floor":11},{"not_picked":["TheCursedMod:Obscuration","TheCursedMod:CursedSpellbook"],"picked":"TheCursedMod:CursedAmulet","floor":13},{"not_picked":["TheCursedMod:BloodBarrier","TheCursedMod:Obscuration"],"picked":"TheCursedMod:SpreadPlague","floor":14}],"player_experience":123024,"relics_obtained":[{"floor":6,"key":"Frozen Egg 2"},{"floor":7,"key":"Orichalcum"},{"floor":10,"key":"aspiration:VileToxins"}],"event_choices":[{"damage_healed":0,"gold_gain":0,"cards_transformed":["TheCursedMod:Strike_TheCursed"],"player_choice":"Transformed","damage_taken":0,"max_hp_gain":0,"max_hp_loss":0,"event_name":"Transmorgrifier","floor":5,"gold_loss":0,"cards_obtained":["TheCursedMod:DarkBarrier"]},{"damage_healed":0,"gold_gain":0,"player_choice":"Ignored","damage_taken":0,"max_hp_gain":0,"max_hp_loss":0,"event_name":"NoteForYourself","floor":12,"gold_loss":0}],"is_beta":false,"boss_relics":[],"items_purged_floors":[],"is_endless":false,"potions_floor_spawned":[3,6,8,11,14],"killed_by":"Slime Boss","ascension_level":0}}