{"host":"aeidq2c3auzxo1yh","time":1607798380,"event":{"mods":["AchievementEnabler","BaseMod","Colored Map","Colored Powertips","Minty Spire (QoL Compilation)","Relic Stats","StSLib"],"gold_per_floor":[114,189,189,209,209,209,241,1,1,33,33,49,49,63,63,140,140,150,150,0,15,15,15,15],"floor_reached":23,"playtime":684,"items_purged":["Strike_R"],"score":544,"play_id":"3adeb557-9713-4cab-b9eb-4c48d769bd5b","local_time":"20201212233940","is_ascension_mode":true,"campfire_choices":[{"data":"Bash","floor":6.0,"key":"SMITH"},{"floor":11.0,"key":"REST"},{"data":"Limit Break","floor":13.0,"key":"SMITH"},{"data":"Inflame","floor":15.0,"key":"SMITH"}],"circlet_count":0,"master_deck":["AscendersBane","Strike_R","Strike_R","Strike_R+1","Strike_R","Defend_R","Defend_R+1","Defend_R","Defend_R","Bash+1","Combust+1","Inflame+1","Iron Wave","Limit Break+1","Flame Barrier","Body Slam+1","Demon Form","Heavy Blade+1","Necronomicurse","Ghostly","Ghostly","Ghostly"],"relics":["Burning Blood","NeowsBlessing","Gremlin Horn","Molten Egg 2","Bottled Tornado","Black Star","Necronomicon"],"acts_visited":["Exordium","TheCity"],"potions_floor_usage":[16,16,23,23],"damage_taken":[{"damage":0.0,"enemies":"2 Louse","floor":1.0,"turns":1.0},{"damage":0.0,"enemies":"Small Slimes","floor":4.0,"turns":1.0},{"damage":0.0,"enemies":"Lagavulin","floor":7.0,"turns":1.0},{"damage":44.0,"enemies":"Gremlin Nob","floor":10.0,"turns":5.0},{"damage":5.0,"enemies":"Jaw Worm","floor":12.0,"turns":4.0},{"damage":0.0,"enemies":"3 Louse","floor":14.0,"turns":3.0},{"damage":3,"enemies":"Slime Boss","floor":16,"turns":5},{"damage":39,"enemies":"Shell Parasite","floor":18,"turns":7},{"damage":7,"enemies":"3 Byrds","floor":21,"turns":2},{"damage":13,"enemies":"Book of Stabbing","floor":23,"turns":4}],"seed_played":"-3198979767254796861","potions_obtained":[{"floor":1.0,"key":"Fire Potion"},{"floor":12.0,"key":"Energy Potion"},{"floor":14.0,"key":"FearPotion"},{"floor":16,"key":"Swift Potion"},{"floor":18,"key":"LiquidMemories"}],"is_trial":false,"path_per_floor":["M","?","?","M","?","R","E","$","T","E","R","M","R","M","R","B",null,"M","?","?","M","?","E"],"character_chosen":"IRONCLAD","items_purchased":["Limit Break"],"campfire_rested":1,"item_purchase_floors":[8],"current_hp_per_floor":[74,63,63,69,46,46,52,52,52,14,36,37,37,43,43,46,68,35,14,14,13,13,0,0],"gold":15,"neow_bonus":"THREE_ENEMY_KILL","is_daily":false,"chose_seed":false,"campfire_upgraded":3,"win_rate":0.0,"timestamp":1607798380,"path_taken":["M","?","?","M","?","R","E","$","T","E","R","M","R","M","R","BOSS","M","?","?","M","?","E"],"items_purchased_type":["Card"],"build_version":"2020-11-30","purchased_purges":1,"victory":false,"max_hp_per_floor":[75,75,75,75,75,75,75,75,75,75,75,75,75,75,75,75,75,75,75,75,75,37,37,37],"relic_stats":{"Gremlin Horn":[5,5],"counters":[10,33],"Black Star":0,"Necronomicon":[2],"obtain_stats":[{"NeowsBlessing":0,"Gremlin Horn":7,"Molten Egg 2":9,"Black Star":17,"Necronomicon":19,"Bottled Tornado":10,"Burning Blood":0},{"NeowsBlessing":0,"Gremlin Horn":3,"Molten Egg 2":3,"Black Star":7,"Necronomicon":8,"Bottled Tornado":4,"Burning Blood":0},{"NeowsBlessing":0,"Gremlin Horn":3,"Molten Egg 2":3,"Black Star":20,"Necronomicon":27,"Bottled Tornado":8,"Burning Blood":0}],"Burning Blood":54},"card_choices":[{"not_picked":["Reckless Charge","Twin Strike"],"picked":"Combust","floor":1.0},{"not_picked":["Dual Wield","Seeing Red"],"picked":"Inflame","floor":4.0},{"not_picked":["Combust","Clothesline"],"picked":"Iron Wave","floor":7.0},{"not_picked":["Iron Wave+1","Thunderclap+1"],"picked":"Flame Barrier","floor":10.0},{"not_picked":["Dual Wield","Clothesline+1"],"picked":"Body Slam+1","floor":12.0},{"not_picked":["Headbutt+1","Thunderclap+1","Brutality"],"picked":"SKIP","floor":14.0},{"not_picked":["Barricade","Reaper+1"],"picked":"Demon Form","floor":16},{"not_picked":["Reckless Charge+1","Wild Strike+1"],"picked":"Heavy Blade+1","floor":18},{"not_picked":["Wild Strike+1","Warcry+1","True Grit"],"picked":"SKIP","floor":21}],"player_experience":848697,"relics_obtained":[{"floor":7.0,"key":"Gremlin Horn"},{"floor":9.0,"key":"Molten Egg 2"},{"floor":10.0,"key":"Bottled Tornado"},{"floor":19,"key":"Necronomicon"}],"event_choices":[{"damage_healed":0.0,"max_hp_gain":0.0,"max_hp_loss":0.0,"gold_gain":75.0,"event_name":"World of Goop","player_choice":"Gather Gold","floor":2.0,"gold_loss":0.0,"damage_taken":11.0},{"damage_healed":0.0,"max_hp_gain":0.0,"max_hp_loss":0.0,"gold_gain":0.0,"event_name":"Living Wall","player_choice":"Grow","floor":3.0,"gold_loss":0.0,"damage_taken":0.0,"cards_upgraded":["Combust"]},{"damage_healed":0.0,"max_hp_gain":0.0,"max_hp_loss":0.0,"gold_gain":0.0,"event_name":"Shining Light","player_choice":"Entered Light","floor":5.0,"gold_loss":0.0,"damage_taken":23.0,"cards_upgraded":["Strike_R","Defend_R"]},{"damage_healed":0,"gold_gain":0,"player_choice":"Obtained Book","damage_taken":21,"max_hp_gain":0,"max_hp_loss":0,"event_name":"Cursed Tome","floor":19,"gold_loss":0},{"damage_healed":0,"gold_gain":0,"player_choice":"Paid Fearfully","damage_taken":0,"max_hp_gain":0,"max_hp_loss":0,"event_name":"Masked Bandits","floor":20,"gold_loss":150},{"damage_healed":0,"gold_gain":0,"player_choice":"Became a Ghost","damage_taken":0,"max_hp_gain":0,"max_hp_loss":38,"event_name":"Ghosts","floor":22,"gold_loss":0,"cards_obtained":["Ghostly","Ghostly","Ghostly"]}],"is_beta":false,"boss_relics":[{"not_picked":["Pandora\u0027s Box","Philosopher\u0027s Stone"],"picked":"Black Star"}],"items_purged_floors":[8],"is_endless":false,"potions_floor_spawned":[1,12,14,16,18,21],"killed_by":"Book of Stabbing","ascension_level":20}}