{"host":"9d83omykrosjn1d3","time":1607747713,"event":{"mods":["AchievementEnabler","BaseMod","BetterRewards","Card Forge","Hubris","MarisaÅiñ∂âJÅ@ñÇóùçπÅj","Minty Spire (QoL Compilation)","Permanent Neow","Shop Mod","StSLib","SuperFastMode"],"gold_per_floor":[111,111,111,111,122,154,188,188],"floor_reached":7,"playtime":680,"items_purged":[],"score":84,"play_id":"4cc705f5-63bc-4709-a485-39e503a64400","local_time":"20201212133513","daily_mods":["SealedDeck","Heirloom","Flight","DeadlyEvents","Elite Swarm"],"is_ascension_mode":false,"campfire_choices":[],"circlet_count":0,"master_deck":["FearNoEvil","Evaluate","MentalFortress","Perseverance","Evaluate","FollowUp","JustLucky","Study","LikeWater","DevaForm"],"relics":["PureWater","Hammer of Thor","Seething Fire","Anvil of the Gods","Thread and Needle","hubris:Towel","hubris:OldNail","MealTicket"],"acts_visited":["Exordium"],"potions_floor_usage":[],"damage_taken":[{"damage":1,"enemies":"2 Louse","floor":1,"turns":3},{"damage":0,"enemies":"Small Slimes","floor":5,"turns":4},{"damage":0,"enemies":"Lagavulin","floor":6,"turns":6},{"damage":21,"enemies":"3 Sentries","floor":7,"turns":9}],"seed_played":"6806581447759363779","potions_obtained":[{"floor":6,"key":"PowerPotion"},{"floor":7,"key":"AttackPotion"}],"is_trial":true,"path_per_floor":["M","?","?","?","M","E","E"],"character_chosen":"WATCHER","items_purchased":[],"campfire_rested":0,"item_purchase_floors":[],"current_hp_per_floor":[71,76,76,76,76,76,55,55],"gold":188,"neow_bonus":"","is_daily":false,"chose_seed":false,"campfire_upgraded":0,"win_rate":0.0,"timestamp":1607747713,"path_taken":["M","?","?","?","M","E","E"],"items_purchased_type":[],"build_version":"2020-11-30","purchased_purges":0,"victory":false,"max_hp_per_floor":[72,77,77,77,77,77,77,77],"card_choices":[{"not_picked":["SandsOfTime","Protect","ClearTheMind"],"picked":"SKIP","floor":1},{"not_picked":["Vengeance","Halt","EmptyBody"],"picked":"SKIP","floor":5},{"not_picked":["SpiritShield","Omniscience"],"picked":"DevaForm","floor":6},{"not_picked":["DevaForm","Omniscience","Brilliance"],"picked":"SKIP","floor":7}],"player_experience":541591,"relics_obtained":[{"floor":6,"key":"hubris:OldNail"},{"floor":7,"key":"MealTicket"}],"event_choices":[{"damage_healed":0,"gold_gain":0,"player_choice":"Donut","damage_taken":0,"max_hp_gain":5,"max_hp_loss":0,"event_name":"Big Fish","floor":2,"gold_loss":0},{"cards_removed":["Adaptation"],"damage_healed":0,"gold_gain":0,"player_choice":"Forget","damage_taken":0,"max_hp_gain":0,"max_hp_loss":0,"event_name":"Living Wall","floor":4,"gold_loss":0}],"is_beta":false,"boss_relics":[],"items_purged_floors":[],"is_endless":false,"potions_floor_spawned":[6,7],"killed_by":"3 Sentries","ascension_level":0}}