{"host":"p7j7o00jacnw7qzt","time":1607749704,"event":{"mods":["BaseMod","Colored Map","Colored Powertips","DeckTracker","Highlight Path","Minty Spire (QoL Compilation)","Relic Stats"],"gold_per_floor":[118,118,118,118,118,151,171,207,207,132,150,150,171,185,185,279,279,300,300,300,300],"floor_reached":20,"playtime":722,"items_purged":["Strike_R"],"score":414,"play_id":"2eadeba0-e76d-45c6-8d2c-e1f9b634ef25","local_time":"20201212000824","is_ascension_mode":true,"campfire_choices":[{"floor":12.0,"key":"REST"},{"data":"Fire Breathing","floor":15.0,"key":"SMITH"}],"circlet_count":0,"master_deck":["AscendersBane","Strike_R","Strike_R","Strike_R","Defend_R","Defend_R","Defend_R","Defend_R","Bash","Hemokinesis","Fire Breathing+1","Reaper","Limit Break","Sword Boomerang+1","Ghostly","Ghostly","Ghostly"],"relics":["Burning Blood","NeowsBlessing","Golden Idol","Letter Opener","Ancient Tea Set","Potion Belt","Bag of Preparation","Coffee Dripper"],"acts_visited":["Exordium","TheCity"],"potions_floor_usage":[18,18],"damage_taken":[{"damage":0.0,"enemies":"2 Louse","floor":1.0,"turns":1.0},{"damage":0.0,"enemies":"3 Sentries","floor":6.0,"turns":2.0},{"damage":0.0,"enemies":"Small Slimes","floor":7.0,"turns":2.0},{"damage":36.0,"enemies":"Gremlin Nob","floor":8.0,"turns":4.0},{"damage":6.0,"enemies":"Jaw Worm","floor":11.0,"turns":4.0},{"damage":10.0,"enemies":"Exordium Wildlife","floor":13.0,"turns":5.0},{"damage":15.0,"enemies":"Blue Slaver","floor":14.0,"turns":3.0},{"damage":20.0,"enemies":"Slime Boss","floor":16.0,"turns":7.0},{"damage":34,"enemies":"Shell Parasite","floor":18,"turns":5},{"damage":39,"enemies":"3 Byrds","floor":20,"turns":4}],"seed_played":"-4389909451011992332","potions_obtained":[{"floor":1.0,"key":"SpeedPotion"},{"floor":11.0,"key":"Weak Potion"},{"floor":16.0,"key":"LiquidMemories"},{"floor":18,"key":"ElixirPotion"}],"is_trial":false,"path_per_floor":["M","?","?","?","?","E","M","E","T","$","M","R","M","M","R","B",null,"M","?","M"],"character_chosen":"IRONCLAD","items_purchased":[],"campfire_rested":1,"item_purchase_floors":[],"current_hp_per_floor":[74,48,43,43,36,42,48,18,18,18,18,40,36,27,27,17,61,37,37,0,0],"gold":300,"neow_bonus":"THREE_ENEMY_KILL","is_daily":false,"chose_seed":false,"campfire_upgraded":1,"win_rate":0.0,"timestamp":1607749704,"path_taken":["M","?","?","?","?","E","M","E","T","$","M","R","?","M","R","BOSS","M","?","M"],"items_purchased_type":[],"build_version":"2020-11-30","purchased_purges":1,"victory":false,"max_hp_per_floor":[75,75,75,75,75,75,75,75,75,75,75,75,75,75,75,75,75,75,37,37,37],"relic_stats":{"counters":[10,37],"Golden Idol":52,"Bag of Preparation":[12],"Letter Opener":[5],"obtain_stats":[{"Potion Belt":8,"NeowsBlessing":0,"Golden Idol":2,"Bag of Preparation":9,"Coffee Dripper":17,"Letter Opener":3,"Ancient Tea Set":6,"Burning Blood":0},{"Potion Belt":4,"NeowsBlessing":0,"Golden Idol":1,"Bag of Preparation":4,"Coffee Dripper":8,"Letter Opener":1,"Ancient Tea Set":2,"Burning Blood":0},{"Potion Belt":9,"NeowsBlessing":0,"Golden Idol":1,"Bag of Preparation":9,"Coffee Dripper":28,"Letter Opener":1,"Ancient Tea Set":3,"Burning Blood":0}],"Burning Blood":54},"card_choices":[{"not_picked":["Rampage","Havoc"],"picked":"Hemokinesis","floor":1.0},{"not_picked":["Metallicize","Dropkick","Iron Wave"],"picked":"SKIP","floor":6.0},{"not_picked":["Wild Strike","Dual Wield","Headbutt"],"picked":"SKIP","floor":7.0},{"not_picked":["Wild Strike","Dual Wield","Headbutt"],"picked":"SKIP","floor":7.0},{"not_picked":["Wild Strike","Dual Wield","Headbutt"],"picked":"SKIP","floor":7.0},{"not_picked":["Ghostly Armor","Cleave"],"picked":"Fire Breathing","floor":8.0},{"not_picked":["Cleave","Sword Boomerang","Infernal Blade"],"picked":"SKIP","floor":11.0},{"not_picked":["Sword Boomerang","Headbutt","Havoc"],"picked":"SKIP","floor":13.0},{"not_picked":["Reckless Charge","Heavy Blade"],"picked":"Reaper","floor":14.0},{"not_picked":["Offering","Bludgeon"],"picked":"Limit Break","floor":16.0},{"not_picked":["Wild Strike","Clash"],"picked":"Sword Boomerang+1","floor":18}],"player_experience":799369,"relics_obtained":[{"floor":6.0,"key":"Ancient Tea Set"},{"floor":8.0,"key":"Potion Belt"},{"floor":9.0,"key":"Bag of Preparation"}],"event_choices":[{"damage_healed":0.0,"max_hp_gain":0.0,"max_hp_loss":0.0,"gold_gain":0.0,"event_name":"Golden Idol","player_choice":"Take Damage","floor":2.0,"gold_loss":0.0,"damage_taken":26.0,"relics_obtained":["Golden Idol"]},{"damage_healed":0.0,"max_hp_gain":0.0,"max_hp_loss":0.0,"gold_gain":0.0,"event_name":"Scrap Ooze","player_choice":"Success","floor":3.0,"gold_loss":0.0,"damage_taken":5.0,"relics_obtained":["Letter Opener"]},{"damage_healed":0.0,"max_hp_gain":0.0,"max_hp_loss":0.0,"gold_gain":0.0,"event_name":"Shining Light","player_choice":"Ignored","floor":4.0,"gold_loss":0.0,"damage_taken":0.0},{"cards_removed":["Strike_R"],"damage_healed":0.0,"max_hp_gain":0.0,"max_hp_loss":0.0,"gold_gain":0.0,"event_name":"Golden Wing","player_choice":"Card Removal","floor":5.0,"gold_loss":0.0,"damage_taken":7.0},{"damage_healed":0,"gold_gain":0,"player_choice":"Became a Ghost","damage_taken":0,"max_hp_gain":0,"max_hp_loss":38,"event_name":"Ghosts","floor":19,"gold_loss":0,"cards_obtained":["Ghostly","Ghostly","Ghostly"]}],"is_beta":false,"boss_relics":[{"not_picked":["Busted Crown","Calling Bell"],"picked":"Coffee Dripper"}],"items_purged_floors":[10],"is_endless":false,"potions_floor_spawned":[1,11,16,18],"killed_by":"3 Byrds","ascension_level":20}}