{"host":"4p8f8v7tnj1cel6f","time":1607738512,"event":{"mods":["BaseMod","Colored Map","DeckTracker","Keyboard Shortcuts","Minty Spire (QoL Compilation)","Quick Restart","StSLib","SuperFastMode"],"gold_per_floor":[15,35,48,58,58,58,69,69,93,110,120,70,70,70],"floor_reached":13,"playtime":310,"items_purged":[],"score":95,"play_id":"3558aa13-8259-4260-b1f5-a7753b5d2e76","local_time":"20201212110152","is_ascension_mode":true,"campfire_choices":[{"data":"Dualcast","floor":6,"key":"SMITH"},{"data":"Zap","floor":8,"key":"SMITH"}],"circlet_count":0,"master_deck":["Strike_B","Strike_B","Defend_B","Defend_B","Defend_B","Zap+1","Dualcast+1","Scrape","Blizzard","Cold Snap","Beam Cell","Go for the Eyes","Hologram","Stack","Seek"],"relics":["Cracked Core","Juzu Bracelet","Strawberry"],"acts_visited":["Exordium"],"potions_floor_usage":[],"damage_taken":[{"damage":1.0,"enemies":"Cultist","floor":1.0,"turns":3.0},{"damage":0.0,"enemies":"Small Slimes","floor":2.0,"turns":2.0},{"damage":2.0,"enemies":"Jaw Worm","floor":3.0,"turns":3.0},{"damage":2.0,"enemies":"Blue Slaver","floor":4.0,"turns":3.0},{"damage":12,"enemies":"Exordium Wildlife","floor":7,"turns":3},{"damage":0,"enemies":"Exordium Thugs","floor":10,"turns":3},{"damage":2,"enemies":"Blue Slaver","floor":11,"turns":3},{"damage":0,"enemies":"3 Sentries","floor":13,"turns":1}],"seed_played":"8375152154099394676","potions_obtained":[{"floor":3.0,"key":"AttackPotion"},{"floor":4.0,"key":"Swift Potion"},{"floor":10,"key":"Regen Potion"}],"is_trial":false,"path_per_floor":["M","M","M","M","?","R","M","R","T","M","M","?","E"],"character_chosen":"DEFECT","items_purchased":[],"campfire_rested":0,"item_purchase_floors":[],"current_hp_per_floor":[74,74,72,70,63,63,51,51,58,58,56,56,56,56],"gold":70,"neow_bonus":"TRANSFORM_TWO_CARDS","is_daily":false,"chose_seed":false,"campfire_upgraded":2,"win_rate":0.0,"timestamp":1607738512,"path_taken":["M","M","M","?","?","R","M","R","T","M","M","?","E"],"items_purchased_type":[],"build_version":"2020-11-30","purchased_purges":0,"victory":false,"max_hp_per_floor":[75,75,75,75,75,75,75,75,82,82,82,82,82,82],"card_choices":[{"not_picked":["Go for the Eyes","Doom and Gloom"],"picked":"Cold Snap","floor":1.0},{"not_picked":["Scrape","Steam","Cold Snap"],"picked":"SKIP","floor":2.0},{"not_picked":["Tempest","Barrage"],"picked":"Beam Cell","floor":3.0},{"not_picked":["Leap","Ball Lightning"],"picked":"Go for the Eyes","floor":4.0},{"not_picked":["Blizzard","Recycle"],"picked":"Hologram","floor":7},{"not_picked":["Barrage","Rebound"],"picked":"Stack","floor":10},{"not_picked":["Doom and Gloom","Melter"],"picked":"Seek","floor":11}],"player_experience":165429,"relics_obtained":[{"floor":9,"key":"Strawberry"}],"event_choices":[{"damage_healed":0,"gold_gain":0,"player_choice":"Success","damage_taken":7,"relics_obtained":["Juzu Bracelet"],"max_hp_gain":0,"max_hp_loss":0,"event_name":"Scrap Ooze","floor":5,"gold_loss":0},{"cards_removed":["Strike_B"],"damage_healed":0,"gold_gain":0,"player_choice":"Card Removal","damage_taken":0,"max_hp_gain":0,"max_hp_loss":0,"event_name":"The Cleric","floor":12,"gold_loss":50}],"is_beta":false,"boss_relics":[],"items_purged_floors":[],"is_endless":false,"potions_floor_spawned":[3,4,10,11],"killed_by":"3 Sentries","ascension_level":4}}