{"host":"msepye59htvs4aw4","time":1607792156,"event":{"mods":["BaseMod","Colored Map","DeckTracker","Highlight Path","Minty Spire (QoL Compilation)","Shop Mod","StSLib","SuperFastMode"],"gold_per_floor":[116,116,41,65,15,15,56,56,56,56,56,70,70,85,85,181,181,202,221,221,234,96,96,111,111,111,111,111],"floor_reached":27,"playtime":1025,"items_purged":["Parasite"],"score":348,"play_id":"9193254a-d69d-4444-ba0b-fbba36cecf96","local_time":"20201212175556","is_ascension_mode":true,"campfire_choices":[{"data":"Dagger Spray","floor":6,"key":"SMITH"},{"floor":11,"key":"REST"},{"data":"Predator","floor":13,"key":"SMITH"},{"data":"Deadly Poison","floor":15,"key":"SMITH"},{"floor":23,"key":"REST"},{"floor":25,"key":"REST"}],"circlet_count":0,"master_deck":["AscendersBane","Strike_G","Strike_G","Strike_G","Strike_G","Defend_G","Defend_G","Defend_G","Defend_G","Defend_G","Survivor","Neutralize","Dagger Spray+1","Predator+1","Deadly Poison+1","Adrenaline","Dodge and Roll+1","Leg Sweep","RitualDagger","Dash","Well Laid Plans","Blur","Poisoned Stab"],"relics":["Ring of the Snake","Thread and Needle","Golden Idol","TungstenRod","Orichalcum","Blue Candle","Philosopher\u0027s Stone","Sundial"],"acts_visited":["Exordium","TheCity"],"potions_floor_usage":[16,16,18,18,19,27],"damage_taken":[{"damage":0,"enemies":"Small Slimes","floor":1,"turns":4},{"damage":2,"enemies":"Jaw Worm","floor":4,"turns":7},{"damage":23,"enemies":"Gremlin Nob","floor":7,"turns":6},{"damage":0,"enemies":"Cultist","floor":12,"turns":3},{"damage":0,"enemies":"Large Slime","floor":14,"turns":4},{"damage":14,"enemies":"Hexaghost","floor":16,"turns":12},{"damage":14,"enemies":"Spheric Guardian","floor":18,"turns":4},{"damage":1,"enemies":"3 Byrds","floor":19,"turns":5},{"damage":13,"enemies":"Centurion and Healer","floor":21,"turns":9},{"damage":32,"enemies":"Sentry and Sphere","floor":24,"turns":9},{"damage":37,"enemies":"Gremlin Leader","floor":27,"turns":8}],"seed_played":"1623296659777216104","potions_obtained":[{"floor":4,"key":"GhostInAJar"},{"floor":7,"key":"EssenceOfSteel"},{"floor":16,"key":"EntropicBrew"},{"floor":19,"key":"LiquidBronze"}],"is_trial":false,"path_per_floor":["M","?","$","M","?","R","E","?","T","$","R","M","R","M","R","B",null,"M","M","?","M","$","R","M","R","T","E"],"character_chosen":"THE_SILENT","items_purchased":["Well Laid Plans","Blur"],"campfire_rested":3,"item_purchase_floors":[22,22],"current_hp_per_floor":[63,63,62,60,60,60,37,35,35,35,53,53,53,53,53,39,56,42,41,36,23,23,41,9,27,27,0,0],"gold":111,"neow_bonus":"ONE_RARE_RELIC","is_daily":false,"chose_seed":false,"campfire_upgraded":3,"win_rate":0.0,"timestamp":1607792156,"path_taken":["M","?","$","M","?","R","E","?","T","$","R","M","R","?","R","BOSS","M","M","?","M","$","R","M","R","T","E"],"items_purchased_type":["Card","Card"],"build_version":"2020-11-30","purchased_purges":1,"victory":false,"max_hp_per_floor":[70,65,62,62,62,62,62,62,62,62,62,62,62,62,62,62,62,62,62,62,62,62,62,62,62,62,62,62],"card_choices":[{"not_picked":["Setup","Outmaneuver"],"picked":"Dagger Spray","floor":1},{"not_picked":["Deflect","Underhanded Strike","Dodge and Roll"],"picked":"SKIP","floor":4},{"not_picked":["Dagger Spray","Blade Dance"],"picked":"Predator","floor":7},{"not_picked":["Acrobatics","Prepared","Eviscerate"],"picked":"SKIP","floor":12},{"not_picked":["Flying Knee","Blade Dance"],"picked":"Deadly Poison","floor":14},{"not_picked":["Unload","Malaise"],"picked":"Adrenaline","floor":16},{"not_picked":["Underhanded Strike+1","Setup"],"picked":"Dodge and Roll+1","floor":18},{"not_picked":["Reflex+1","Backflip"],"picked":"Leg Sweep","floor":19},{"not_picked":["Dagger Throw","Leg Sweep"],"picked":"Dash","floor":21},{"not_picked":["Flying Knee","Bane"],"picked":"Poisoned Stab","floor":24}],"player_experience":1569051,"relics_obtained":[{"floor":7,"key":"TungstenRod"},{"floor":9,"key":"Blue Candle"},{"floor":26,"key":"Sundial"}],"event_choices":[{"damage_healed":0,"gold_gain":0,"player_choice":"Lose Max HP","damage_taken":0,"relics_obtained":["Golden Idol"],"max_hp_gain":0,"max_hp_loss":5,"event_name":"Golden Idol","floor":2,"gold_loss":0},{"cards_removed":["Strike_G"],"damage_healed":0,"gold_gain":0,"player_choice":"Card Removal","damage_taken":0,"max_hp_gain":0,"max_hp_loss":0,"event_name":"The Cleric","floor":5,"gold_loss":50},{"damage_healed":0,"gold_gain":0,"player_choice":"Success","damage_taken":3,"relics_obtained":["Orichalcum"],"max_hp_gain":0,"max_hp_loss":0,"event_name":"Scrap Ooze","floor":8,"gold_loss":0},{"damage_healed":0,"gold_gain":0,"player_choice":"Joined the Cult","damage_taken":6,"max_hp_gain":0,"max_hp_loss":0,"event_name":"Nest","floor":20,"gold_loss":0,"cards_obtained":["RitualDagger"]}],"is_beta":false,"boss_relics":[{"not_picked":["Calling Bell","WristBlade"],"picked":"Philosopher\u0027s Stone"}],"items_purged_floors":[3],"is_endless":false,"potions_floor_spawned":[4,7,16,19],"killed_by":"Gremlin Leader","ascension_level":13}}