{"host":"dbkc9h3etq50r1dq","time":1607771139,"event":{"mods":["AchievementEnabler","BaseMod","Block Reminder","Colored Powertips","Custom Start","Minty Spire (QoL Compilation)","Permanent Neow","Potion Indicator Mod","Rare Cards Sparkle","StSLib","SuperFastMode"],"gold_per_floor":[119,119,131,143,63,63,74,93,168,168,188,263,295,295,295,398,398,417,450,450,188,202,202,214,214,264,464,464,493,493,508,508,613,613,633,161,175,175,191,191,191,191],"floor_reached":41,"playtime":1201,"items_purged":["Bullet Time","Defend_G"],"score":564,"play_id":"c2bca7eb-832e-47dd-9108-d264019cfb68","local_time":"20201212190539","is_ascension_mode":true,"campfire_choices":[{"data":"Noxious Fumes","floor":6.0,"key":"SMITH"},{"data":"Noxious Fumes","floor":10.0,"key":"SMITH"},{"data":"Dagger Spray","floor":15.0,"key":"SMITH"},{"data":"Footwork","floor":23.0,"key":"SMITH"},{"data":"Sucker Punch","floor":25.0,"key":"SMITH"},{"floor":28.0,"key":"REST"},{"data":"Catalyst","floor":30.0,"key":"SMITH"},{"data":"Terror","floor":32.0,"key":"SMITH"},{"floor":40.0,"key":"REST"}],"circlet_count":0,"master_deck":["Defend_G","Defend_G","Defend_G","Defend_G","Neutralize+1","Catalyst+1","Dagger Spray+1","Backflip","Noxious Fumes+1","Noxious Fumes+1","Backflip","Bite","Bite","Bite","Bite","Bite","Footwork+1","Sucker Punch+1","Footwork+1","Terror+1","Adrenaline","Catalyst+1","Footwork","Mayhem"],"relics":["Ring of the Snake","NeowsBlessing","Bottled Lightning","Thread and Needle","Philosopher\u0027s Stone","Red Mask","Lee\u0027s Waffle","Nunchaku","Art of War"],"acts_visited":["Exordium","TheCity","TheBeyond"],"potions_floor_usage":[41],"damage_taken":[{"damage":0.0,"enemies":"Jaw Worm","floor":1.0,"turns":1.0},{"damage":0.0,"enemies":"Cultist","floor":3.0,"turns":1.0},{"damage":0.0,"enemies":"2 Louse","floor":4.0,"turns":1.0},{"damage":6.0,"enemies":"2 Fungi Beasts","floor":7.0,"turns":4.0},{"damage":9.0,"enemies":"Large Slime","floor":8.0,"turns":5.0},{"damage":3.0,"enemies":"Looter","floor":11.0,"turns":4.0},{"damage":1.0,"enemies":"Lagavulin","floor":13.0,"turns":6.0},{"damage":15.0,"enemies":"Hexaghost","floor":16.0,"turns":9.0},{"damage":0.0,"enemies":"Shell Parasite","floor":18.0,"turns":5.0},{"damage":46.0,"enemies":"Masked Bandits","floor":19.0,"turns":4.0},{"damage":25.0,"enemies":"2 Thieves","floor":22.0,"turns":5.0},{"damage":25.0,"enemies":"Chosen and Byrds","floor":24.0,"turns":7.0},{"damage":13.0,"enemies":"Gremlin Leader","floor":29.0,"turns":6.0},{"damage":0.0,"enemies":"Centurion and Healer","floor":31.0,"turns":6.0},{"damage":28.0,"enemies":"Automaton","floor":33.0,"turns":9.0},{"damage":1.0,"enemies":"3 Shapes","floor":35.0,"turns":6.0},{"damage":31.0,"enemies":"3 Darklings","floor":37.0,"turns":5.0},{"damage":27.0,"enemies":"Jaw Worm Horde","floor":39.0,"turns":5.0},{"damage":73,"enemies":"Reptomancer","floor":41,"turns":2}],"seed_played":"7925642879266941369","potions_obtained":[{"floor":1.0,"key":"DuplicationPotion"},{"floor":11.0,"key":"Dexterity Potion"},{"floor":13.0,"key":"ColorlessPotion"},{"floor":24.0,"key":"Explosive Potion"},{"floor":29.0,"key":"ColorlessPotion"},{"floor":31.0,"key":"Block Potion"},{"floor":33.0,"key":"EntropicBrew"},{"floor":39.0,"key":"FearPotion"}],"is_trial":false,"path_per_floor":["M","?","M","M","$","R","M","M","T","R","M","?","E","?","R","B",null,"M","?","?","$","M","R","M","R","T","?","R","E","R","M","R","B",null,"M","$","M","?","M","R","E"],"character_chosen":"THE_SILENT","items_purchased":["Noxious Fumes","Footwork","Lee\u0027s Waffle","Footwork","Fruit Juice","Mayhem"],"campfire_rested":2,"item_purchase_floors":[5,21,21,36,36,36],"current_hp_per_floor":[70,70,70,70,70,70,64,55,55,55,52,41,40,63,63,48,65,65,19,19,56,42,42,35,35,35,35,51,43,43,56,56,40,52,55,60,45,45,32,50,0,0],"gold":191,"neow_bonus":"THREE_ENEMY_KILL","is_daily":false,"chose_seed":false,"campfire_upgraded":7,"win_rate":0.0,"timestamp":1607771139,"path_taken":["M","?","?","?","$","R","M","M","T","R","M","?","E","?","R","BOSS","M","?","?","$","M","R","M","R","T","?","R","E","R","M","R","BOSS","M","$","?","?","M","R","E"],"items_purchased_type":["Card","Card","Relic","Card","Potion","Card"],"build_version":"2020-11-30","purchased_purges":2,"victory":false,"max_hp_per_floor":[70,70,70,70,70,70,70,70,70,70,70,70,70,70,70,70,70,70,70,49,56,56,56,56,56,56,56,56,56,56,56,56,56,56,56,61,61,61,61,61,61,61],"card_choices":[{"not_picked":["Quick Slash","Bane"],"picked":"Catalyst","floor":1.0},{"not_picked":["Reflex","Flying Knee"],"picked":"Dagger Spray","floor":3.0},{"not_picked":["Well Laid Plans","Underhanded Strike"],"picked":"Backflip","floor":4.0},{"not_picked":["Accuracy","Poisoned Stab"],"picked":"Noxious Fumes","floor":7.0},{"not_picked":["Dodge and Roll","Flying Knee","Outmaneuver"],"picked":"SKIP","floor":8.0},{"not_picked":["Dagger Throw","Flechettes","Well Laid Plans"],"picked":"SKIP","floor":11.0},{"not_picked":["Slice","Skewer"],"picked":"Backflip","floor":13.0},{"not_picked":["Storm of Steel","Grand Finale"],"picked":"Bullet Time","floor":16.0},{"not_picked":["Calculated Gamble","Expertise","Dodge and Roll"],"picked":"SKIP","floor":18.0},{"not_picked":["PiercingWail+1","Quick Slash+1"],"picked":"Sucker Punch","floor":22.0},{"not_picked":["Underhanded Strike","Dagger Spray","Tools of the Trade"],"picked":"SKIP","floor":24.0},{"not_picked":["Riddle With Holes","Escape Plan+1"],"picked":"Footwork+1","floor":29.0},{"not_picked":["Sucker Punch","Tactician"],"picked":"Terror","floor":31.0},{"not_picked":["Bullet Time","Wraith Form v2"],"picked":"Adrenaline","floor":33.0},{"not_picked":["Dagger Throw","Dagger Spray+1"],"picked":"Catalyst+1","floor":35.0},{"not_picked":["Concentrate","Sucker Punch+1","Quick Slash"],"picked":"SKIP","floor":37.0},{"not_picked":["All Out Attack+1","Catalyst+1","Poisoned Stab+1"],"picked":"SKIP","floor":39.0}],"player_experience":113869,"relics_obtained":[{"floor":9.0,"key":"Bottled Lightning"},{"floor":13.0,"key":"Thread and Needle"},{"floor":19.0,"key":"Red Mask"},{"floor":26.0,"key":"Nunchaku"},{"floor":29.0,"key":"Art of War"}],"event_choices":[{"damage_healed":0.0,"max_hp_gain":0.0,"max_hp_loss":0.0,"gold_gain":0.0,"event_name":"Accursed Blacksmith","player_choice":"Forge","floor":2.0,"gold_loss":0.0,"damage_taken":0.0,"cards_upgraded":["Neutralize"]},{"damage_healed":0.0,"max_hp_gain":0.0,"max_hp_loss":0.0,"gold_gain":75.0,"event_name":"World of Goop","player_choice":"Gather Gold","floor":12.0,"gold_loss":0.0,"damage_taken":11.0},{"damage_healed":23.0,"max_hp_gain":0.0,"max_hp_loss":0.0,"gold_gain":0.0,"event_name":"Big Fish","player_choice":"Banana","floor":14.0,"gold_loss":0.0,"damage_taken":0.0},{"damage_healed":0.0,"max_hp_gain":0.0,"max_hp_loss":0.0,"gold_gain":0.0,"event_name":"Masked Bandits","player_choice":"Fought Bandits","floor":19.0,"gold_loss":0.0,"damage_taken":0.0},{"damage_healed":0.0,"max_hp_gain":0.0,"max_hp_loss":21.0,"gold_gain":0.0,"event_name":"Vampires","player_choice":"Became a vampire","floor":20.0,"gold_loss":0.0,"damage_taken":0.0,"cards_obtained":["Bite","Bite","Bite","Bite","Bite"]},{"damage_healed":0.0,"max_hp_gain":0.0,"max_hp_loss":0.0,"gold_gain":250.0,"event_name":"The Joust","player_choice":"Bet on Owner","floor":27.0,"gold_loss":50.0,"damage_taken":0.0},{"cards_removed":["Survivor"],"damage_healed":0.0,"max_hp_gain":0.0,"max_hp_loss":0.0,"gold_gain":0.0,"event_name":"Purifier","player_choice":"Purged","floor":38.0,"gold_loss":0.0,"damage_taken":0.0}],"is_beta":false,"boss_relics":[{"not_picked":["Sozu","Velvet Choker"],"picked":"Philosopher\u0027s Stone"},{"not_picked":["Fusion Hammer","Pandora\u0027s Box","Runic Dome"]}],"items_purged_floors":[21,36],"is_endless":false,"potions_floor_spawned":[1,11,13,24,29,31,33,39],"killed_by":"Reptomancer","ascension_level":5}}