{"host":"e9x02d116nyd6j9y","time":1607800091,"event":{"mods":["BaseMod","Minty Spire (QoL Compilation)","SuperFastMode","everything is the same but u backflip on backflip"],"gold_per_floor":[109,122,136,86,103,103,103,103,103,103,117,137,168,168,168,264,264,275,200,180,195,195,195,195],"floor_reached":23,"playtime":751,"items_purged":[],"score":193,"play_id":"11bf4710-1451-4a1e-bc8a-7d6cc9d34991","local_time":"20201213040811","is_ascension_mode":false,"campfire_choices":[{"data":"Anger","floor":6,"key":"SMITH"},{"data":"Sword Boomerang","floor":8,"key":"SMITH"},{"data":"Bash","floor":10,"key":"SMITH"},{"floor":15,"key":"REST"}],"circlet_count":0,"master_deck":["Strike_R","Strike_R","Strike_R","Strike_R+1","Defend_R","Defend_R","Defend_R","Defend_R","Bash+1","Anger+1","Sword Boomerang+1","Thunderclap","Thunderclap+1","Sword Boomerang","Clash","Reaper","Headbutt","Iron Wave"],"relics":["Burning Blood","Question Card","Pantograph","Black Star"],"acts_visited":["Exordium","TheCity"],"potions_floor_usage":[13,16,23],"damage_taken":[{"damage":11,"enemies":"Jaw Worm","floor":1,"turns":2},{"damage":10,"enemies":"Small Slimes","floor":2,"turns":4},{"damage":4,"enemies":"Cultist","floor":3,"turns":3},{"damage":5,"enemies":"3 Louse","floor":5,"turns":3},{"damage":23,"enemies":"Large Slime","floor":11,"turns":7},{"damage":13,"enemies":"Red Slaver","floor":12,"turns":3},{"damage":11,"enemies":"Gremlin Nob","floor":13,"turns":4},{"damage":45,"enemies":"Hexaghost","floor":16,"turns":9},{"damage":27,"enemies":"Chosen","floor":18,"turns":5},{"damage":30,"enemies":"2 Thieves","floor":20,"turns":4},{"damage":35,"enemies":"Snecko","floor":21,"turns":5},{"damage":24,"enemies":"Slavers","floor":23,"turns":2}],"seed_played":"4668070424044503221","potions_obtained":[{"floor":0,"key":"GamblersBrew"},{"floor":0,"key":"Block Potion"},{"floor":0,"key":"Dexterity Potion"},{"floor":5,"key":"BloodPotion"},{"floor":13,"key":"SteroidPotion"},{"floor":16,"key":"Dexterity Potion"},{"floor":21,"key":"CultistPotion"}],"is_trial":false,"path_per_floor":["M","M","M","?","M","R","?","R","T","R","M","M","E","?","R","B",null,"M","?","M","M","$","E"],"character_chosen":"IRONCLAD","items_purchased":[],"campfire_rested":1,"item_purchase_floors":[],"current_hp_per_floor":[75,71,73,73,74,74,74,74,74,74,57,50,61,45,69,41,80,59,59,43,20,20,0,0],"gold":195,"neow_bonus":"THREE_SMALL_POTIONS","is_daily":false,"chose_seed":false,"campfire_upgraded":3,"win_rate":0.0,"timestamp":1607800091,"path_taken":["M","M","M","?","M","R","?","R","T","R","M","M","E","?","R","BOSS","M","?","M","M","$","E"],"items_purchased_type":[],"build_version":"2020-11-30","purchased_purges":0,"victory":false,"max_hp_per_floor":[80,80,80,80,80,80,80,80,80,80,80,80,80,80,80,80,80,80,80,80,80,80,80,80],"card_choices":[{"not_picked":["Iron Wave","Fire Breathing"],"picked":"Clothesline","floor":1},{"not_picked":["Uppercut","Rampage"],"picked":"Anger","floor":2},{"not_picked":["Anger","Dark Embrace"],"picked":"Sword Boomerang","floor":3},{"not_picked":["Berserk","Combust"],"picked":"Thunderclap","floor":5},{"not_picked":["Inflame","Hemokinesis","Body Slam"],"picked":"Thunderclap","floor":11},{"not_picked":["Perfected Strike","Warcry","Shrug It Off"],"picked":"Sword Boomerang","floor":12},{"not_picked":["Fire Breathing","Dark Embrace","Feel No Pain"],"picked":"Clash","floor":13},{"not_picked":["Berserk","Demon Form","Barricade"],"picked":"Reaper","floor":16},{"not_picked":["Armaments","True Grit+1","Feel No Pain+1"],"picked":"Headbutt","floor":18},{"not_picked":["Disarm","Shrug It Off+1","Warcry"],"picked":"Iron Wave","floor":20},{"not_picked":["Clothesline","Shockwave+1","Fire Breathing+1","True Grit"],"picked":"SKIP","floor":21}],"player_experience":1451,"relics_obtained":[{"floor":9,"key":"Question Card"},{"floor":13,"key":"Pantograph"}],"event_choices":[{"cards_removed":["Clothesline"],"damage_healed":0,"gold_gain":0,"player_choice":"Card Removal","damage_taken":0,"max_hp_gain":0,"max_hp_loss":0,"event_name":"The Cleric","floor":4,"gold_loss":50},{"damage_healed":0,"gold_gain":0,"player_choice":"Ignored","damage_taken":0,"max_hp_gain":0,"max_hp_loss":0,"event_name":"Golden Idol","floor":7,"gold_loss":0},{"damage_healed":0,"gold_gain":0,"player_choice":"Entered Light","damage_taken":16,"max_hp_gain":0,"max_hp_loss":0,"event_name":"Shining Light","floor":14,"gold_loss":0,"cards_upgraded":["Strike_R","Thunderclap"]},{"cards_removed":["Strike_R"],"damage_healed":0,"gold_gain":0,"player_choice":"Gave Gold","damage_taken":0,"max_hp_gain":0,"max_hp_loss":0,"event_name":"Beggar","floor":19,"gold_loss":75}],"is_beta":false,"boss_relics":[{"not_picked":["SlaversCollar","Tiny House"],"picked":"Black Star"}],"items_purged_floors":[],"is_endless":false,"potions_floor_spawned":[5,13,16,21],"killed_by":"Slavers","ascension_level":0}}