{"host":"39edsv1n7lhvfemz","time":1607780971,"event":{"mods":["Act Like it!","BaseMod","Better Vampires","Better-Laid Plans","CapriCore","Friendly Minions","Lobotomy","LobotomyExtend","Minty Spire (QoL Compilation)","Pale of the Ancients","StSLib","The Jungle","Waifu the Spire","noobMod","¡¾ÒÅÎï¿¨ÅÆ¡¿REMEMod"],"gold_per_floor":[109,184,184,199,213,213,246,262,289,304,28,28,28,59,59,59,59],"floor_reached":16,"playtime":525,"items_purged":["VoidDream"],"score":216,"play_id":"a904884b-74f5-4c3d-ab0b-d37f77e19bb3","local_time":"20201212214931","is_ascension_mode":true,"campfire_choices":[{"data":"Cloak And Dagger","floor":6,"key":"SMITH"},{"data":"Cloak And Dagger","floor":12,"key":"SMITH"},{"floor":15,"key":"RECALL"}],"circlet_count":0,"master_deck":["AscendersBane","Strike_G","Strike_G","Strike_G","Strike_G","Strike_G","Defend_G","Defend_G","Defend_G","Defend_G","Defend_G","Survivor+1","Neutralize+1","Cloak And Dagger+1","Wellcheers","OldLady","QueenOfHatred","Backstab+1","BeautyBeast","Dramatic Entrance+1","Dazed","WhitesApple","Cloak And Dagger+1","Freischutz"],"relics":["Ring of the Snake","ice","REME_ComplimentaryCards","CogitoBucket","LetterFromLob","Oddly Smooth Stone","Regal Pillow","AdjustmentMirror","Lantern","Moonlight_r","Nunchaku"],"acts_visited":["Exordium"],"potions_floor_usage":[7],"damage_taken":[{"damage":28,"enemies":"Jaw Worm","floor":1,"turns":4},{"damage":0,"enemies":"Small Slimes","floor":4,"turns":5},{"damage":56,"enemies":"Cultist","floor":5,"turns":8},{"damage":17,"enemies":"Lagavulin","floor":7,"turns":8},{"damage":0,"enemies":"Looter","floor":8,"turns":2},{"damage":14,"enemies":"Exordium Thugs","floor":10,"turns":4},{"damage":0,"enemies":"3 Sentries","floor":14,"turns":2},{"damage":10,"enemies":"The Guardian","floor":16,"turns":4}],"seed_played":"3313129525546320795","potions_obtained":[{"floor":4,"key":"Explosive Potion"},{"floor":5,"key":"Swift Potion"},{"floor":8,"key":"FearPotion"}],"is_trial":false,"path_per_floor":["M","?","?","M","M","R","E","M","T","M","$","R","M","E","R","B"],"character_chosen":"THE_SILENT","items_purchased":["Cloak And Dagger","Lantern"],"campfire_rested":0,"item_purchase_floors":[11,11],"current_hp_per_floor":[35,24,70,70,14,14,69,72,72,64,64,64,1,1,1,0,0],"gold":59,"neow_bonus":"","is_daily":false,"chose_seed":false,"campfire_upgraded":2,"win_rate":0.0,"timestamp":1607780971,"path_taken":["M","?","?","M","M","R","E","M","T","?","?","R","M","E","R","BOSS"],"items_purchased_type":["Card","Card"],"build_version":"2020-11-30","purchased_purges":1,"victory":false,"max_hp_per_floor":[70,70,70,70,70,70,71,72,72,78,78,78,1,2,2,10,10],"card_choices":[{"not_picked":["Bloodbath","ShyLook"],"picked":"VoidDream","floor":1},{"not_picked":["Accuracy","Slice"],"picked":"Cloak And Dagger","floor":1},{"not_picked":["Murderer","Bloodbath"],"picked":"Wellcheers","floor":4},{"not_picked":["Reflex","Deflect","Deadly Poison"],"picked":"SKIP","floor":4},{"not_picked":["BeautyBeast","Bloodbath"],"picked":"OldLady","floor":5},{"not_picked":["Outmaneuver","Quick Slash","Slice"],"picked":"SKIP","floor":5},{"not_picked":["PunishingBird","Bloodbath"],"picked":"QueenOfHatred","floor":7},{"not_picked":["Deflect","Unload"],"picked":"Backstab","floor":7},{"not_picked":["WallGazer","OSAHOGD"],"picked":"BeautyBeast","floor":8},{"not_picked":["Setup","Finisher","PiercingWail"],"picked":"SKIP","floor":8},{"not_picked":["Caltrops","PiercingWail"],"picked":"Well Laid Plans","floor":10},{"not_picked":["CherryBlossoms","Scarecrow"],"picked":"WhitesApple","floor":10},{"not_picked":["Woodsman","HeroicMonk"],"picked":"Freischutz","floor":14},{"not_picked":["Deadly Poison","Masterful Stab","Flechettes"],"picked":"SKIP","floor":14}],"player_experience":142963,"relics_obtained":[{"floor":1,"key":"LetterFromLob"},{"floor":7,"key":"Oddly Smooth Stone"},{"floor":9,"key":"Regal Pillow"},{"floor":14,"key":"Nunchaku"}],"event_choices":[{"damage_healed":0,"gold_gain":75,"player_choice":"Gather Gold","damage_taken":11,"max_hp_gain":0,"max_hp_loss":0,"event_name":"World of Goop","floor":2,"gold_loss":0},{"damage_healed":46,"gold_gain":0,"player_choice":"Full Heal","damage_taken":0,"max_hp_gain":0,"max_hp_loss":0,"event_name":"Wheel of Change","floor":3,"gold_loss":0}],"is_beta":false,"boss_relics":[],"items_purged_floors":[11],"is_endless":false,"potions_floor_spawned":[4,5,8,10,14],"killed_by":"The Guardian","ascension_level":12}}