{"host":"ktr1tislz6a097sj","time":1607791128,"event":{"mods":["BaseMod","Downfall","Marisa£®ÏF”Í°°ƒß¿Ì…≥£©","Minty Spire (QoL Compilation)","Quick Restart","Replay The Spire","StSLib","The Cursed","The Servant 0.9.4"],"gold_per_floor":[117,117,130,130,144,171,186,186,186,202,235,235,263,290,290,395,395,410,410,423,193,211,242,259,287,311,311,325,325,351,303,315,428,440,467,479,491,516,539,551,582,21,21,21,21,37,37,37,37,37,37,37,37,70,70,70],"floor_reached":55,"playtime":5092,"items_purged":["Strike_R"],"score":740,"play_id":"d670716f-ccfc-467d-8863-ea2d4bf7708f","local_time":"20201213003848","is_ascension_mode":true,"campfire_choices":[{"floor":8.0,"key":"RECALL"},{"data":"Double Tap","floor":12.0,"key":"SMITH"},{"floor":15.0,"key":"REST"},{"floor":32,"key":"REST"},{"data":"Barricade","floor":40,"key":"SMITH"},{"data":"Brutality","floor":45,"key":"SMITH"},{"floor":49,"key":"REST"},{"data":"expansioncontent:Corrupt","floor":52,"key":"SMITH"}],"circlet_count":0,"master_deck":["Defend_R","Defend_R","Defend_R","Life Link","Combust","Battle Trance","Warcry","Double Tap+1","Spot Weakness","Metallicize","Reaper","Warcry","Necronomicurse","Flex","Defy Death","Battle Trance","Feed","Anger+1","Feed","Heavy Blade","Carnage","Barricade+1","Fiend Fire","Entrench+1","Replay:Undeath\u0027s Touch+1","Brutality+1","Panache","ReplayReversal+1","Madness","Madness","Forethought","Panache","expansioncontent:Corrupt+1","Armaments+1"],"relics":["Burning Blood","FossilizedHelix","WingedGreaves","Torii","PreservedInsect","Question Card","Replay:Drink Me","Necronomicon","Whetstone","Pet Ghost","ReplayTheSpireMod:Spearhead","MawBank","Replay:Bronze Core","Mummified Hand","Happy Flower","ReplayTheSpireMod:Ninjato","Toy Ornithopter"],"acts_visited":["Exordium","TheCity","TheBeyond","TheEnding"],"potions_floor_usage":[50,50,55],"damage_taken":[{"damage":1.0,"enemies":"Cultist","floor":1.0,"turns":4.0},{"damage":6.0,"enemies":"Jaw Worm","floor":3.0,"turns":3.0},{"damage":2.0,"enemies":"Small Slimes","floor":5.0,"turns":3.0},{"damage":11.0,"enemies":"Gremlin Nob","floor":6.0,"turns":3.0},{"damage":7.0,"enemies":"Looter","floor":7.0,"turns":3.0},{"damage":7.0,"enemies":"Lots of Slimes","floor":10.0,"turns":2.0},{"damage":28.0,"enemies":"3 Sentries","floor":11.0,"turns":6.0},{"damage":34.0,"enemies":"Lagavulin","floor":13.0,"turns":4.0},{"damage":17.0,"enemies":"Gremlin Nob","floor":14.0,"turns":3.0},{"damage":34.0,"enemies":"Slime Boss","floor":16.0,"turns":6.0},{"damage":59.0,"enemies":"Spheric Guardian","floor":18.0,"turns":11.0},{"damage":41.0,"enemies":"2 Thieves","floor":20.0,"turns":4.0},{"damage":34.0,"enemies":"Centurion and Healer","floor":22.0,"turns":12.0},{"damage":47.0,"enemies":"Gremlin Leader","floor":23.0,"turns":5.0},{"damage":10.0,"enemies":"Snake Plant","floor":24.0,"turns":8.0},{"damage":41.0,"enemies":"Slavers","floor":25.0,"turns":5.0},{"damage":45.0,"enemies":"Shelled Parasite and Fungi","floor":28.0,"turns":6.0},{"damage":29,"enemies":"Gremlin Leader","floor":30,"turns":6},{"damage":54,"enemies":"Automaton","floor":33,"turns":10},{"damage":0,"enemies":"Orb Walker","floor":35,"turns":2},{"damage":9,"enemies":"3 Shapes","floor":38,"turns":4},{"damage":1,"enemies":"Maw","floor":39,"turns":10},{"damage":26,"enemies":"Writhing Mass","floor":41,"turns":5},{"damage":4,"enemies":"Transient","floor":46,"turns":5},{"damage":52,"enemies":"Donu and Deca","floor":50,"turns":6},{"damage":6,"enemies":"Shield and Spear","floor":54,"turns":4},{"damage":93,"enemies":"The Heart","floor":55,"turns":7}],"seed_played":"1651213367107955485","potions_obtained":[{"floor":1.0,"key":"Energy Potion"},{"floor":2.0,"key":"Adrenaline Potion"},{"floor":2.0,"key":"HeartOfIron"},{"floor":10.0,"key":"FairyPotion"},{"floor":14.0,"key":"LiquidMemories"},{"floor":22.0,"key":"SpeedPotion"},{"floor":24.0,"key":"Strength Potion"},{"floor":28.0,"key":"PowerPotion"},{"floor":33,"key":"Adrenaline Potion"}],"is_trial":false,"path_per_floor":["M","?","M","?","M","E","M","R","T","M","E","R","E","E","R","B",null,"M","?","M","$","M","E","M","E","T","?","M","?","E","?","R","B",null,"M","?","?","M","M","R","M","$","T","$","R","M","?","?","R","B",null,"R","$","E","B"],"character_chosen":"IRONCLAD","items_purchased":["Whetstone","Mummified Hand","Happy Flower","Panache"],"campfire_rested":3,"item_purchase_floors":[21,42,42,42],"current_hp_per_floor":[88,88,88,88,88,83,82,82,82,81,59,59,31,20,46,18,66,13,19,12,12,12,10,15,31,31,31,18,18,11,11,33,40,78,78,78,78,81,84,84,64,64,64,64,64,80,69,59,84,73,84,84,84,84,0,0],"gold":70,"neow_bonus":"TEN_PERCENT_HP_BONUS","is_daily":false,"chose_seed":false,"campfire_upgraded":4,"win_rate":0.0,"timestamp":1607791128,"path_taken":["M","?","?","?","M","E","M","R","T","?","E","R","E","E","R","BOSS","M","?","M","$","M","E","M","E","T","?","?","?","E","?","R","BOSS","M","?","?","M","M","R","M","$","T","$","R","M","?","?","R","BOSS","R","$","E","BOSS"],"items_purchased_type":["Relic","Relic","Relic","Card"],"build_version":"2020-11-30","purchased_purges":1,"victory":false,"max_hp_per_floor":[88,88,88,88,88,88,88,88,88,88,88,88,88,88,88,88,66,66,66,66,66,66,66,66,69,69,69,75,75,75,75,75,78,78,78,78,78,84,84,84,84,84,84,84,84,84,84,84,84,84,84,84,84,84,84,84],"card_choices":[{"not_picked":["Pommel Strike","Perfected Strike"],"picked":"Life Link","floor":1.0},{"not_picked":["True Grit","Perfected Strike"],"picked":"Combust","floor":3.0},{"not_picked":["Iron Wave","Combust"],"picked":"Hemokinesis","floor":5.0},{"not_picked":["Armaments","Pummel"],"picked":"Battle Trance","floor":6.0},{"not_picked":["Clash","Twin Strike"],"picked":"Warcry","floor":7.0},{"not_picked":["Run Through","Body Slam"],"picked":"Double Tap","floor":10.0},{"not_picked":["Flame Barrier","Run Through","Headbutt"],"picked":"SKIP","floor":11.0},{"not_picked":["Flame Barrier","Run Through","Headbutt"],"picked":"SKIP","floor":11.0},{"not_picked":["Flex","ReplayTheSpireMod:Corrosion Curse"],"picked":"Spot Weakness","floor":13.0},{"not_picked":["Replay:Undeath\u0027s Touch","Rage"],"picked":"Metallicize","floor":14.0},{"not_picked":["Offering","Juggernaut","Fiend Fire"],"picked":"Reaper","floor":16.0},{"not_picked":["ReplayReversal","Perfected Strike","Dark Embrace+1"],"picked":"Warcry","floor":18.0},{"not_picked":["Inflame+1","Heavy Blade","Reckless Charge+1"],"picked":"Flex","floor":20.0},{"not_picked":["Pommel Strike+1","Replay:Undeath\u0027s Touch","Run Through"],"picked":"Defy Death","floor":22.0},{"not_picked":["Rage","Sword Boomerang","True Grit"],"picked":"Battle Trance","floor":23.0},{"not_picked":["Flex+1","Twin Strike","Anger+1"],"picked":"Feed","floor":24.0},{"not_picked":["Metallicize+1","Cleave","Feel No Pain"],"picked":"Anger+1","floor":25.0},{"not_picked":["Headbutt","Clash","Cleave","Sword Boomerang"],"picked":"SKIP","floor":28.0},{"not_picked":["Sword Boomerang","Perfected Strike+1","Run Through"],"picked":"Barricade","floor":30},{"not_picked":["Limit Break","Reaper","Demonic Infusion"],"picked":"Fiend Fire","floor":33},{"not_picked":["Twin Strike+1","Shrug It Off","Sword Boomerang","Searing Blow"],"picked":"SKIP","floor":35},{"not_picked":["Warcry+1","Pummel","Twin Strike"],"picked":"Entrench+1","floor":38},{"not_picked":["Clothesline+1","True Grit","ReplayTheSpireMod:Strike From Hell"],"picked":"Replay:Undeath\u0027s Touch+1","floor":39},{"not_picked":["Warcry","Perfected Strike","Intimidate"],"picked":"Brutality","floor":41},{"not_picked":["ReplayTheSpireMod:Limb From Limb","Run Through+1","Thunderclap"],"picked":"ReplayReversal+1","floor":46},{"not_picked":["expansioncontent:YouAreMine","Panacea","Dramatic Entrance"],"picked":"Forethought","floor":48},{"not_picked":["expansioncontent:ManipulateTime","Replay:Bootleg Shield Generator","ReplayUltimateDefense"],"picked":"Panache","floor":48},{"not_picked":["Specialist","expansioncontent:Sear","Thinking Ahead"],"picked":"expansioncontent:Corrupt","floor":48},{"not_picked":["Abandon+1","Shrug It Off+1","ReplayTheSpireMod:Corrosion Curse"],"picked":"Armaments+1","floor":54}],"player_experience":27993,"relics_obtained":[{"floor":6.0,"key":"FossilizedHelix"},{"floor":9.0,"key":"WingedGreaves"},{"floor":11.0,"key":"Torii"},{"floor":13.0,"key":"PreservedInsect"},{"floor":14.0,"key":"Question Card"},{"floor":19.0,"key":"Necronomicon"},{"floor":23.0,"key":"Pet Ghost"},{"floor":25.0,"key":"ReplayTheSpireMod:Spearhead"},{"floor":30,"key":"MawBank"},{"floor":43,"key":"ReplayTheSpireMod:Ninjato"},{"floor":54,"key":"Toy Ornithopter"}],"event_choices":[{"damage_healed":0.0,"max_hp_gain":0.0,"max_hp_loss":0.0,"gold_gain":0.0,"event_name":"Lab","player_choice":"Got Potions","floor":2.0,"gold_loss":0.0,"damage_taken":0.0},{"cards_removed":["Strike_R"],"damage_healed":0.0,"max_hp_gain":0.0,"max_hp_loss":0.0,"gold_gain":0.0,"event_name":"Wheel of Change","player_choice":"Card Removal","floor":4.0,"gold_loss":0.0,"damage_taken":0.0},{"damage_healed":0.0,"max_hp_gain":0.0,"max_hp_loss":0.0,"gold_gain":0.0,"event_name":"Cursed Tome","player_choice":"Obtained Book","floor":19.0,"gold_loss":0.0,"damage_taken":16.0},{"damage_healed":0.0,"max_hp_gain":0.0,"max_hp_loss":0.0,"gold_gain":0.0,"event_name":"Duplicator","player_choice":"Copied","floor":27.0,"gold_loss":0.0,"damage_taken":0.0,"cards_obtained":["Feed"]},{"damage_healed":0.0,"max_hp_gain":0.0,"max_hp_loss":0.0,"gold_gain":0.0,"cards_transformed":["Hemokinesis","Strike_R"],"event_name":"Drug Dealer","player_choice":"Became Test Subject","floor":29.0,"gold_loss":0.0,"damage_taken":0.0,"cards_obtained":["Heavy Blade","Carnage"]},{"cards_removed":["Defend_R"],"damage_healed":0,"gold_gain":0,"player_choice":"Removed Skill","damage_taken":0,"max_hp_gain":0,"max_hp_loss":0,"event_name":"Falling","floor":36,"gold_loss":0},{"damage_healed":0,"gold_gain":0,"player_choice":"Ignored","damage_taken":0,"max_hp_gain":0,"max_hp_loss":0,"event_name":"Tomb of Lord Red Mask","floor":37,"gold_loss":0},{"damage_healed":0,"gold_gain":0,"player_choice":"Embrace Madness","damage_taken":11,"max_hp_gain":0,"max_hp_loss":0,"event_name":"Winding Halls","floor":47,"gold_loss":0,"cards_obtained":["Madness","Madness"]},{"damage_healed":0,"gold_gain":0,"player_choice":"Memory 3","damage_taken":10,"max_hp_gain":0,"max_hp_loss":0,"event_name":"SensoryStone","floor":48,"gold_loss":0}],"is_beta":false,"boss_relics":[{"not_picked":["Busted Crown","Replay:Wanted Poster"],"picked":"Replay:Drink Me"},{"not_picked":["Replay:Ancient Bell","Ring of Chaos"],"picked":"Replay:Bronze Core"}],"items_purged_floors":[21],"is_endless":false,"potions_floor_spawned":[1,5,7,10,14,22,24,28,33,38],"killed_by":"The Heart","ascension_level":1}}