{"host":"6p0attdrtjqaih7v","time":1607756831,"event":{"mods":["2.2 Compatiblity","AchievementEnabler","Bard","BaseMod","Better Skull","Better Third Choice","Colored Powertips","Hermit","Highlight Path","Jorbs\u0027s Wanderer Trilogy","Key Reminder","Minty Spire (QoL Compilation)","Permanent Neow","Quick Restart","Random Character Button","Relic Stats","Replay The Spire","StSLib","The Construct"],"gold_per_floor":[110,126,143,68,113,113,148,148,222,222,239,254,254,286,286,360,360,375,391,403,6,6,6,6,24,24,66,66,142,142,153,153,153,153],"floor_reached":33,"playtime":1633,"items_purged":["construct:Strike_Gold"],"score":555,"play_id":"f657a8f5-2b66-454a-add8-0e1c08e3bb25","local_time":"20201212020711","is_ascension_mode":true,"campfire_choices":[{"data":"construct:ScopeCore","floor":6,"key":"SMITH"},{"data":"construct:PowerUp","floor":8,"key":"SMITH"},{"data":"construct:PowerUp+1","floor":10,"key":"SMITH"},{"data":"construct:OneWayMirror","floor":13,"key":"SMITH"},{"data":"construct:PhosphorStorm","floor":15,"key":"SMITH"},{"floor":23,"key":"REST"},{"data":"construct:PowerUp","floor":28,"key":"SMITH"},{"data":"construct:PowerUp+1","floor":30,"key":"SMITH"},{"data":"construct:Afterburners","floor":32,"key":"SMITH"}],"circlet_count":0,"master_deck":["AscendersBane","construct:Strike_Gold","construct:Strike_Gold","construct:Strike_Gold","construct:Strike_Gold","construct:Defend_Gold","construct:Defend_Gold","construct:Defend_Gold","construct:Defend_Gold","construct:AttackMode","construct:DefenseMode","construct:SyphonStrike","construct:GatlingGun","construct:ScopeCore+1","construct:PhosphorStorm+1","construct:PowerUp+2","construct:Missile","construct:OneWayMirror+1","construct:SuppressiveFire","construct:Afterburners+1","AbeCurse","construct:PowerUp+2","Panacea","construct:ScopeCore"],"relics":["construct:ClockworkPhoenix","ReplayTheSpireMod:TigerMarble","Pet Ghost","Replay:Mystery Machine","Eternal Feather","Simple Rune","Replay:Grab Bag","Abe\u0027s Treasure","construct:WeddingRing","Happy Flower","Nilry\u0027s Codex","Letter Opener","CeramicFish","Replay:Ringing Soul"],"acts_visited":["Exordium","TheCity"],"potions_floor_usage":[12,14,16,18,20,25,27,33],"damage_taken":[{"damage":2,"enemies":"Jaw Worm","floor":1,"turns":4},{"damage":0,"enemies":"Small Slimes","floor":2,"turns":4},{"damage":1,"enemies":"Cultist","floor":3,"turns":4},{"damage":15,"enemies":"Lagavulin","floor":7,"turns":6},{"damage":1,"enemies":"Blue Slaver","floor":11,"turns":3},{"damage":1,"enemies":"2 Fungi Beasts","floor":12,"turns":3},{"damage":12,"enemies":"3 Sentries","floor":14,"turns":7},{"damage":36,"enemies":"Hexaghost","floor":16,"turns":10},{"damage":27,"enemies":"3 Byrds","floor":18,"turns":5},{"damage":0,"enemies":"Spheric Guardian","floor":19,"turns":3},{"damage":8,"enemies":"Chosen and Byrds","floor":20,"turns":5},{"damage":20,"enemies":"Snecko","floor":25,"turns":5},{"damage":0,"enemies":"Gremlin Leader","floor":27,"turns":7},{"damage":25,"enemies":"Sentry and Sphere","floor":31,"turns":6},{"damage":49,"enemies":"Collector","floor":33,"turns":5}],"seed_played":"-4610394242490705109","potions_obtained":[{"floor":3,"key":"SpeedPotion"},{"floor":5,"key":"SkillPotion"},{"floor":12,"key":"Weak Potion"},{"floor":16,"key":"Flashbang"},{"floor":18,"key":"construct:ShiftPotion"},{"floor":25,"key":"ColorlessPotion"},{"floor":31,"key":"PowerPotion"}],"is_trial":false,"path_per_floor":["M","M","M","?","?","R","E","R","T","R","M","M","R","E","R","B",null,"M","M","M","$","?","R","?","M","T","E","R","T","R","M","R","B"],"character_chosen":"THE_CONSTRUCT_MOD","items_purchased":["Happy Flower","Panacea","Block Potion"],"campfire_rested":1,"item_purchase_floors":[21,21,21],"current_hp_per_floor":[70,70,69,69,43,43,28,28,28,37,36,35,47,35,47,11,63,36,36,28,28,7,43,43,23,23,23,35,35,47,22,34,0,0],"gold":153,"neow_bonus":"RANDOM_COMMON_RELIC","is_daily":false,"chose_seed":false,"campfire_upgraded":8,"win_rate":0.0,"timestamp":1607756831,"path_taken":["M","M","M","?","?","R","E","R","T","R","M","M","R","E","R","BOSS","M","?","M","$","?","R","?","M","T","E","R","?","R","M","R","BOSS"],"items_purchased_type":["Relic","Card","Potion"],"build_version":"2020-11-30","purchased_purges":1,"victory":false,"max_hp_per_floor":[80,80,80,80,80,80,80,80,80,80,80,80,80,80,80,80,80,80,80,80,80,80,80,80,80,80,80,80,80,80,80,80,80,80],"relic_stats":{"Happy Flower":[7],"counters":[15,77],"CeramicFish":9,"Eternal Feather":81,"Letter Opener":[70],"obtain_stats":[{"construct:WeddingRing":17,"Happy Flower":21,"Nilry\u0027s Codex":22,"Replay:Grab Bag":17,"CeramicFish":27,"Eternal Feather":9,"Letter Opener":26,"construct:ClockworkPhoenix":0,"Replay:Mystery Machine":7,"Pet Ghost":5,"Replay:Ringing Soul":29,"Simple Rune":14,"ReplayTheSpireMod:TigerMarble":0,"Abe\u0027s Treasure":17},{"construct:WeddingRing":8,"Happy Flower":11,"Nilry\u0027s Codex":11,"Replay:Grab Bag":8,"CeramicFish":13,"Eternal Feather":4,"Letter Opener":12,"construct:ClockworkPhoenix":0,"Replay:Mystery Machine":4,"Pet Ghost":3,"Replay:Ringing Soul":13,"Simple Rune":7,"ReplayTheSpireMod:TigerMarble":0,"Abe\u0027s Treasure":8},{"construct:WeddingRing":41,"Happy Flower":54,"Nilry\u0027s Codex":54,"Replay:Grab Bag":41,"CeramicFish":66,"Eternal Feather":18,"Letter Opener":59,"construct:ClockworkPhoenix":0,"Replay:Mystery Machine":18,"Pet Ghost":12,"Replay:Ringing Soul":66,"Simple Rune":31,"ReplayTheSpireMod:TigerMarble":0,"Abe\u0027s Treasure":41}]},"card_choices":[{"not_picked":["ReplayTheSpireMod:Mirror System","construct:Rollout"],"picked":"construct:SyphonStrike","floor":1},{"not_picked":["construct:SweepLaser","construct:SaveState"],"picked":"construct:GatlingGun","floor":2},{"not_picked":["construct:Boost","construct:SweepLaser"],"picked":"construct:ScopeCore","floor":3},{"not_picked":["construct:ModeShift","construct:ScrapCannon"],"picked":"construct:PhosphorStorm","floor":5},{"not_picked":["construct:Autoturret","construct:SaveState"],"picked":"construct:PowerUp","floor":5},{"not_picked":["construct:Antimatter","construct:Backup"],"picked":"construct:Missile","floor":7},{"not_picked":["construct:Analyze","construct:ModeShift"],"picked":"construct:OneWayMirror","floor":11},{"not_picked":["construct:Boost","construct:Analyze"],"picked":"construct:SuppressiveFire","floor":12},{"not_picked":["construct:HeavyBolt","construct:Tumble","construct:CreateCores"],"picked":"SKIP","floor":14},{"not_picked":["construct:Supernova","construct:GoldenBullet"],"picked":"construct:Afterburners","floor":16},{"not_picked":["construct:FierceBash","construct:Overcharge","construct:Autoturret+1"],"picked":"SKIP","floor":18},{"not_picked":["construct:VentSteam","construct:Autoturret"],"picked":"construct:PowerUp","floor":19},{"not_picked":["construct:ForceCore+1","construct:SaveState","construct:FlammableFog+1"],"picked":"SKIP","floor":20},{"not_picked":["construct:Implosion+1","construct:Accumulate","construct:FlammableFog"],"picked":"SKIP","floor":25},{"not_picked":["construct:FlammableFog","construct:Disrupt"],"picked":"construct:ScopeCore","floor":27},{"not_picked":["construct:SweepLaser+1","construct:SaveState","construct:VentSteam"],"picked":"SKIP","floor":31}],"player_experience":819406,"relics_obtained":[{"floor":5,"key":"Pet Ghost"},{"floor":7,"key":"Replay:Mystery Machine"},{"floor":9,"key":"Eternal Feather"},{"floor":14,"key":"Simple Rune"},{"floor":22,"key":"Nilry\u0027s Codex"},{"floor":26,"key":"Letter Opener"},{"floor":27,"key":"CeramicFish"},{"floor":29,"key":"Replay:Ringing Soul"}],"event_choices":[{"cards_removed":["construct:Defend_Gold"],"damage_healed":0,"gold_gain":0,"player_choice":"Card Removal","damage_taken":0,"max_hp_gain":0,"max_hp_loss":0,"event_name":"The Cleric","floor":4,"gold_loss":75},{"damage_healed":0,"gold_gain":0,"player_choice":"Obtained Book","damage_taken":21,"max_hp_gain":0,"max_hp_loss":0,"event_name":"Cursed Tome","floor":22,"gold_loss":0},{"damage_healed":0,"gold_gain":0,"player_choice":"Ignored","damage_taken":0,"max_hp_gain":0,"max_hp_loss":0,"event_name":"Vampires","floor":24,"gold_loss":0}],"is_beta":false,"boss_relics":[{"not_picked":["Coffee Dripper","construct:ClawGrip"],"picked":"Replay:Grab Bag"},{"not_picked":["Replay:Wanted Poster","Philosopher\u0027s Stone"],"picked":"Abe\u0027s Treasure"},{"not_picked":["Astrolabe","Empty Cage"],"picked":"construct:WeddingRing"}],"items_purged_floors":[21],"is_endless":false,"potions_floor_spawned":[3,7,12,16,18,25,31],"killed_by":"Collector","ascension_level":17}}