{"host":"Ilker","time":1607799742,"event":{"mods":["BaseMod","Bestiary","Block Reminder","Colored Map","DeckTracker","Highlight Path","Minty Spire (QoL Compilation)","Quick Restart","Relic Sorter","Relic Stats"],"gold_per_floor":[111,111,127,144,41,74,84,84,84,101,101,131,148,175,175,247,247,266,277,15,33,0,0,0,0],"floor_reached":24,"playtime":1494,"items_purged":["Defend_P"],"score":536,"play_id":"6f9c71b1-f468-4541-afb4-bb959959f79c","local_time":"20201212220222","is_ascension_mode":true,"campfire_choices":[{"data":"Alpha","floor":8.0,"key":"SMITH"},{"data":"Vigilance","floor":11.0,"key":"SMITH"},{"data":"Meditate","floor":15.0,"key":"SMITH"},{"floor":23,"key":"REST"}],"circlet_count":0,"master_deck":["AscendersBane","Strike_P","Strike_P","Strike_P","Defend_P","Defend_P","Defend_P","Eruption","Vigilance+1","FlurryOfBlows","BowlingBash","EmptyFist","Evaluate+1","Alpha+1","CutThroughFate","Meditate+1","LessonLearned","ThirdEye","WaveOfTheHand","Tantrum","DevaForm","Dark Shackles","MentalFortress"],"relics":["PureWater","Ornamental Fan","Singing Bowl","TeardropLocket","Yang","Velvet Choker","Orrery"],"acts_visited":["Exordium","TheCity"],"potions_floor_usage":[24],"damage_taken":[{"damage":9.0,"enemies":"Jaw Worm","floor":1.0,"turns":6.0},{"damage":0.0,"enemies":"Cultist","floor":3.0,"turns":2.0},{"damage":0.0,"enemies":"2 Louse","floor":4.0,"turns":2.0},{"damage":0.0,"enemies":"Gremlin Nob","floor":6.0,"turns":2.0},{"damage":0.0,"enemies":"Looter","floor":7.0,"turns":2.0},{"damage":0.0,"enemies":"3 Louse","floor":10.0,"turns":4.0},{"damage":0.0,"enemies":"Lagavulin","floor":12.0,"turns":5.0},{"damage":7.0,"enemies":"Exordium Thugs","floor":13.0,"turns":3.0},{"damage":3.0,"enemies":"3 Sentries","floor":14.0,"turns":4.0},{"damage":31.0,"enemies":"Hexaghost","floor":16.0,"turns":7.0},{"damage":21.0,"enemies":"Chosen","floor":18.0,"turns":5.0},{"damage":15.0,"enemies":"Shell Parasite","floor":19.0,"turns":4.0},{"damage":5.0,"enemies":"Cultist and Chosen","floor":21.0,"turns":5.0},{"damage":66,"enemies":"Slavers","floor":24,"turns":3}],"seed_played":"-6983332945698700974","potions_obtained":[{"floor":3.0,"key":"Strength Potion"},{"floor":6.0,"key":"Block Potion"},{"floor":7.0,"key":"SteroidPotion"},{"floor":12.0,"key":"DuplicationPotion"},{"floor":13.0,"key":"SpeedPotion"},{"floor":14.0,"key":"LiquidBronze"},{"floor":16.0,"key":"StancePotion"},{"floor":21.0,"key":"FearPotion"}],"is_trial":false,"path_per_floor":["M","?","M","M","$","E","M","R","T","M","R","E","M","E","R","B",null,"M","M","$","M","?","R","E"],"character_chosen":"WATCHER","items_purchased":["Evaluate","Orrery","Dark Shackles"],"campfire_rested":1,"item_purchase_floors":[5,20,20],"current_hp_per_floor":[58,58,58,58,58,58,58,58,58,60,60,60,55,54,54,23,66,45,32,36,31,31,56,0,0],"gold":0,"neow_bonus":"TEN_PERCENT_HP_BONUS","is_daily":false,"chose_seed":false,"campfire_upgraded":3,"win_rate":0.0,"timestamp":1607799742,"path_taken":["M","?","M","M","$","E","M","R","T","M","R","E","M","E","R","BOSS","M","?","?","M","?","R","E"],"items_purchased_type":["Card","Relic","Card"],"build_version":"2020-12-07","purchased_purges":1,"victory":false,"max_hp_per_floor":[74,74,74,74,74,74,74,74,74,76,76,76,78,80,80,80,80,80,82,86,86,86,86,86,86],"relic_stats":{"Singing Bowl":12,"counters":[14,54],"Ornamental Fan":[52],"Yang":[44],"obtain_stats":[{"Singing Bowl":9,"Ornamental Fan":6,"Velvet Choker":17,"Orrery":20,"Yang":14,"TeardropLocket":12,"PureWater":0},{"Singing Bowl":5,"Ornamental Fan":4,"Velvet Choker":10,"Orrery":12,"Yang":9,"TeardropLocket":7,"PureWater":0},{"Singing Bowl":14,"Ornamental Fan":12,"Velvet Choker":37,"Orrery":46,"Yang":30,"TeardropLocket":23,"PureWater":0}]},"card_choices":[{"not_picked":["Consecrate","CutThroughFate"],"picked":"FlurryOfBlows","floor":1.0},{"not_picked":["CrushJoints","ThirdEye"],"picked":"BowlingBash","floor":3.0},{"not_picked":["Indignation","Weave"],"picked":"EmptyFist","floor":4.0},{"not_picked":["DevaForm","BowlingBash"],"picked":"Alpha","floor":6.0},{"not_picked":["Perseverance","FlurryOfBlows"],"picked":"CutThroughFate","floor":7.0},{"not_picked":["SignatureMove","Weave","Prostrate"],"picked":"Singing Bowl","floor":10.0},{"not_picked":["Vengeance","FlyingSleeves"],"picked":"Meditate","floor":12.0},{"not_picked":["Collect","WreathOfFlame","Perseverance"],"picked":"Singing Bowl","floor":13.0},{"not_picked":["JustLucky","SashWhip","BowlingBash"],"picked":"Singing Bowl","floor":14.0},{"not_picked":["Judgement","Ragnarok"],"picked":"LessonLearned","floor":16.0},{"not_picked":["Prostrate","CutThroughFate"],"picked":"ThirdEye","floor":18.0},{"not_picked":["Fasting2","DevaForm","Worship"],"picked":"Singing Bowl","floor":19.0},{"not_picked":["Sanctity","Weave"],"picked":"WaveOfTheHand","floor":20.0},{"not_picked":["SashWhip","ReachHeaven+1"],"picked":"Tantrum","floor":20.0},{"not_picked":["Crescendo","Weave"],"picked":"DevaForm","floor":20.0},{"not_picked":["Crescendo","ReachHeaven","SashWhip"],"picked":"Singing Bowl","floor":20.0},{"not_picked":["Consecrate","Meditate","PathToVictory"],"picked":"Singing Bowl","floor":20.0},{"not_picked":["CrushJoints","FlurryOfBlows"],"picked":"MentalFortress","floor":21.0}],"player_experience":1634777,"relics_obtained":[{"floor":6.0,"key":"Ornamental Fan"},{"floor":9.0,"key":"Singing Bowl"},{"floor":12.0,"key":"TeardropLocket"},{"floor":14.0,"key":"Yang"}],"event_choices":[{"cards_removed":["Strike_P"],"damage_healed":0.0,"max_hp_gain":0.0,"max_hp_loss":0.0,"gold_gain":0.0,"event_name":"Purifier","player_choice":"Purged","floor":2.0,"gold_loss":0.0,"damage_taken":0.0},{"damage_healed":0,"gold_gain":0,"player_choice":"Paid Fearfully","damage_taken":0,"max_hp_gain":0,"max_hp_loss":0,"event_name":"Masked Bandits","floor":22,"gold_loss":33}],"is_beta":true,"boss_relics":[{"not_picked":["SlaversCollar","Runic Dome"],"picked":"Velvet Choker"}],"items_purged_floors":[5],"is_endless":false,"potions_floor_spawned":[3,6,7,12,13,14,16,21],"killed_by":"Slavers","ascension_level":20}}