{"host":"ktoxvvst1mwxww91","time":1607784594,"event":{"mods":["BaseMod","Downfall","Hermit","Minty Spire (QoL Compilation)","StSLib","The Blackbeard","The Hierophant","The Mystic","The Necromancer"],"gold_per_floor":[12,12,29,29,29,57,73,73,73],"floor_reached":8,"playtime":1200,"items_purged":[],"score":87,"play_id":"290904bb-9053-4e0a-8801-8bd726dc8e63","local_time":"20201212154954","is_ascension_mode":true,"campfire_choices":[],"circlet_count":0,"master_deck":["AscendersBane","Strike_G","Strike_G","Strike_G","Strike_G","Defend_G","Defend_G","Defend_G","Defend_G","Defend_G","Survivor","Neutralize","Crippling Poison","Quick Slash","Dash","PiercingWail"],"relics":["Ring of the Snake","FossilizedHelix","InkBottle","Matryoshka"],"acts_visited":["Exordium"],"potions_floor_usage":[8],"damage_taken":[{"damage":0,"enemies":"2 Louse","floor":1,"turns":3},{"damage":1,"enemies":"Jaw Worm","floor":3,"turns":6},{"damage":18,"enemies":"3 Sentries","floor":6,"turns":14},{"damage":0,"enemies":"Small Slimes","floor":7,"turns":4},{"damage":48,"enemies":"Gremlin Nob","floor":8,"turns":6}],"seed_played":"-5927957807017206274","potions_obtained":[{"floor":3,"key":"SneckoOil"}],"is_trial":false,"path_per_floor":["M","$","M","?","T","E","M","E"],"character_chosen":"THE_SILENT","items_purchased":[],"campfire_rested":0,"item_purchase_floors":[],"current_hp_per_floor":[63,63,62,62,62,44,44,0,0],"gold":73,"neow_bonus":"ONE_RARE_RELIC","is_daily":false,"chose_seed":false,"campfire_upgraded":0,"win_rate":0.0,"timestamp":1607784594,"path_taken":["M","$","M","?","?","E","M","E"],"items_purchased_type":[],"build_version":"2020-11-30","purchased_purges":0,"victory":false,"max_hp_per_floor":[70,70,70,70,70,70,70,70,70],"card_choices":[{"not_picked":["Sucker Punch","Eviscerate"],"picked":"Crippling Poison","floor":1},{"not_picked":["Deflect","Prepared"],"picked":"Quick Slash","floor":3},{"not_picked":["Dodge and Roll","Underhanded Strike"],"picked":"Dash","floor":6},{"not_picked":["Dodge and Roll","Acrobatics"],"picked":"PiercingWail","floor":7}],"player_experience":1015722,"relics_obtained":[{"floor":5,"key":"InkBottle"},{"floor":6,"key":"Matryoshka"}],"event_choices":[{"cards_removed":["Strike_G"],"damage_healed":0,"gold_gain":0,"player_choice":"Forget","damage_taken":0,"max_hp_gain":0,"max_hp_loss":0,"event_name":"Living Wall","floor":4,"gold_loss":0}],"is_beta":false,"boss_relics":[],"items_purged_floors":[],"is_endless":false,"potions_floor_spawned":[3],"killed_by":"Gremlin Nob","ascension_level":11}}