{"host":"xr9kfrtt7uxz0mdc","time":1607796493,"event":{"mods":["AchievementEnabler","BaseMod","Highlight Path","Minty Spire (QoL Compilation)"],"gold_per_floor":[117,127,140,159,159,174,17,17,17,51,51,66,66,84,84,189,189,200,214,214,139,139,139],"floor_reached":22,"playtime":765,"items_purged":[],"score":188,"play_id":"99815ce3-e90b-4f9e-ab53-991348d83189","local_time":"20201212190813","is_ascension_mode":false,"campfire_choices":[{"floor":8,"key":"REST"},{"data":"Chaos","floor":11,"key":"SMITH"},{"data":"Defragment","floor":13,"key":"SMITH"},{"floor":15,"key":"REST"}],"circlet_count":0,"master_deck":["Strike_B","Strike_B","Strike_B","Defend_B","Defend_B","Defend_B","Defend_B","Zap","Dualcast","Clumsy","Auto Shields","Lockon","Self Repair","Fusion","Chaos+1","Defragment+1","Leap","Compile Driver"],"relics":["FrozenCore","Du-Vu Doll","Sling","Potion Belt","Bronze Scales"],"acts_visited":["Exordium","TheCity"],"potions_floor_usage":[],"damage_taken":[{"damage":0,"enemies":"Cultist","floor":1,"turns":3},{"damage":6,"enemies":"Jaw Worm","floor":2,"turns":3},{"damage":0,"enemies":"2 Louse","floor":3,"turns":2},{"damage":9,"enemies":"Blue Slaver","floor":4,"turns":4},{"damage":36,"enemies":"Exordium Thugs","floor":6,"turns":6},{"damage":10,"enemies":"Lagavulin","floor":10,"turns":7},{"damage":13,"enemies":"Exordium Wildlife","floor":12,"turns":4},{"damage":11,"enemies":"Large Slime","floor":14,"turns":5},{"damage":38,"enemies":"Hexaghost","floor":16,"turns":9},{"damage":29,"enemies":"3 Byrds","floor":18,"turns":4},{"damage":6,"enemies":"Spheric Guardian","floor":19,"turns":4},{"damage":52,"enemies":"Cultist and Chosen","floor":22,"turns":5}],"seed_played":"5373740232952369391","potions_obtained":[{"floor":10,"key":"BlessingOfTheForge"},{"floor":12,"key":"SpeedPotion"},{"floor":18,"key":"SpeedPotion"}],"is_trial":false,"path_per_floor":["M","M","M","M","?","M","$","R","T","E","R","M","R","M","R","B",null,"M","M","?","?","M"],"character_chosen":"DEFECT","items_purchased":["Sling"],"campfire_rested":2,"item_purchase_floors":[7],"current_hp_per_floor":[75,69,69,67,67,38,38,60,60,57,57,51,51,47,69,38,75,53,54,40,40,0,0],"gold":139,"neow_bonus":"ONE_RARE_RELIC","is_daily":false,"chose_seed":false,"campfire_upgraded":2,"win_rate":0.0,"timestamp":1607796493,"path_taken":["M","M","M","M","?","M","$","R","T","E","R","?","R","M","R","BOSS","M","M","?","?","M"],"items_purchased_type":["Relic"],"build_version":"2020-11-30","purchased_purges":0,"victory":false,"max_hp_per_floor":[75,75,75,75,75,75,75,75,75,75,75,75,75,75,75,75,75,75,75,80,80,80,80],"card_choices":[{"not_picked":["Turbo","Steam"],"picked":"Auto Shields","floor":1},{"not_picked":["Go for the Eyes","Conserve Battery"],"picked":"Lockon","floor":2},{"not_picked":["Aggregate","Gash"],"picked":"Self Repair","floor":3},{"not_picked":["Beam Cell","Rebound"],"picked":"Fusion","floor":4},{"not_picked":["Compile Driver","Rebound"],"picked":"Defragment","floor":6},{"not_picked":["Multi-Cast","Darkness","Steam"],"picked":"SKIP","floor":10},{"not_picked":["Beam Cell","Turbo"],"picked":"Leap","floor":12},{"not_picked":["Cold Snap","Beam Cell"],"picked":"Compile Driver","floor":14},{"not_picked":["BootSequence","Scrape"],"picked":"Cold Snap","floor":18},{"not_picked":["Melter","Stack","Hologram"],"picked":"SKIP","floor":19}],"player_experience":72362,"relics_obtained":[{"floor":9,"key":"Potion Belt"},{"floor":10,"key":"Bronze Scales"}],"event_choices":[{"damage_healed":0,"gold_gain":0,"cards_transformed":["Strike_B"],"player_choice":"Transformed","damage_taken":0,"max_hp_gain":0,"max_hp_loss":0,"event_name":"Transmorgrifier","floor":5,"gold_loss":0,"cards_obtained":["Chaos"]},{"damage_healed":0,"gold_gain":0,"player_choice":"Shed Blood","damage_taken":19,"max_hp_gain":5,"max_hp_loss":0,"event_name":"Forgotten Altar","floor":20,"gold_loss":0},{"cards_removed":["Cold Snap"],"damage_healed":0,"gold_gain":0,"player_choice":"Gave Gold","damage_taken":0,"max_hp_gain":0,"max_hp_loss":0,"event_name":"Beggar","floor":21,"gold_loss":75}],"is_beta":false,"boss_relics":[{"not_picked":["Runic Dome","Tiny House"],"picked":"FrozenCore"}],"items_purged_floors":[],"is_endless":false,"potions_floor_spawned":[10,12,18],"killed_by":"Cultist and Chosen","ascension_level":0}}