{"host":"jg07b2bexsgdacfj","time":1607809276,"event":{"mods":["AchievementEnabler","Act Like it!","Aspiration","BaseMod","Better Third Choice","BetterRewards","Block Reminder","Challenge The Spire","Colored Map","Conspire","Downfall","Elementarium","Energized Spire","Friendly Minions","GifTheSpireLib","Gold Saver","Halation","Highlight Path","Hubris","Infinite Spire","Menagerie","Minty Spire (QoL Compilation)","Permanent Neow","Railgun Mod","Remove Card Discount Mod","Replay The Spire","Shop Mod","Spikes Relics","StSLib","Stuff the Spire","Synergy Search","The Animator","The Blackbeard","The Forsaken","The Gatherer","The Necromancer","The Servant 0.9.4","TheHeartMod","TheWitcher","Transform Curses","UnlockEverythingMod","vexMod"],"gold_per_floor":[127,77,77,112,147,195,195,470,494,555,602,602,648,668,668,794,794,813,857,857,857,932,932,979,1038,1038,1065,1065,700,763,795,795,929,929,978,346,390,438,438,438,438,438,139,139,139,204,219,219,219,238,238,372,372,378,378,378,383,401,396,396,396],"floor_reached":59,"playtime":5033,"items_purged":["Regret","Hallucinations","blackbeard:BlackbeardDefend","blackbeard:BlackbeardStrike","blackbeard:BlackbeardStrike","Parasite","blackbeard:Sharpening","blackbeard:BlackbeardDefend"],"score":883,"play_id":"80f6587c-1e7f-4f9c-8e4a-6a8e6a33af4f","local_time":"20201212224116","is_ascension_mode":true,"campfire_choices":[{"data":"blackbeard:Cutlass","floor":7,"key":"SMITH"},{"data":"blackbeard:IntimidatingStrike","floor":12,"key":"SMITH"},{"floor":15,"key":"DIG"},{"data":"blackbeard:FinalBarrage","floor":23,"key":"SMITH"},{"floor":32,"key":"REST"},{"data":"blackbeard:Provisioning","floor":42,"key":"SMITH"},{"data":"blackbeard:JollyRoger","floor":44,"key":"SMITH"},{"data":"blackbeard:Parrot","floor":48,"key":"SMITH"},{"data":"blackbeard:DoubleCannonball","floor":51,"key":"SMITH"}],"circlet_count":0,"master_deck":["blackbeard:BlackbeardStrike","blackbeard:BlackbeardStrike","blackbeard:IntimidatingStrike+1","blackbeard:BlackbeardDefend","blackbeard:Cutlass+1","blackbeard:BuriedTreasure","blackbeard:TacticalRetreat","blackbeard:RearmingStrike","blackbeard:Sword","blackbeard:BuriedTreasure","blackbeard:Anchor","blackbeard:DoubleCannonball","blackbeard:Provisioning+1","blackbeard:JollyRoger+1","blackbeard:FinalBarrage+1","blackbeard:CloakAndCannonball+1","blackbeard:ArmorUp+1","blackbeard:GoldenDefense","blackbeard:SwordDance","blackbeard:Dagger","blackbeard:RemoveScurvy+1","blackbeard:GoldenStrike","blackbeard:DoubleBottom","blackbeard:TerrorOfTheSeas+1","blackbeard:GoldenGuillotine+1","blackbeard:GoldenDefense","blackbeard:GoldenStrike","blackbeard:Scrap+1","blackbeard:Sharpening+1","blackbeard:DoubleCannonball+1","blackbeard:Parrot+1","blackbeard:CannonBarrage+1","blackbeard:GoldenDefense+1","blackbeard:PirateStrength","infinitespire:Punishment+1"],"relics":["blackbeard:LoadTheCannons","Gremlin Horn","blackbeard:Spearhead","Orichalcum","infinitespire:Beetle Shell","conspire:SlowCooker","ReplayTheSpireMod:Ring of Challenge","ReplayTheSpireMod:Ninjato","Ornamental Fan","Replay:Bottled Eggs","Elementarium:FlickeringLantern","Centennial Puzzle","Dream Catcher","Elementarium:ElementariumTrophy","blackbeard:Karategi","Mercury Hourglass","theForsaken:Gavel","Membership Card","MerchantsRug","StuffTheSpire:ForceGauntlet","Snack Pack","conspire:GiftBox","MiniBlackHole","conspire:RoyalGoblet","Calipers"],"acts_visited":["Exordium","Exordium","TheBeyond","TheBeyond"],"potions_floor_usage":[6,16,16,16,16,18,19,25,25,27,27,30,30,30,30,31,33,33,33,33,33,46,47,47,52,52,52,52,59,59,59,59,59],"damage_taken":[{"damage":0,"enemies":"Cultist","floor":1,"turns":3},{"damage":0,"enemies":"2 Louse","floor":4,"turns":2},{"damage":3,"enemies":"Jaw Worm","floor":5,"turns":4},{"damage":20,"enemies":"Gremlin Nob","floor":6,"turns":4},{"damage":10,"enemies":"3 Sentries","floor":10,"turns":4},{"damage":2,"enemies":"2 Fungi Beasts","floor":11,"turns":3},{"damage":0,"enemies":"Lots of Slimes","floor":13,"turns":2},{"damage":2,"enemies":"Large Slime","floor":14,"turns":3},{"damage":32,"enemies":"The Guardian","floor":16,"turns":12},{"damage":18,"enemies":"Elementarium:Cyclone","floor":18,"turns":5},{"damage":8,"enemies":"Elementarium:2_ELEMENTALS","floor":19,"turns":4},{"damage":4,"enemies":"Elementarium:STONE_GOLEMS","floor":24,"turns":5},{"damage":17,"enemies":"Nightmare","floor":25,"turns":8},{"damage":13,"enemies":"Elementarium:VOID_CORRUPTION_AND_TAR_GOLEM","floor":27,"turns":5},{"damage":7,"enemies":"Elementarium:ElementalPortal","floor":30,"turns":7},{"damage":13,"enemies":"Elementarium:CYCLONE_AND_LIVING_STORMCLOUD","floor":31,"turns":6},{"damage":44,"enemies":"Elementarium:GolemEmperor","floor":33,"turns":13},{"damage":3,"enemies":"3 Shapes","floor":35,"turns":4},{"damage":1,"enemies":"3 Darklings","floor":37,"turns":4},{"damage":11,"enemies":"Writhing Mass","floor":38,"turns":4},{"damage":27,"enemies":"Nightmare","floor":46,"turns":5},{"damage":0,"enemies":"Spire Growth","floor":47,"turns":3},{"damage":4,"enemies":"Jaw Worm Horde","floor":50,"turns":3},{"damage":29,"enemies":"infinitespire:MassOfShapes","floor":52,"turns":7},{"damage":2,"enemies":"Menagerie:MonstrousExperiment","floor":54,"turns":2},{"damage":0,"enemies":"Menagerie:StygianBoar","floor":57,"turns":2},{"damage":0,"enemies":"Menagerie:2_RABBITS","floor":58,"turns":2},{"damage":95,"enemies":"Nightmare_Alpha","floor":59,"turns":7}],"seed_played":"-5513876532817172445","potions_obtained":[{"floor":4,"key":"blackbeard:UpgradePotion"},{"floor":6,"key":"blackbeard:RumPotion"},{"floor":13,"key":"SteroidPotion"},{"floor":14,"key":"Weak Potion"},{"floor":16,"key":"SkillPotion"},{"floor":18,"key":"Dexterity Potion"},{"floor":25,"key":"AttackPotion"},{"floor":27,"key":"Milkshake"},{"floor":30,"key":"Strength Potion"},{"floor":35,"key":"FearPotion"},{"floor":50,"key":"DistilledChaos"},{"floor":52,"key":"PowerPotion"},{"floor":54,"key":"Swift Potion"},{"floor":57,"key":"Explosive Potion"}],"is_trial":false,"path_per_floor":["M","$","?","M","M","E","R","?","T","E","M","R","M","M","R_BF","B",null,"M","M","AVR","?","T","R","M","NM","T","M","?","$","E","M","R_BF","B",null,"M","$","M","M","?","PTL","PTL","R","$","R","T","NM","M","R","?","M","R","B",null,"M","AVR","?","M","M","NM"],"character_chosen":"BLACKBEARD_CLASS","items_purchased":["blackbeard:TacticalRetreat","blackbeard:RemoveScurvy+1","Centennial Puzzle","Dream Catcher","Mercury Hourglass","theForsaken:Gavel","Membership Card","blackbeard:GoldenStrike","blackbeard:Sharpening","MerchantsRug","StuffTheSpire:ForceGauntlet","Snack Pack","blackbeard:DoubleCannonball"],"campfire_rested":1,"item_purchase_floors":[2,29,29,29,36,36,36,36,36,36,43,43,43],"current_hp_per_floor":[82,82,82,82,79,59,59,59,59,49,47,47,47,45,45,13,82,64,56,56,56,56,56,52,35,35,22,22,22,23,18,42,14,82,79,79,78,71,71,71,71,71,71,71,71,54,74,74,74,79,79,67,79,77,77,77,79,79,0,0,0],"gold":396,"neow_bonus":"TEN_PERCENT_HP_BONUS","is_daily":false,"chose_seed":false,"campfire_upgraded":7,"win_rate":0.0,"timestamp":1607809276,"path_taken":["M","$","?","M","?","E","R","?","T","E","M","R","?","M","R_BF","BOSS","M","?","AVR","?","?","R","M","NM","T","M","?","$","E","M","R_BF","BOSS","M","?","M","M","?","PTL","PTL","R","$","R","T","NM","?","R","?","M","R","BOSS","M","AVR","?","M","M","NM"],"items_purchased_type":["Card","Card","Relic","Relic","Relic","Relic","Relic","Card","Card","Relic","Relic","Relic","Card"],"build_version":"2020-11-30","purchased_purges":8,"victory":false,"max_hp_per_floor":[82,82,82,82,82,82,82,82,82,82,82,82,82,82,82,82,82,82,82,82,82,82,82,82,82,82,82,82,82,82,82,82,82,82,82,82,82,82,82,82,82,82,79,79,79,79,79,79,79,79,79,79,79,79,79,79,79,79,79,79,79],"card_choices":[{"not_picked":["blackbeard:Sword","blackbeard:Eyepatch"],"picked":"blackbeard:BuriedTreasure","floor":1},{"not_picked":["blackbeard:Toast","blackbeard:BeatUp"],"picked":"blackbeard:RearmingStrike","floor":4},{"not_picked":["blackbeard:VengefulSpirit","blackbeard:ArmorUp"],"picked":"blackbeard:Sword","floor":5},{"not_picked":["blackbeard:Rum","blackbeard:Lifeboat"],"picked":"blackbeard:BuriedTreasure","floor":6},{"not_picked":["blackbeard:BountyHunter","blackbeard:BlindAttacks"],"picked":"blackbeard:Anchor","floor":10},{"not_picked":["blackbeard:PiratesWill","blackbeard:DoubleBottom"],"picked":"blackbeard:DoubleCannonball","floor":11},{"not_picked":["blackbeard:Revenge","blackbeard:PiratesWill"],"picked":"blackbeard:Provisioning","floor":13},{"not_picked":["blackbeard:Scrap","blackbeard:WoodenLeg"],"picked":"blackbeard:JollyRoger","floor":14},{"not_picked":["blackbeard:Murder","blackbeard:HumongousCannonball"],"picked":"blackbeard:FinalBarrage","floor":16},{"not_picked":["blackbeard:Fencing","blackbeard:CannonballSupply"],"picked":"blackbeard:CloakAndCannonball+1","floor":18},{"not_picked":["blackbeard:WiseDefense+1","blackbeard:WeaponMastery"],"picked":"blackbeard:ArmorUp+1","floor":19},{"not_picked":["blackbeard:SwordDance","blackbeard:SmithingHammer+1"],"picked":"blackbeard:GoldenDefense","floor":24},{"not_picked":["blackbeard:Shrapnel","blackbeard:Toast+1"],"picked":"blackbeard:SwordDance","floor":25},{"not_picked":["blackbeard:PiratesWill","blackbeard:SwordDance"],"picked":"blackbeard:Dagger","floor":27},{"not_picked":["blackbeard:RearmingStrike","blackbeard:CloakAndCannonball"],"picked":"blackbeard:GoldenStrike","floor":30},{"not_picked":["blackbeard:SwordDance+1","blackbeard:WiseDefense+1"],"picked":"blackbeard:DoubleBottom","floor":31},{"not_picked":["blackbeard:Dagger","blackbeard:PirateEarring"],"picked":"blackbeard:TerrorOfTheSeas+1","floor":32},{"not_picked":["blackbeard:BountyHunter","blackbeard:CaptainsHat"],"picked":"blackbeard:GoldenGuillotine","floor":33},{"not_picked":["blackbeard:RearmingStrike+1","blackbeard:JollyRoger"],"picked":"blackbeard:GoldenDefense","floor":35},{"not_picked":["blackbeard:Shrapnel","blackbeard:GoldenDefense+1"],"picked":"blackbeard:Scrap+1","floor":37},{"not_picked":["blackbeard:FieryDefense","blackbeard:BlindAttacks"],"picked":"blackbeard:Sharpening+1","floor":38},{"not_picked":["blackbeard:UndeadForm","blackbeard:PowerHungry"],"picked":"blackbeard:Parrot","floor":45},{"not_picked":["blackbeard:Revenge","blackbeard:RearmingStrike+1"],"picked":"blackbeard:CannonBarrage+1","floor":46},{"not_picked":["blackbeard:Revenge","blackbeard:Fencing"],"picked":"blackbeard:GoldenDefense+1","floor":47},{"not_picked":["blackbeard:Scrap+1","blackbeard:RearmingStrike","blackbeard:Fencing+1"],"picked":"SKIP","floor":50},{"not_picked":["blackbeard:CaptainsHat","blackbeard:Lifeboat"],"picked":"blackbeard:PirateStrength","floor":52},{"not_picked":["blackbeard:Dagger","blackbeard:Shrapnel","blackbeard:GoldenDefense"],"picked":"SKIP","floor":54},{"not_picked":["blackbeard:Anchor","blackbeard:DoubleBottom","blackbeard:TacticalRetreat"],"picked":"SKIP","floor":57},{"not_picked":["blackbeard:CloakAndCannonball","blackbeard:WeaponProficiency","blackbeard:PiratesWill"],"picked":"SKIP","floor":58}],"player_experience":297689,"relics_obtained":[{"floor":6,"key":"Gremlin Horn"},{"floor":9,"key":"blackbeard:Spearhead"},{"floor":10,"key":"Orichalcum"},{"floor":15,"key":"infinitespire:Beetle Shell"},{"floor":21,"key":"ReplayTheSpireMod:Ring of Challenge"},{"floor":22,"key":"ReplayTheSpireMod:Ninjato"},{"floor":25,"key":"Ornamental Fan"},{"floor":26,"key":"Replay:Bottled Eggs"},{"floor":45,"key":"conspire:GiftBox"},{"floor":46,"key":"MiniBlackHole"}],"event_choices":[{"cards_removed":["blackbeard:BlackbeardDefend"],"damage_healed":0,"gold_gain":0,"player_choice":"Offered Basic","damage_taken":0,"max_hp_gain":0,"max_hp_loss":0,"event_name":"Bonfire Elementals","floor":3,"gold_loss":0},{"damage_healed":0,"gold_gain":275,"player_choice":"Desecrate","damage_taken":0,"max_hp_gain":0,"max_hp_loss":0,"event_name":"Golden Shrine","floor":8,"gold_loss":0,"cards_obtained":["Regret"]},{"damage_healed":0,"gold_gain":0,"player_choice":"Take","damage_taken":0,"relics_obtained":["Elementarium:FlickeringLantern"],"max_hp_gain":0,"max_hp_loss":0,"event_name":"Elementarium:HeartOfTheVoid","floor":28,"gold_loss":0},{"damage_healed":0,"gold_gain":0,"player_choice":"Upgraded","damage_taken":0,"max_hp_gain":0,"max_hp_loss":0,"event_name":"Upgrade Shrine","floor":39,"gold_loss":0,"cards_upgraded":["blackbeard:GoldenGuillotine"]},{"damage_healed":0,"gold_gain":0,"player_choice":"Leave","damage_taken":0,"max_hp_gain":0,"max_hp_loss":0,"event_name":"conspire:Investor","floor":49,"gold_loss":0}],"is_beta":false,"boss_relics":[{"not_picked":["infinitespire:Cupcake","vexMod:TanglingVine"],"picked":"conspire:SlowCooker"},{"not_picked":["aspiration:SilentSkillbook","StuffTheSpire:ModemDavis"],"picked":"blackbeard:Karategi"},{"not_picked":["Sozu","CosmicIsotope"],"picked":"conspire:RoyalGoblet"}],"items_purged_floors":[20,29,36,36,43,43,43,55],"is_endless":true,"potions_floor_spawned":[4,6,13,14,16,18,25,27,30,35,50,52,54,57],"killed_by":"Nightmare_Alpha","ascension_level":1}}