{"host":"y76clbnovzmw9ubx","time":1607735006,"event":{"mods":["AchievementEnabler","BaseMod","Minty Spire (QoL Compilation)","Permanent Neow","Relic Stats"],"gold_per_floor":[109,128,139,158,174,201,201,166,193,222,179,192,218,218,218,295,295,314,327,343,343,343,375,375,375,375],"floor_reached":25,"playtime":1357,"items_purged":[],"score":486,"play_id":"55f40625-0cac-476e-a6d7-961eb3336ef7","local_time":"20201211200326","is_ascension_mode":true,"campfire_choices":[{"floor":7.0,"key":"REST"},{"data":"Seek","floor":15.0,"key":"SMITH"},{"data":"Barrage","floor":24.0,"key":"SMITH"}],"circlet_count":0,"master_deck":["AscendersBane","Strike_B","Strike_B","Strike_B","Strike_B","Defend_B","Defend_B","Defend_B","Defend_B","Zap","Dualcast","Steam","Compile Driver","Beam Cell","Undo","Reinforced Body+1","Cold Snap","Seek+1","Chill","Reboot","All For One","FTL","Loop","Hologram","Barrage+1"],"relics":["Cracked Core","Vajra","Omamori","DataDisk","Bronze Scales","Inserter","Anchor"],"acts_visited":["Exordium","TheCity"],"potions_floor_usage":[],"damage_taken":[{"damage":5.0,"enemies":"Small Slimes","floor":1.0,"turns":4.0},{"damage":2.0,"enemies":"Jaw Worm","floor":2.0,"turns":4.0},{"damage":0.0,"enemies":"Cultist","floor":3.0,"turns":3.0},{"damage":14.0,"enemies":"Exordium Wildlife","floor":4.0,"turns":4.0},{"damage":1.0,"enemies":"2 Fungi Beasts","floor":5.0,"turns":3.0},{"damage":31.0,"enemies":"Gremlin Nob","floor":6.0,"turns":4.0},{"damage":8.0,"enemies":"3 Sentries","floor":10.0,"turns":12.0},{"damage":1.0,"enemies":"Exordium Thugs","floor":12.0,"turns":4.0},{"damage":1.0,"enemies":"Gremlin Nob","floor":13.0,"turns":3.0},{"damage":11.0,"enemies":"The Guardian","floor":16.0,"turns":11.0},{"damage":0.0,"enemies":"3 Byrds","floor":18.0,"turns":3.0},{"damage":0.0,"enemies":"2 Thieves","floor":19.0,"turns":3.0},{"damage":13.0,"enemies":"Sentry and Sphere","floor":20.0,"turns":9.0},{"damage":9.0,"enemies":"Slavers","floor":23.0,"turns":3.0},{"damage":43,"enemies":"Gremlin Leader","floor":25,"turns":7}],"seed_played":"4605079900891440029","potions_obtained":[{"floor":3.0,"key":"Explosive Potion"},{"floor":4.0,"key":"SkillPotion"},{"floor":6.0,"key":"BlessingOfTheForge"},{"floor":12.0,"key":"FearPotion"},{"floor":16.0,"key":"SmokeBomb"},{"floor":20.0,"key":"AttackPotion"},{"floor":23.0,"key":"SteroidPotion"}],"is_trial":false,"path_per_floor":["M","M","M","M","M","E","R","?","T","E","?","M","E","?","R","B",null,"M","M","M","?","?","E","R","E"],"character_chosen":"DEFECT","items_purchased":[],"campfire_rested":1,"item_purchase_floors":[],"current_hp_per_floor":[59,57,57,43,42,11,32,49,49,41,41,40,39,39,39,28,60,60,60,47,61,51,42,42,0,0],"gold":375,"neow_bonus":"THREE_CARDS","is_daily":false,"chose_seed":false,"campfire_upgraded":2,"win_rate":0.0,"timestamp":1607735006,"path_taken":["M","M","M","M","M","E","R","?","T","E","?","M","E","?","R","BOSS","M","M","?","?","?","E","R","E"],"items_purchased_type":[],"build_version":"2020-11-30","purchased_purges":0,"victory":false,"max_hp_per_floor":[71,71,71,71,71,71,71,71,71,71,71,71,71,71,71,71,71,71,71,71,71,71,71,71,71,71],"relic_stats":{"Inserter":[12],"counters":[15,77],"Bronze Scales":[138],"obtain_stats":[{"DataDisk":10,"Anchor":23,"Inserter":17,"Bronze Scales":13,"Vajra":6,"Omamori":9,"Cracked Core":0},{"DataDisk":7,"Anchor":14,"Inserter":10,"Bronze Scales":9,"Vajra":6,"Omamori":6,"Cracked Core":0},{"DataDisk":34,"Anchor":70,"Inserter":52,"Bronze Scales":41,"Vajra":22,"Omamori":22,"Cracked Core":0}]},"card_choices":[{"not_picked":["Redo","Force Field"],"picked":"Steam","floor":0.0},{"not_picked":["Barrage","Gash","Turbo"],"picked":"SKIP","floor":1.0},{"not_picked":["Force Field","Doom and Gloom"],"picked":"Compile Driver","floor":2.0},{"not_picked":["Gash","Leap"],"picked":"Beam Cell","floor":3.0},{"not_picked":["White Noise","Redo"],"picked":"Undo","floor":4.0},{"not_picked":["Conserve Battery","Ball Lightning"],"picked":"Reinforced Body","floor":5.0},{"not_picked":["Redo","Doom and Gloom"],"picked":"Cold Snap","floor":6.0},{"not_picked":["Heatsinks","Conserve Battery"],"picked":"Seek","floor":10.0},{"not_picked":["Streamline","Turbo"],"picked":"Chill","floor":12.0},{"not_picked":["Lockon","Leap"],"picked":"Reboot","floor":13.0},{"not_picked":["Buffer","Meteor Strike"],"picked":"All For One","floor":16.0},{"not_picked":["Steam","Consume"],"picked":"FTL","floor":18.0},{"not_picked":["Turbo+1","Reprogram"],"picked":"Loop","floor":19.0},{"not_picked":["Chaos","Redo"],"picked":"Hologram","floor":20.0},{"not_picked":["Leap","Gash"],"picked":"Barrage","floor":23.0}],"player_experience":2811435,"relics_obtained":[{"floor":6.0,"key":"Vajra"},{"floor":9.0,"key":"Omamori"},{"floor":10.0,"key":"DataDisk"},{"floor":13.0,"key":"Bronze Scales"},{"floor":23.0,"key":"Anchor"}],"event_choices":[{"damage_healed":17.0,"max_hp_gain":0.0,"max_hp_loss":0.0,"gold_gain":0.0,"event_name":"The Cleric","player_choice":"Healed","floor":8.0,"gold_loss":35.0,"damage_taken":0.0},{"damage_healed":0.0,"max_hp_gain":0.0,"max_hp_loss":0.0,"gold_gain":0.0,"event_name":"World of Goop","player_choice":"Left Gold","floor":11.0,"gold_loss":43.0,"damage_taken":0.0},{"damage_healed":0.0,"max_hp_gain":0.0,"max_hp_loss":0.0,"gold_gain":0.0,"event_name":"Accursed Blacksmith","player_choice":"Forge","floor":14.0,"gold_loss":0.0,"damage_taken":0.0,"cards_upgraded":["Reinforced Body"]},{"damage_healed":14.0,"max_hp_gain":0.0,"max_hp_loss":0.0,"gold_gain":0.0,"event_name":"The Library","player_choice":"Heal","floor":21.0,"gold_loss":0.0,"damage_taken":0.0},{"damage_healed":0.0,"max_hp_gain":0.0,"max_hp_loss":0.0,"gold_gain":0.0,"event_name":"Wheel of Change","player_choice":"Damaged","floor":22.0,"gold_loss":0.0,"damage_taken":10.0}],"is_beta":false,"boss_relics":[{"not_picked":["Calling Bell","Black Star"],"picked":"Inserter"}],"items_purged_floors":[],"is_endless":false,"potions_floor_spawned":[3,4,6,12,16,20,23],"killed_by":"Gremlin Leader","ascension_level":20}}