{"host":"dntw6kil9p09eemm","time":1607801912,"event":{"mods":["2.2 Compatiblity","Aspiration","BaseMod","Colored Powertips","Conspire","Downfall","Hermit","Hubris","Minty Spire (QoL Compilation)","Shop Mod","StSLib","The Alterego","The Runesmith"],"gold_per_floor":[120,135,149,166,183,212,212,225,251,251,251,251,269,281,281,281,281],"floor_reached":16,"playtime":988,"items_purged":[],"score":106,"play_id":"db9e31a1-2eb2-4530-b39f-f5a66609408e","local_time":"20201213043832","is_ascension_mode":false,"campfire_choices":[{"floor":10.0,"key":"REST"},{"floor":12.0,"key":"REST"},{"floor":15,"key":"REST"}],"circlet_count":0,"master_deck":["alterego_mod:Strike","alterego_mod:Strike","alterego_mod:Strike","alterego_mod:Strike","alterego_mod:Defend","alterego_mod:Defend","alterego_mod:Defend","alterego_mod:Impale","alterego_mod:BigMeatyClaws","alterego_mod:BrynhildrsRune","alterego_mod:Tantrum","alterego_mod:Cycle","alterego_mod:Bunnysuit","alterego_mod:Bounce","alterego_mod:SuperDuperMasochism","alterego_mod:Stockings","alterego_mod:Rip","alterego_mod:1TonWallop","alterego_mod:Smother"],"relics":["alterego_mod:MasochisticConstitution","Juzu Bracelet","hubris:SlimyHat"],"acts_visited":["Exordium"],"potions_floor_usage":[13,16,16],"damage_taken":[{"damage":8.0,"enemies":"Jaw Worm","floor":1.0,"turns":5.0},{"damage":5.0,"enemies":"Cultist","floor":2.0,"turns":3.0},{"damage":17.0,"enemies":"2 Louse","floor":3.0,"turns":6.0},{"damage":16.0,"enemies":"Exordium Wildlife","floor":4.0,"turns":7.0},{"damage":12.0,"enemies":"Red Slaver","floor":5.0,"turns":7.0},{"damage":30.0,"enemies":"Lagavulin","floor":6.0,"turns":7.0},{"damage":16.0,"enemies":"3 Louse","floor":8.0,"turns":5.0},{"damage":10,"enemies":"conspire:2 RoseBushes","floor":13,"turns":8},{"damage":17,"enemies":"Red Slaver","floor":14,"turns":5},{"damage":83,"enemies":"Hexaghost","floor":16,"turns":11}],"seed_played":"-5077125162125183947","potions_obtained":[{"floor":2.0,"key":"Fruit Juice"},{"floor":4.0,"key":"Block Potion"},{"floor":7.0,"key":"Fire Potion"},{"floor":7.0,"key":"Weak Potion"},{"floor":13,"key":"Dexterity Potion"}],"is_trial":false,"path_per_floor":["M","M","M","M","M","E","?","M","T","R","?","R","M","M","R","B"],"character_chosen":"The_Alterego","items_purchased":[],"campfire_rested":3,"item_purchase_floors":[],"current_hp_per_floor":[70,71,69,68,57,28,28,13,13,37,37,61,66,57,82,0,0],"gold":281,"neow_bonus":"ONE_RANDOM_RARE_CARD","is_daily":false,"chose_seed":false,"campfire_upgraded":0,"win_rate":0.0,"timestamp":1607801912,"path_taken":["M","M","M","M","M","E","?","M","T","R","?","R","M","M","R","BOSS"],"items_purchased_type":[],"build_version":"2020-11-30","purchased_purges":0,"victory":false,"max_hp_per_floor":[71,77,78,79,80,81,81,82,82,82,82,82,83,84,84,84,84],"card_choices":[{"not_picked":["alterego_mod:HighServant","alterego_mod:Complex","alterego_mod:Belle"],"picked":"SKIP","floor":1.0},{"not_picked":["alterego_mod:PerceptionDisorder","alterego_mod:Complex"],"picked":"alterego_mod:Cycle","floor":2.0},{"not_picked":["alterego_mod:HighServant","alterego_mod:VirginLaserPalladion"],"picked":"alterego_mod:Bunnysuit","floor":3.0},{"not_picked":["alterego_mod:DustData","alterego_mod:DiscoLights"],"picked":"alterego_mod:Bounce","floor":4.0},{"not_picked":["alterego_mod:HighServant","alterego_mod:DiscoLights"],"picked":"alterego_mod:SuperDuperMasochism","floor":5.0},{"not_picked":["alterego_mod:TrashNCrash","alterego_mod:Mirror"],"picked":"alterego_mod:Stockings","floor":6.0},{"not_picked":["alterego_mod:PerceptionDisorder","alterego_mod:MagicResistance"],"picked":"alterego_mod:Rip","floor":8.0},{"not_picked":["alterego_mod:GoddessCore","alterego_mod:Skirt"],"picked":"alterego_mod:1TonWallop","floor":13},{"not_picked":["alterego_mod:Skirt","alterego_mod:DeftHands"],"picked":"alterego_mod:Smother","floor":14}],"player_experience":331192,"relics_obtained":[{"floor":6.0,"key":"Juzu Bracelet"},{"floor":9.0,"key":"hubris:SlimyHat"}],"event_choices":[{"damage_healed":0.0,"max_hp_gain":0.0,"max_hp_loss":0.0,"gold_gain":0.0,"event_name":"Lab","player_choice":"Got Potions","floor":7.0,"gold_loss":0.0,"damage_taken":0.0},{"cards_removed":["alterego_mod:Defend"],"damage_healed":0.0,"max_hp_gain":0.0,"max_hp_loss":0.0,"gold_gain":0.0,"event_name":"Purifier","player_choice":"Purged","floor":11.0,"gold_loss":0.0,"damage_taken":0.0}],"is_beta":false,"boss_relics":[],"items_purged_floors":[],"is_endless":false,"potions_floor_spawned":[2,4,8,13,14],"killed_by":"Hexaghost","ascension_level":0}}