{"host":"g3mfbfmeb5kk2le1","time":1607789634,"event":{"mods":["AchievementEnabler","Aspiration","BaseMod","BetterRewards","Colored Map","Downfall","Googly Eyes","Halation","Hubris","Infinite Spire","Mimic Mod","Minty Spire (QoL Compilation)","Replay The Spire","SOS???????","Shop Mod","StSLib","SuperFastMode","Trackpad","Unceasing Turn Reminder","egg","slay the spire mod where everything is the same but ironclad has a cowboy hat","vexMod"],"gold_per_floor":[113,113,188,207,217,246,246,246,280,280,280,322,349,349,359,391,391,391,391],"floor_reached":18,"playtime":609,"items_purged":[],"score":207,"play_id":"b30ec91f-170c-4c19-b368-a97c10372286","local_time":"20201212131354","is_ascension_mode":true,"campfire_choices":[{"floor":10,"key":"REST"},{"floor":17,"key":"REST"}],"circlet_count":0,"master_deck":["AscendersBane","Strike_R","Strike_R","Strike_R","Strike_R","Strike_R","Defend_R","Defend_R","Defend_R","Defend_R","Bash","Armaments","Cleave","Offering","Battle Trance","infinitespire:Punishment"],"relics":["Burning Blood","NeowsBlessing","trackpad:WritersBlock","halation:WeightlessCrab","CeramicFish","Iron Hammer","Ornamental Fan"],"acts_visited":["Exordium"],"potions_floor_usage":[6,9,18],"damage_taken":[{"damage":0,"enemies":"2 Louse","floor":1,"turns":1},{"damage":0,"enemies":"Cultist","floor":4,"turns":1},{"damage":0,"enemies":"Small Slimes","floor":5,"turns":1},{"damage":49,"enemies":"Replay:BlueRogue","floor":6,"turns":10},{"damage":22,"enemies":"Gremlin Nob","floor":9,"turns":5},{"damage":31,"enemies":"3 Sentries","floor":12,"turns":8},{"damage":4,"enemies":"2 Fungi Beasts","floor":15,"turns":2},{"damage":16,"enemies":"Gremlin Nob","floor":16,"turns":3},{"damage":36,"enemies":"Slime Boss","floor":18,"turns":5}],"seed_played":"2907214254473231110","potions_obtained":[{"floor":1,"key":"Flashbang"},{"floor":6,"key":"FearPotion"},{"floor":15,"key":"Elixir"}],"is_trial":false,"path_per_floor":["M","?","?","M","M","E","PTL","PTL","E","R","T","E","?","?","M","E","R","B"],"character_chosen":"IRONCLAD","items_purchased":[],"campfire_rested":2,"item_purchase_floors":[],"current_hp_per_floor":[78,78,70,76,80,37,37,37,21,45,45,20,20,20,22,12,36,0,0],"gold":391,"neow_bonus":"THREE_ENEMY_KILL","is_daily":false,"chose_seed":false,"campfire_upgraded":0,"win_rate":0.0,"timestamp":1607789634,"path_taken":["M","?","?","?","M","E","PTL","PTL","E","R","T","E","?","?","M","E","R","BOSS"],"items_purchased_type":[],"build_version":"2020-11-30","purchased_purges":0,"victory":false,"max_hp_per_floor":[80,80,80,80,80,80,80,80,80,80,80,80,80,80,80,80,80,80,80],"card_choices":[{"not_picked":["Shrug It Off","True Grit"],"picked":"Armaments","floor":1},{"not_picked":["Power Through","Sentinel","Armaments"],"picked":"SKIP","floor":4},{"not_picked":["True Grit","Thunderclap"],"picked":"Cleave","floor":5},{"not_picked":["Feel No Pain","Dropkick","Headbutt"],"picked":"SKIP","floor":6},{"not_picked":["hubris:ReadiedAction","Iron Wave"],"picked":"Offering","floor":9},{"not_picked":["Burning Pact","Power Through"],"picked":"Battle Trance","floor":12},{"not_picked":["infinitespire:NeuralNetwork","infinitespire:Starlight"],"picked":"infinitespire:Punishment","floor":13},{"not_picked":["ReplayTheSpireMod:Strike From Hell","Perfected Strike","Replay:Undeath\u0027s Touch"],"picked":"SKIP","floor":15},{"not_picked":["Armaments","ReplayReversal","Wild Strike"],"picked":"SKIP","floor":16}],"player_experience":292901,"relics_obtained":[{"floor":6,"key":"trackpad:WritersBlock"},{"floor":9,"key":"halation:WeightlessCrab"},{"floor":11,"key":"CeramicFish"},{"floor":12,"key":"Iron Hammer"},{"floor":16,"key":"Ornamental Fan"}],"event_choices":[{"damage_healed":0,"gold_gain":75,"player_choice":"Touch","damage_taken":8,"max_hp_gain":0,"max_hp_loss":0,"event_name":"FaceTrader","floor":3,"gold_loss":0},{"cards_removed":["Languid","Clumsy"],"damage_healed":0,"gold_gain":0,"player_choice":"Removed Curses","damage_taken":0,"max_hp_gain":0,"max_hp_loss":0,"event_name":"Fountain of Cleansing","floor":14,"gold_loss":0}],"is_beta":false,"boss_relics":[],"items_purged_floors":[],"is_endless":false,"potions_floor_spawned":[1,6,15],"killed_by":"Slime Boss","ascension_level":10}}