{"host":"121m0oxswv9tg9hk","time":1607739363,"event":{"mods":["AchievementEnabler","Aspiration","BaseMod","Better Third Choice","Downfall","Hermit","Hubris","Infinite Spire","MarisaÅiñ∂âJÅ@ñÇóùçπÅj","Minty Spire (QoL Compilation)","Replay The Spire","Shade Mod","StSLib","The Construct","The Cursed","The Dragon Tamer","The Gatherer","The Hierophant","The Mystic"],"gold_per_floor":[118,133,2,15,29,29,55,55,82,115,115,144,88,101,101,178,178,192,19,19,19,19,19,19,0,0,34,34,34,45,55,55,55,55],"floor_reached":33,"playtime":2258,"items_purged":["Strike_G","Clumsy"],"score":587,"play_id":"bf99108f-dc8c-4330-be66-6a0229cbfb3c","local_time":"20201212031603","is_ascension_mode":true,"campfire_choices":[{"floor":6,"key":"REST"},{"floor":11,"key":"REST"},{"data":"Neutralize","floor":15,"key":"SMITH"},{"data":"A Thousand Cuts","floor":23,"key":"SMITH"},{"floor":28,"key":"REST"},{"floor":32,"key":"REST"}],"circlet_count":0,"master_deck":["AscendersBane","Survivor","Neutralize+1","Poisoned Stab","Bane","ReplayTheSpireMod:Speed Training","Prepared","hubris:Counter+1","Sneak Up","Slice","Well Laid Plans+1","Crippling Poison","A Thousand Cuts+1","Infinite Blades","Slice","Acrobatics","Escape Plan","Outmaneuver","Catalyst","Escape Plan","PiercingWail","Infinite Blades","Poisoned Stab","Poisoned Stab","PiercingWail","RitualDagger","Replay:Bag of Tricks","Quick Slash","hubris:Counter","ReplayTheSpireMod:Book of Names+1","infinitespire:SevenWalls","CommonCold","Shade:CarefulCut","Die Die Die","Flash of Steel","infinitespire:Fortify","Burst","hubris:SlightOfHand"],"relics":["Ring of the Snake","Chameleon Ring","MealTicket","Letter Opener","infinitespire:Lychee Nut","Pandora\u0027s Box","hubris:Icosahedron","Frozen Egg 2","Orichalcum","Replay:Bottled Snecko","Vajra","ReplayTheSpireMod:SealedPack"],"acts_visited":["Exordium","TheCity"],"potions_floor_usage":[10,16,16,18,27],"damage_taken":[{"damage":0,"enemies":"Small Slimes","floor":1,"turns":5},{"damage":3,"enemies":"Cultist","floor":2,"turns":4},{"damage":2,"enemies":"2 Louse","floor":4,"turns":3},{"damage":18,"enemies":"Large Slime","floor":5,"turns":10},{"damage":42,"enemies":"3 Sentries","floor":7,"turns":18},{"damage":13,"enemies":"Replay:BlueRogue","floor":10,"turns":9},{"damage":26,"enemies":"Gremlin Nob","floor":12,"turns":5},{"damage":2,"enemies":"2 Fungi Beasts","floor":14,"turns":4},{"damage":14,"enemies":"Slime Boss","floor":16,"turns":9},{"damage":9,"enemies":"3 Byrds","floor":18,"turns":3},{"damage":45,"enemies":"Gremlin Leader","floor":27,"turns":6},{"damage":15,"enemies":"Chosen","floor":30,"turns":5},{"damage":0,"enemies":"Snake Plant","floor":31,"turns":4},{"damage":54,"enemies":"Automaton","floor":33,"turns":6}],"seed_played":"1295826091874754385","potions_obtained":[{"floor":1,"key":"FearPotion"},{"floor":12,"key":"Elixir"},{"floor":16,"key":"Adrenaline Potion"},{"floor":18,"key":"Explosive Potion"}],"is_trial":false,"path_per_floor":["M","M","$","M","M","R","E","?","T","E","R","E","$","M","R","B",null,"M","$","?","?","?","R","?","?","T","E","R","AVR","M","M","R","B"],"character_chosen":"THE_SILENT","items_purchased":["Explosive Potion","Well Laid Plans+1","Infinite Blades","Poisoned Stab","PiercingWail"],"campfire_rested":4,"item_purchase_floors":[3,13,19,19,19],"current_hp_per_floor":[65,62,62,60,42,63,21,21,21,8,29,3,18,22,22,14,44,40,54,48,48,48,48,48,48,48,9,25,25,16,22,38,0,0],"gold":55,"neow_bonus":"TEN_PERCENT_HP_BONUS","is_daily":false,"chose_seed":false,"campfire_upgraded":2,"win_rate":0.0,"timestamp":1607739363,"path_taken":["M","M","$","M","M","R","E","?","T","E","R","E","$","?","R","BOSS","M","$","?","?","?","R","?","?","T","E","R","AVR","M","M","R","BOSS"],"items_purchased_type":["Potion","Card","Card","Card","Card"],"build_version":"2020-11-30","purchased_purges":2,"victory":false,"max_hp_per_floor":[72,72,72,72,72,72,72,72,72,72,72,54,54,54,54,54,54,54,54,54,54,54,54,54,54,54,54,54,54,54,54,54,54,54],"card_choices":[{"not_picked":["Riddle With Holes","Sucker Punch"],"picked":"Poisoned Stab","floor":1},{"not_picked":["Flying Knee","Acrobatics"],"picked":"Bane","floor":2},{"not_picked":["PiercingWail","Poisoned Stab"],"picked":"ReplayTheSpireMod:Speed Training","floor":4},{"not_picked":["Underhanded Strike","Calculated Gamble"],"picked":"Prepared","floor":5},{"not_picked":["Well Laid Plans","Underhanded Strike"],"picked":"hubris:Counter","floor":7},{"not_picked":["Flying Knee","Quick Slash"],"picked":"Sneak Up","floor":10},{"not_picked":["Replay:Bag of Tricks","Prepared"],"picked":"Slice","floor":12},{"not_picked":["Well Laid Plans","Dagger Throw"],"picked":"Crippling Poison","floor":14},{"not_picked":["ReplayTheSpireMod:From All Sides","infinitespire:Neurotoxin"],"picked":"A Thousand Cuts","floor":16},{"not_picked":["Dodge and Roll","Finisher"],"picked":"PiercingWail","floor":18},{"not_picked":["Dagger Throw","Deadly Poison"],"picked":"hubris:Counter","floor":27},{"not_picked":["Eruption","mysticmod:ShockingGrasp"],"picked":"Shade:CarefulCut","floor":29},{"not_picked":["Atom Bomb","Tools of the Trade"],"picked":"Die Die Die","floor":29},{"not_picked":["Trip","Replay:BasicMightCard"],"picked":"Flash of Steel","floor":29},{"not_picked":["infinitespire:TheBestDefense","ReplayTheSpireMod:Chaos Vortex"],"picked":"infinitespire:Fortify","floor":29},{"not_picked":["PiercingWail","Acrobatics+1"],"picked":"Burst","floor":30},{"not_picked":["PiercingWail+1","Calculated Gamble"],"picked":"hubris:SlightOfHand","floor":31}],"player_experience":2810931,"relics_obtained":[{"floor":7,"key":"Chameleon Ring"},{"floor":9,"key":"MealTicket"},{"floor":10,"key":"Letter Opener"},{"floor":12,"key":"infinitespire:Lychee Nut"},{"floor":26,"key":"Orichalcum"},{"floor":27,"key":"Replay:Bottled Snecko"}],"event_choices":[{"damage_healed":0,"gold_gain":0,"player_choice":"Upgraded","damage_taken":0,"max_hp_gain":0,"max_hp_loss":0,"event_name":"Upgrade Shrine","floor":8,"gold_loss":0,"cards_upgraded":["hubris:Counter"]},{"damage_healed":0,"gold_gain":0,"player_choice":"Dagger","damage_taken":6,"max_hp_gain":0,"max_hp_loss":0,"event_name":"betterThird:BetterNest","floor":20,"gold_loss":0,"cards_obtained":["RitualDagger"]},{"damage_healed":0,"gold_gain":0,"cards_transformed":["Flying Knee","ReplayTheSpireMod:Exploit Weakness"],"player_choice":"Became Test Subject","damage_taken":0,"max_hp_gain":0,"max_hp_loss":0,"event_name":"Drug Dealer","floor":24,"gold_loss":0,"cards_obtained":["Replay:Bag of Tricks","Quick Slash"]},{"damage_healed":0,"gold_gain":0,"player_choice":"Paid Fearfully","damage_taken":0,"max_hp_gain":0,"max_hp_loss":0,"event_name":"Masked Bandits","floor":25,"gold_loss":19}],"is_beta":false,"boss_relics":[{"not_picked":["Replay:Drink Me","aspiration:SecretTechniqueScroll"],"picked":"Pandora\u0027s Box"}],"items_purged_floors":[3,29],"is_endless":false,"potions_floor_spawned":[1,4,5,12,16,18],"killed_by":"Automaton","ascension_level":20}}