{"host":"jg07b2bexsgdacfj","time":1607798625,"event":{"mods":["AchievementEnabler","Act Like it!","Aspiration","BaseMod","Better Third Choice","BetterRewards","Block Reminder","Challenge The Spire","Colored Map","Conspire","Downfall","Elementarium","Energized Spire","Friendly Minions","GifTheSpireLib","Gold Saver","Halation","Highlight Path","Hubris","Infinite Spire","Menagerie","Minty Spire (QoL Compilation)","Permanent Neow","Railgun Mod","Remove Card Discount Mod","Replay The Spire","Shop Mod","Spikes Relics","StSLib","Stuff the Spire","Synergy Search","The Animator","The Blackbeard","The Forsaken","The Gatherer","The Necromancer","The Servant 0.9.4","TheHeartMod","TheWitcher","Transform Curses","UnlockEverythingMod","vexMod"],"gold_per_floor":[112,112,112,125,5,5,5,5,5,21,39,49,49,49,49],"floor_reached":14,"playtime":952,"items_purged":[],"score":136,"play_id":"0b0b4cce-e135-484b-9db0-ad80e0236058","local_time":"20201212194345","is_ascension_mode":true,"campfire_choices":[{"data":"Worship","floor":6,"key":"SMITH"},{"data":"Worship","floor":13,"key":"SMITH"}],"circlet_count":0,"master_deck":["AscendersBane","Strike_P","Strike_P","Strike_P","Strike_P","Defend_P","Defend_P","Defend_P","Defend_P","Eruption+1","Vigilance","Worship+1","hubris:Wrath","Establishment","Eruption","Replay:AtTheReady","EmptyBody","Adaptation","Prostrate","Worship+1","CutThroughFate"],"relics":["PureWater","halation:EternalFortune","Oddly Smooth Stone"],"acts_visited":["Exordium"],"potions_floor_usage":[14],"damage_taken":[{"damage":0,"enemies":"2 Louse","floor":1,"turns":2},{"damage":17,"enemies":"Cultist","floor":4,"turns":4},{"damage":9,"enemies":"Small Slimes","floor":10,"turns":3},{"damage":9,"enemies":"Exordium Wildlife","floor":11,"turns":5},{"damage":1,"enemies":"2 Fungi Beasts","floor":12,"turns":4},{"damage":66,"enemies":"3 Sentries","floor":14,"turns":6}],"seed_played":"-657831383875884932","potions_obtained":[{"floor":11,"key":"Languid Potion"}],"is_trial":false,"path_per_floor":["M","?","?","M","$","R","?","?","T","M","M","M","R","E"],"character_chosen":"WATCHER","items_purchased":["EmptyBody","Adaptation"],"campfire_rested":0,"item_purchase_floors":[5,5],"current_hp_per_floor":[61,64,64,47,47,47,47,70,70,61,52,51,51,0,0],"gold":49,"neow_bonus":"RANDOM_EVENT","is_daily":false,"chose_seed":false,"campfire_upgraded":2,"win_rate":0.0,"timestamp":1607798625,"path_taken":["M","?","?","?","$","R","?","?","T","?","M","M","R","E"],"items_purchased_type":["Card","Card"],"build_version":"2020-11-30","purchased_purges":0,"victory":false,"max_hp_per_floor":[68,71,71,71,71,71,71,71,71,71,71,71,71,71,71],"card_choices":[{"not_picked":["BowlingBash","EmptyBody"],"picked":"Worship","floor":1},{"not_picked":["Weave","FlyingSleeves"],"picked":"Replay:AtTheReady","floor":4},{"not_picked":["WaveOfTheHand","CutThroughFate"],"picked":"Prostrate","floor":10},{"not_picked":["Protect","SashWhip"],"picked":"Worship","floor":11},{"not_picked":["LikeWater","JustLucky"],"picked":"CutThroughFate","floor":12}],"player_experience":291973,"relics_obtained":[{"floor":9,"key":"Oddly Smooth Stone"}],"event_choices":[{"damage_healed":0,"gold_gain":0,"player_choice":"Grow","damage_taken":0,"max_hp_gain":0,"max_hp_loss":0,"event_name":"Living Wall","floor":0,"gold_loss":0,"cards_upgraded":["Eruption"]},{"damage_healed":0,"gold_gain":0,"player_choice":"3 cards matched","damage_taken":0,"max_hp_gain":0,"max_hp_loss":0,"event_name":"Match and Keep!","floor":3,"gold_loss":0,"cards_obtained":["hubris:Wrath","Establishment","Eruption"]},{"damage_healed":0,"gold_gain":0,"player_choice":"Leave","damage_taken":0,"max_hp_gain":0,"max_hp_loss":0,"event_name":"conspire:Investor","floor":7,"gold_loss":0},{"damage_healed":23,"gold_gain":0,"player_choice":"Banana","damage_taken":0,"max_hp_gain":0,"max_hp_loss":0,"event_name":"Big Fish","floor":8,"gold_loss":0}],"is_beta":false,"boss_relics":[],"items_purged_floors":[],"is_endless":false,"potions_floor_spawned":[11],"killed_by":"3 Sentries","ascension_level":14}}