{"host":"2pgz2fctomabfk86","time":1607751946,"event":{"mods":["AchievementEnabler","BaseMod","Colored Map","DeckTracker","Minty Spire (QoL Compilation)","StSLib","SuperFastMode"],"gold_per_floor":[110,35,50,50,68,68,100,100,100,133,133,147,159,159,159,234,234,253,168,188,28,44,71,80,90,90,118,129,162,180,191,191,268,268,280,314,32,32,49,49,76,126,153,181,131,131,81,101,101,101],"floor_reached":51,"playtime":2514,"items_purged":["Normality","Strike_P","Strike_P","Strike_P+1"],"score":1673,"play_id":"92955239-d583-4dde-ae5a-027b76132af2","local_time":"20201212144546","is_ascension_mode":true,"campfire_choices":[{"data":"Wallop","floor":6.0,"key":"SMITH"},{"data":"Scrawl","floor":8.0,"key":"SMITH"},{"data":"Sanctity","floor":11.0,"key":"SMITH"},{"data":"Ragnarok","floor":15.0,"key":"SMITH"},{"data":"Blasphemy","floor":32.0,"key":"SMITH"},{"data":"InnerPeace","floor":40,"key":"SMITH"},{"data":"Vault","floor":46,"key":"SMITH"},{"data":"EmptyBody","floor":49,"key":"SMITH"}],"circlet_count":0,"master_deck":["AscendersBane","Defend_P","Defend_P","Eruption+1","Vigilance","Prostrate","Scrawl+1","Tantrum","Wallop+1","FollowUp","EmptyFist+1","Sanctity+1","Blasphemy+1","Ragnarok+1","Vault+1","EmptyBody+1","Scrawl+1","InnerPeace+1","Adaptation"],"relics":["HolyWater","Singing Bowl","Yang","TeardropLocket","Busted Crown","CloakClasp","Akabeko","CeramicFish","Regal Pillow","Mummified Hand","Smiling Mask","Ice Cream","Lee\u0027s Waffle","Gremlin Horn","Incense Burner","Whetstone","Pen Nib"],"acts_visited":["Exordium","TheCity","TheBeyond"],"potions_floor_usage":[50,50,50],"damage_taken":[{"damage":11.0,"enemies":"Jaw Worm","floor":1.0,"turns":5.0},{"damage":8.0,"enemies":"Cultist","floor":3.0,"turns":4.0},{"damage":3.0,"enemies":"Small Slimes","floor":5.0,"turns":2.0},{"damage":8.0,"enemies":"3 Sentries","floor":7.0,"turns":9.0},{"damage":0.0,"enemies":"Lagavulin","floor":10.0,"turns":4.0},{"damage":0.0,"enemies":"Exordium Thugs","floor":12.0,"turns":1.0},{"damage":0.0,"enemies":"Blue Slaver","floor":13.0,"turns":1.0},{"damage":0.0,"enemies":"Slime Boss","floor":16.0,"turns":3.0},{"damage":14.0,"enemies":"Shell Parasite","floor":18.0,"turns":3.0},{"damage":0.0,"enemies":"Spheric Guardian","floor":20.0,"turns":2.0},{"damage":0.0,"enemies":"Centurion and Healer","floor":22.0,"turns":3.0},{"damage":0.0,"enemies":"Slavers","floor":23.0,"turns":1.0},{"damage":0.0,"enemies":"3 Cultists","floor":25.0,"turns":2.0},{"damage":0.0,"enemies":"Gremlin Leader","floor":27.0,"turns":3.0},{"damage":0.0,"enemies":"Sentry and Sphere","floor":28.0,"turns":1.0},{"damage":4.0,"enemies":"Book of Stabbing","floor":29.0,"turns":3.0},{"damage":0.0,"enemies":"Snecko","floor":30.0,"turns":1.0},{"damage":0.0,"enemies":"Centurion and Healer","floor":31.0,"turns":3.0},{"damage":5.0,"enemies":"Champ","floor":33.0,"turns":8.0},{"damage":35,"enemies":"3 Darklings","floor":35,"turns":4},{"damage":0,"enemies":"Mind Bloom Boss Battle","floor":36,"turns":4},{"damage":0,"enemies":"Orb Walker","floor":39,"turns":2},{"damage":30,"enemies":"Reptomancer","floor":41,"turns":3},{"damage":0,"enemies":"2 Orb Walkers","floor":42,"turns":2},{"damage":6,"enemies":"Nemesis","floor":44,"turns":3},{"damage":0,"enemies":"4 Shapes","floor":48,"turns":2},{"damage":15,"enemies":"Time Eater","floor":50,"turns":5}],"seed_played":"4627577160070738442","potions_obtained":[{"floor":3.0,"key":"CultistPotion"},{"floor":10.0,"key":"Strength Potion"},{"floor":35,"key":"EntropicBrew"}],"is_trial":false,"path_per_floor":["M","$","M","?","M","R","E","R","T","E","R","M","M","?","R","B",null,"M","?","M","$","M","E","?","M","T","E","M","E","M","M","R","B",null,"M","?","$","?","M","R","E","?","T","E","$","R","$","M","R","B",null],"character_chosen":"WATCHER","items_purchased":["Akabeko","Adaptation","Lee\u0027s Waffle"],"campfire_rested":0,"item_purchase_floors":[21,37,37],"current_hp_per_floor":[50,50,42,42,39,39,31,31,31,31,31,33,33,33,33,33,61,49,49,49,49,51,53,53,55,55,57,59,57,59,61,61,58,82,49,49,99,99,101,101,73,75,75,71,71,71,71,73,73,58],"gold":101,"neow_bonus":"TRANSFORM_TWO_CARDS","is_daily":false,"chose_seed":false,"campfire_upgraded":8,"win_rate":0.0,"timestamp":1607751946,"path_taken":["M","$","M","?","M","R","E","R","T","E","R","?","M","?","R","BOSS","M","?","M","$","M","E","?","M","T","E","M","E","?","M","R","BOSS","M","?","$","?","?","R","E","?","T","E","$","R","$","M","R","BOSS"],"items_purchased_type":["Relic","Card","Relic"],"build_version":"2020-11-30","purchased_purges":4,"victory":true,"max_hp_per_floor":[68,68,68,68,68,68,68,68,68,68,68,70,70,70,70,70,70,72,72,72,72,74,76,76,78,78,80,82,84,86,88,88,90,90,92,92,99,99,101,101,103,105,105,107,107,107,107,109,109,109],"card_choices":[{"not_picked":["PathToVictory","FlurryOfBlows"],"picked":"Tantrum","floor":1.0},{"not_picked":["Prostrate","BattleHymn"],"picked":"Wallop","floor":3.0},{"not_picked":["Evaluate","Pray"],"picked":"FollowUp","floor":5.0},{"not_picked":["ReachHeaven","Fasting2"],"picked":"EmptyFist","floor":7.0},{"not_picked":["Collect","ThirdEye"],"picked":"Sanctity","floor":10.0},{"not_picked":["FlyingSleeves","Evaluate","EmptyBody"],"picked":"Singing Bowl","floor":12.0},{"not_picked":["FlurryOfBlows","FollowUp"],"picked":"Blasphemy","floor":13.0},{"not_picked":["LessonLearned","Wish"],"picked":"Vault","floor":16.0},{"not_picked":["CrushJoints"],"picked":"Singing Bowl","floor":18.0},{"not_picked":[],"picked":"EmptyBody","floor":20.0},{"not_picked":["FollowUp"],"picked":"Singing Bowl","floor":22.0},{"not_picked":["Prostrate"],"picked":"Singing Bowl","floor":23.0},{"not_picked":["Wallop"],"picked":"Singing Bowl","floor":25.0},{"not_picked":["Establishment"],"picked":"Singing Bowl","floor":27.0},{"not_picked":["Halt"],"picked":"Singing Bowl","floor":28.0},{"not_picked":["SashWhip"],"picked":"Singing Bowl","floor":29.0},{"not_picked":["Study"],"picked":"Singing Bowl","floor":30.0},{"not_picked":["Prostrate"],"picked":"Singing Bowl","floor":31.0},{"not_picked":["MasterReality"],"picked":"Singing Bowl","floor":33.0},{"not_picked":["DeceiveReality"],"picked":"Singing Bowl","floor":35},{"not_picked":[],"picked":"InnerPeace","floor":36},{"not_picked":["Prostrate+1"],"picked":"Singing Bowl","floor":39},{"not_picked":["FlurryOfBlows"],"picked":"Singing Bowl","floor":41},{"not_picked":["Prostrate"],"picked":"Singing Bowl","floor":42},{"not_picked":["Worship+1"],"picked":"Singing Bowl","floor":44},{"not_picked":["CutThroughFate"],"picked":"Singing Bowl","floor":48}],"player_experience":918655,"relics_obtained":[{"floor":7.0,"key":"Singing Bowl"},{"floor":9.0,"key":"Yang"},{"floor":10.0,"key":"TeardropLocket"},{"floor":23.0,"key":"CeramicFish"},{"floor":26.0,"key":"Regal Pillow"},{"floor":27.0,"key":"Mummified Hand"},{"floor":29.0,"key":"Smiling Mask"},{"floor":36,"key":"Ice Cream"},{"floor":41,"key":"Gremlin Horn"},{"floor":42,"key":"Incense Burner"},{"floor":43,"key":"Whetstone"},{"floor":44,"key":"Pen Nib"}],"event_choices":[{"damage_healed":0.0,"max_hp_gain":0.0,"max_hp_loss":0.0,"gold_gain":0.0,"event_name":"Accursed Blacksmith","player_choice":"Forge","floor":4.0,"gold_loss":0.0,"damage_taken":0.0,"cards_upgraded":["Eruption"]},{"damage_healed":0.0,"max_hp_gain":0.0,"max_hp_loss":0.0,"gold_gain":0.0,"event_name":"Match and Keep!","player_choice":"1 cards matched","floor":14.0,"gold_loss":0.0,"damage_taken":0.0,"cards_obtained":["Ragnarok"]},{"damage_healed":0.0,"max_hp_gain":0.0,"max_hp_loss":0.0,"gold_gain":0.0,"event_name":"Addict","player_choice":"Obtained Relic","floor":19.0,"gold_loss":85.0,"damage_taken":0.0,"relics_obtained":["CloakClasp"]},{"damage_healed":0.0,"max_hp_gain":0.0,"max_hp_loss":0.0,"gold_gain":0.0,"event_name":"Duplicator","player_choice":"Copied","floor":24.0,"gold_loss":0.0,"damage_taken":0.0,"cards_obtained":["Scrawl"]},{"damage_healed":0,"gold_gain":0,"player_choice":"Fight","damage_taken":0,"max_hp_gain":0,"max_hp_loss":0,"event_name":"MindBloom","floor":36,"gold_loss":0},{"cards_removed":["Defend_P"],"damage_healed":0,"gold_gain":0,"player_choice":"Removed Skill","damage_taken":0,"max_hp_gain":0,"max_hp_loss":0,"event_name":"Falling","floor":38,"gold_loss":0},{"damage_healed":0,"gold_gain":0,"player_choice":"Fight","damage_taken":0,"max_hp_gain":0,"max_hp_loss":0,"event_name":"Mysterious Sphere","floor":42,"gold_loss":0}],"is_beta":false,"boss_relics":[{"not_picked":["SacredBark","Tiny House"],"picked":"Busted Crown"},{"not_picked":["Philosopher\u0027s Stone","Calling Bell"],"picked":"HolyWater"}],"items_purged_floors":[2,37,45,47],"is_endless":false,"potions_floor_spawned":[3,10,12,16,23,25,27,28,35,39,42,44],"ascension_level":17}}