{"host":"rjmu5g8hpiele53d","time":1607808598,"event":{"mods":["2.2 Compatiblity","BaseMod","Downfall","GifTheSpireLib","Minty Spire (QoL Compilation)","StSLib"],"gold_per_floor":[99,112,59,59,73,84,111,36,47,47,8,27,27,44,61,159,159,84,84,84,84,84,84,84,84,84,84,84,84,84,84,84,84,84],"floor_reached":33,"playtime":2774,"items_purged":[],"score":320,"play_id":"b9ab9aa9-71b2-47bb-9173-79afb29f813c","local_time":"20201212212958","is_ascension_mode":false,"campfire_choices":[{"data":"hexamod:Sear","floor":1,"key":"SMITH"},{"data":"hexamod:Float","floor":4,"key":"SMITH"},{"floor":8,"key":"RECALL"},{"data":"hexamod:GhostOfSpireFuture","floor":10,"key":"SMITH"},{"data":"hexamod:HeatMetal","floor":18,"key":"SMITH"},{"data":"hexamod:HexaLevel","floor":22,"key":"SMITH"},{"floor":27,"key":"REST"}],"circlet_count":0,"master_deck":["hexamod:Strike+1","hexamod:Strike+1","hexamod:Strike","hexamod:Strike","hexamod:Defend","hexamod:Defend","hexamod:Defend","hexamod:Defend","hexamod:Sear+1","hexamod:Float+1","hexamod:FirstSeal","hexamod:GhostOfSpirePast","hexamod:HeatMetal+1","hexamod:GhostOfSpireFuture+1","hexamod:GhostOfSpirePast","hexamod:AdvancingGuard","hexamod:Incineration+1","Regret","hexamod:PhantomFireball","hexamod:TimeWarp+1","hexamod:HexaLevel+1","hexamod:Hexaguard+1","hexamod:HauntingEcho","hexamod:GhostflameInferno","hexamod:GhostOfSpireFuture","hexamod:PhantomCloak","hexamod:EmpoweredFlame"],"relics":["hexamod:SpiritBrand","downfall:HeartBlessingBlue","Ectoplasm","downfall:HeartBlessingRed","Blood Vial","downfall:CloakOfManyFaces","CultistMask","FaceOfCleric","NlothsMask","GremlinMask","SsserpentHead"],"acts_visited":["Exordium","TheCity"],"potions_floor_usage":[3,16,30,33],"damage_taken":[{"damage":0,"enemies":"Cultist","floor":2,"turns":3},{"damage":4,"enemies":"downfall:FleeingMerchant","floor":3,"turns":4},{"damage":5,"enemies":"Jaw Worm","floor":5,"turns":3},{"damage":0,"enemies":"Small Slimes","floor":6,"turns":3},{"damage":4,"enemies":"2 Fungi Beasts","floor":9,"turns":5},{"damage":15,"enemies":"downfall:FleeingMerchant","floor":11,"turns":4},{"damage":7,"enemies":"Red Slaver","floor":12,"turns":4},{"damage":6,"enemies":"Large Slime","floor":14,"turns":7},{"damage":10,"enemies":"Exordium Wildlife","floor":15,"turns":5},{"damage":1,"enemies":"downfall:CharBossWatcher","floor":16,"turns":6},{"damage":8,"enemies":"3 Byrds","floor":19,"turns":5},{"damage":0,"enemies":"Spheric Guardian","floor":20,"turns":3},{"damage":23,"enemies":"Centurion and Healer","floor":25,"turns":5},{"damage":15,"enemies":"Snake Plant","floor":26,"turns":4},{"damage":20,"enemies":"Snecko","floor":28,"turns":6},{"damage":2,"enemies":"downfall:FaceTrader","floor":29,"turns":6},{"damage":18,"enemies":"Chosen and Byrds","floor":30,"turns":5},{"damage":20,"enemies":"Snake Plant","floor":31,"turns":3},{"damage":7,"enemies":"Centurion and Healer","floor":32,"turns":4},{"damage":70,"enemies":"downfall:CharBossSilent","floor":33,"turns":7}],"seed_played":"-1626688757446813097","potions_obtained":[{"floor":2,"key":"EntropicBrew"},{"floor":6,"key":"Energy Potion"},{"floor":16,"key":"Slimebound:ThreeZeroPotion"},{"floor":19,"key":"Guardian:BlockOnCardUsePotion"}],"is_trial":false,"path_per_floor":["R","M","$","R","M","M","T","R","M","R","$","M","?","M","M","B",null,"R","M","M","?","R","?","T","M","M","R","M","?","M","M","M","B"],"character_chosen":"THE_SPIRIT","items_purchased":["hexamod:GhostOfSpirePast","hexamod:AdvancingGuard"],"campfire_rested":1,"item_purchase_floors":[3,11],"current_hp_per_floor":[77,77,77,77,77,77,77,87,87,87,79,79,79,80,77,83,87,87,86,87,87,87,87,87,64,58,84,73,80,72,62,65,0,0],"gold":84,"neow_bonus":"TEN_PERCENT_HP_BONUS","is_daily":false,"chose_seed":false,"campfire_upgraded":5,"win_rate":0.0,"timestamp":1607808598,"path_taken":["R","M","$","R","M","?","T","R","M","R","$","M","?","M","M","BOSS","R","M","M","?","R","?","T","?","M","R","M","?","?","M","M","BOSS"],"items_purchased_type":["Card","Card"],"build_version":"2020-11-30","purchased_purges":0,"victory":false,"max_hp_per_floor":[77,77,77,77,77,77,77,87,87,87,87,87,87,87,87,87,87,87,87,87,87,87,87,87,87,87,87,87,87,88,89,90,90,90],"card_choices":[{"not_picked":["hexamod:NightmareGuise","hexamod:EtherealExpedition"],"picked":"hexamod:FirstSeal","floor":2},{"not_picked":["hexamod:ThermalTransfer","hexamod:GhostflameBarrier"],"picked":"hexamod:HeatMetal","floor":5},{"not_picked":["hexamod:EtherealExpedition","hexamod:AdvancingGuard"],"picked":"hexamod:GhostOfSpireFuture","floor":6},{"not_picked":["hexamod:SpectralAdrenaline","hexamod:SpectersWail"],"picked":"hexamod:GhostOfSpirePast","floor":9},{"not_picked":["hexamod:GhostShield","hexamod:SwordOfDarkness"],"picked":"hexamod:Incineration","floor":12},{"not_picked":["hexamod:HauntingEcho","hexamod:Haunt"],"picked":"hexamod:PhantomFireball","floor":14},{"not_picked":["hexamod:Hexaguard","hexamod:SwordOfDarkness"],"picked":"hexamod:TimeWarp","floor":15},{"not_picked":["hexamod:UnleashSpirits","hexamod:GhostflameInferno"],"picked":"hexamod:HexaLevel","floor":16},{"not_picked":["hexamod:GhostShield","hexamod:ShieldOfDarkness"],"picked":"hexamod:Hexaguard+1","floor":19},{"not_picked":["hexamod:GhostShield+1","hexamod:Firestarter","hexamod:Incineration"],"picked":"SKIP","floor":20},{"not_picked":["hexamod:Hexaguard","hexamod:GhostShield"],"picked":"hexamod:HauntingEcho","floor":25},{"not_picked":["hexamod:BurningTouch","hexamod:Hexaguard","hexamod:ThirdSeal"],"picked":"SKIP","floor":26},{"not_picked":["hexamod:BacktrackSmack+1","hexamod:InspiringFlames"],"picked":"hexamod:GhostflameInferno","floor":28},{"not_picked":["hexamod:BacktrackSmack","hexamod:FirstSeal"],"picked":"hexamod:GhostOfSpireFuture","floor":30},{"not_picked":["hexamod:RainOfEmbers","hexamod:ThirdSeal"],"picked":"hexamod:PhantomCloak","floor":31},{"not_picked":["hexamod:SecondSeal","hexamod:RainOfEmbers"],"picked":"hexamod:EmpoweredFlame","floor":32}],"player_experience":1521148,"relics_obtained":[{"floor":24,"key":"Blood Vial"},{"floor":29,"key":"downfall:CloakOfManyFaces"}],"event_choices":[{"damage_healed":0,"gold_gain":0,"player_choice":"Upgraded","damage_taken":0,"max_hp_gain":0,"max_hp_loss":0,"event_name":"Upgrade Shrine","floor":23,"gold_loss":0,"cards_upgraded":["hexamod:TimeWarp"]}],"is_beta":false,"boss_relics":[{"not_picked":["Velvet Choker","Runic Pyramid"],"picked":"Ectoplasm"}],"items_purged_floors":[],"is_endless":false,"potions_floor_spawned":[2,6,9,16,19,20],"killed_by":"downfall:CharBossSilent","ascension_level":0}}