{"host":"xd92u7alcwi518yp","time":1607749607,"event":{"mods":["Aspiration","BaseMod","BetterRewards","Colored Map","Colored Powertips","Hubris","Minty Spire (QoL Compilation)","Quick Restart","StSLib"],"gold_per_floor":[18,37,56,56,68,94,108,108,155,155,184,195,206,238,238,334,334,349,367,367,367,367],"floor_reached":21,"playtime":2045,"items_purged":[],"score":203,"play_id":"84917c6f-0e25-4447-890d-940f7a7d360c","local_time":"20201211210647","is_ascension_mode":false,"campfire_choices":[{"floor":8,"key":"REST"},{"floor":10,"key":"RECALL"},{"floor":15,"key":"REST"}],"circlet_count":0,"master_deck":["Blizzard","Strike_B","Strike_B","Strike_B","Strike_B","Defend_B","Defend_B","Defend_B","Defend_B","Zap","Dualcast","Go for the Eyes","Melter","Hello World","Regret","Barrage","hubris:Ukulele","Go for the Eyes","Lockon","Seek","Glacier","Coolheaded","hubris:DoWhile","Rebound+1","Tempest+1"],"relics":["Cracked Core","Girya","Boot","aspiration:ChemicalBlood","Lantern","Mercury Hourglass","Black Star"],"acts_visited":["Exordium","TheCity"],"potions_floor_usage":[5,6,11,14,16,16,19,19],"damage_taken":[{"damage":0,"enemies":"Small Slimes","floor":1,"turns":2},{"damage":6,"enemies":"Jaw Worm","floor":2,"turns":3},{"damage":0,"enemies":"Cultist","floor":3,"turns":2},{"damage":17,"enemies":"Lots of Slimes","floor":5,"turns":5},{"damage":24,"enemies":"Gremlin Nob","floor":6,"turns":4},{"damage":2,"enemies":"Large Slime","floor":7,"turns":3},{"damage":22,"enemies":"Lagavulin","floor":11,"turns":4},{"damage":5,"enemies":"Looter","floor":12,"turns":2},{"damage":15,"enemies":"Red Slaver","floor":13,"turns":2},{"damage":8,"enemies":"Gremlin Nob","floor":14,"turns":3},{"damage":27,"enemies":"The Guardian","floor":16,"turns":9},{"damage":9,"enemies":"Spheric Guardian","floor":18,"turns":4},{"damage":52,"enemies":"2 Thieves","floor":19,"turns":4}],"seed_played":"-3743319187606270043","potions_obtained":[{"floor":2,"key":"Regen Potion"},{"floor":3,"key":"SneckoOil"},{"floor":6,"key":"EssenceOfDarkness"},{"floor":12,"key":"FocusPotion"},{"floor":14,"key":"DuplicationPotion"},{"floor":16,"key":"Strength Potion"},{"floor":19,"key":"ColorlessPotion"},{"floor":19,"key":"FocusPotion"}],"is_trial":false,"path_per_floor":["M","M","M","?","M","E","M","R","T","R","E","M","M","E","R","B",null,"M","M","$","?"],"character_chosen":"DEFECT","items_purchased":[],"campfire_rested":2,"item_purchase_floors":[],"current_hp_per_floor":[75,69,69,69,66,42,40,62,62,62,40,35,20,12,34,7,75,66,14,14,14,14],"gold":367,"neow_bonus":"ONE_RARE_RELIC","is_daily":false,"chose_seed":false,"campfire_upgraded":0,"win_rate":0.0,"timestamp":1607749607,"path_taken":["M","M","M","?","M","E","M","R","T","R","E","M","M","E","R","BOSS","M","M","$","?"],"items_purchased_type":[],"build_version":"2020-11-30","purchased_purges":0,"victory":false,"max_hp_per_floor":[75,75,75,75,75,75,75,75,75,75,75,75,75,75,75,75,75,75,75,75,75,75],"card_choices":[{"not_picked":["Leap","Steam"],"picked":"Go for the Eyes","floor":1},{"not_picked":["Heatsinks","Coolheaded"],"picked":"Melter","floor":2},{"not_picked":["Undo","Darkness"],"picked":"Hello World","floor":3},{"not_picked":["Fusion","Turbo"],"picked":"Barrage","floor":5},{"not_picked":["Double Energy","Ball Lightning"],"picked":"hubris:Ukulele","floor":6},{"not_picked":["Stack","Compile Driver"],"picked":"Go for the Eyes","floor":7},{"not_picked":["Redo","Sweeping Beam"],"picked":"Lockon","floor":11},{"not_picked":["Hello World","Streamline"],"picked":"Seek","floor":12},{"not_picked":["Leap","Heatsinks"],"picked":"Glacier","floor":13},{"not_picked":["Beam Cell","Genetic Algorithm"],"picked":"Coolheaded","floor":14},{"not_picked":["Multi-Cast","Meteor Strike"],"picked":"hubris:DoWhile","floor":16},{"not_picked":["Go for the Eyes","Hologram+1"],"picked":"Rebound+1","floor":18},{"not_picked":["hubris:Ukulele+1","Redo"],"picked":"Tempest+1","floor":19}],"player_experience":299980,"relics_obtained":[{"floor":6,"key":"aspiration:ChemicalBlood"},{"floor":11,"key":"Lantern"},{"floor":14,"key":"Mercury Hourglass"}],"event_choices":[{"damage_healed":0,"gold_gain":0,"player_choice":"Box","damage_taken":0,"relics_obtained":["Boot"],"max_hp_gain":0,"max_hp_loss":0,"event_name":"Big Fish","floor":4,"gold_loss":0,"cards_obtained":["Regret"]}],"is_beta":false,"boss_relics":[{"not_picked":["aspiration:PoetsPen_weak","Cursed Key"],"picked":"Black Star"}],"items_purged_floors":[],"is_endless":false,"potions_floor_spawned":[2,3,6,12,14],"ascension_level":0}}