{"host":"0azimyi6n3ugndj4","time":1607768225,"event":{"mods":["BaseMod","Bestiary","Conspire","Curses Come First","Defuse TimeMaze Blight","Hyrulean Relics","Infinite Spire","Minty Spire (QoL Compilation)","Relic Stats","Replay The Spire","StSLib","SuperFastMode","Uncapped","¡¼?Úª?ø«¡½REMEMod"],"gold_per_floor":[99,159,59,59,59,59,101,197,279,375,429,429,429,462,462,462,462,693,793,823,883,842,842,901,997,912,912,912],"floor_reached":27,"playtime":354,"items_purged":[],"score":903,"play_id":"2a02e537-dfd7-4458-becb-b6f5ee589d9d","local_time":"20201212191705","daily_mods":["Draft","Hoarder","Insanity","Chimera","Specialized","Vintage","ControlledChaos","Allstar","Diverse","Colorless Cards","Heirloom","Time Dilation","Flight","Binary","Elite Swarm","Lethality","Midas","Night Terrors","Binary"],"is_ascension_mode":true,"campfire_choices":[{"floor":6,"key":"REST"},{"floor":15,"key":"REST"},{"floor":17,"key":"REST"}],"circlet_count":0,"master_deck":["Demon Form","Wraith Form v2","Echo Form","DevaForm","AscendersBane","Bash","Survivor","Zap","Eruption","Strike_R","Strike_G+1","Strike_B+1","Defend_R","Defend_G","Defend_P","Prepared","Replay:Undeath\u0027s Touch","Sword Boomerang","Outmaneuver","Flash of Steel","Eviscerate","Replay:BluntJabs","Rebound","Backstab","Poisoned Stab","Poisoned Stab","Battle Trance","Recycle","Twin Strike","SashWhip","Body Slam","Barrage","Leap","Flex","conspire:DoublingDagger","Hologram","REME_Repentance","Slice","REME_MagicPocketWatch","Replay:ManipulateFuture","Thunderclap","Slice","Prostrate","Crippling Poison","Replay:Bootleg Shield Generator","Panic Button","Blade Dance","Havoc","Iron Wave","Warcry","Force Field","Replay:Undeath\u0027s Touch","Darkness","InnerPeace","REME_Repentance","Panic Button","Gash","Iron Wave","Hemokinesis","Conserve Battery","ReplayTheSpireMod:Calculation Training","ReplayTheSpireMod:Muscle Training","Rebound","Headbutt","Reflex","Indignation","Indignation","Indignation","Indignation","Indignation","Indignation","Indignation","Indignation","Indignation","Indignation","Indignation","Indignation","Indignation","Indignation","Sucker Punch","Sucker Punch","Sucker Punch","Bane","Bane","Bane","Hidden Blade","Hidden Blade","Hidden Blade","EmptyFist","EmptyFist","EmptyFist","Rip and Tear","Rip and Tear","Rip and Tear","BasicCrystalCard","BasicCrystalCard","BasicCrystalCard","Rupture","Rupture","Rupture","CrushJoints","CrushJoints","CrushJoints","Sentinel","Sentinel","Sentinel","CrushJoints","CrushJoints","CrushJoints","Halt","Halt","Halt","REME_MusicOfDeath","REME_MusicOfDeath","REME_MusicOfDeath","Force Field","Force Field","Force Field","Sucker Punch","Sucker Punch","Sucker Punch","Compile Driver","Compile Driver","Compile Driver","The Bomb","The Bomb","The Bomb","Ghostly","Ghostly","Ghostly","ReplayTheSpireMod:Limb From Limb+1","ReplayTheSpireMod:Limb From Limb+1","ReplayTheSpireMod:Limb From Limb+1","ReplayTheSpireMod:Haul","ReplayTheSpireMod:Haul","ReplayTheSpireMod:Haul","conspire:SpireCoStock","conspire:SpireCoStock","conspire:SpireCoStock"],"relics":["Frozen Eye","Busted Crown","REME_ComplimentaryCards","infinitespire:Golems Mask","Replay:M_SmolderingBlood","Simple Rune","infinitespire:Satchel","zeldaRelics:CourageTriforce","Potion Belt","conspire:DeflatedDodgeball","Replay:Wanted Poster","CeramicFish","Blue Doll","MutagenicStrength","Darkstone Periapt","zeldaRelics:WisdomPiece","PreservedInsect"],"acts_visited":["Exordium","TheCity"],"potions_floor_usage":[11,25,25,25,27],"damage_taken":[{"damage":0,"enemies":"2 Louse","floor":2,"turns":3},{"damage":7,"enemies":"Small Slimes","floor":7,"turns":3},{"damage":0,"enemies":"Gremlin Nob","floor":8,"turns":2},{"damage":54,"enemies":"3 Sentries","floor":10,"turns":4},{"damage":0,"enemies":"Jaw Worm","floor":11,"turns":2},{"damage":0,"enemies":"2 Fungi Beasts","floor":14,"turns":1},{"damage":1,"enemies":"Fading Forest","floor":18,"turns":8},{"damage":1,"enemies":"Chosen","floor":20,"turns":3},{"damage":2,"enemies":"Spheric Guardian","floor":21,"turns":3},{"damage":44,"enemies":"Snecko","floor":24,"turns":5},{"damage":0,"enemies":"Slavers","floor":25,"turns":1},{"damage":6,"enemies":"Gremlin Leader","floor":27,"turns":2}],"seed_played":"7241066400036913688","potions_obtained":[{"floor":7,"key":"Explosive Potion"},{"floor":8,"key":"EssenceOfSteel"},{"floor":14,"key":"Energy Potion"},{"floor":20,"key":"Fire Potion"},{"floor":25,"key":"GamblersBrew"}],"is_trial":true,"path_per_floor":["?","M","?","?","$","R","M","E","T","E","M","PTL","PTL","M","R","?","R","B",null,"M","M","?","?","M","E","?","E"],"character_chosen":"WATCHER","items_purchased":[],"campfire_rested":3,"item_purchase_floors":[],"current_hp_per_floor":[61,61,61,61,61,63,56,56,56,2,2,2,2,2,58,44,53,52,53,52,50,50,50,6,6,6,0,0],"gold":912,"neow_bonus":"","is_daily":false,"chose_seed":false,"campfire_upgraded":0,"win_rate":0.0,"timestamp":1607768225,"path_taken":["?","M","?","?","$","R","?","E","T","E","M","PTL","PTL","M","R","?","R","BOSS","M","M","?","?","M","E","?","E"],"items_purchased_type":[],"build_version":"2020-11-30","purchased_purges":0,"victory":false,"max_hp_per_floor":[68,68,68,68,68,63,63,63,63,63,63,63,63,63,58,58,53,53,53,53,53,53,53,53,53,53,53,53],"relic_stats":{"Darkstone Periapt":0,"Busted Crown":12,"counters":[12,37],"CeramicFish":9,"PreservedInsect":48,"obtain_stats":[{"Potion Belt":11,"Darkstone Periapt":24,"zeldaRelics:WisdomPiece":25,"CeramicFish":20,"Blue Doll":21,"PreservedInsect":26,"zeldaRelics:CourageTriforce":10,"Replay:Wanted Poster":19,"Frozen Eye":0,"Busted Crown":0,"Replay:M_SmolderingBlood":1,"MutagenicStrength":23,"infinitespire:Satchel":7,"infinitespire:Golems Mask":0,"Simple Rune":2,"zeldaRelics:CouragePiece":8,"PureWater":0,"conspire:DeflatedDodgeball":14,"REME_ComplimentaryCards":0},{"Potion Belt":5,"Darkstone Periapt":10,"zeldaRelics:WisdomPiece":11,"CeramicFish":8,"Blue Doll":9,"PreservedInsect":11,"zeldaRelics:CourageTriforce":4,"Replay:Wanted Poster":7,"Frozen Eye":0,"Busted Crown":0,"Replay:M_SmolderingBlood":0,"MutagenicStrength":9,"infinitespire:Satchel":2,"infinitespire:Golems Mask":0,"Simple Rune":1,"zeldaRelics:CouragePiece":3,"PureWater":0,"conspire:DeflatedDodgeball":6,"REME_ComplimentaryCards":0},{"Potion Belt":14,"Darkstone Periapt":34,"zeldaRelics:WisdomPiece":35,"CeramicFish":26,"Blue Doll":29,"PreservedInsect":35,"zeldaRelics:CourageTriforce":12,"Replay:Wanted Poster":23,"Frozen Eye":0,"Busted Crown":0,"Replay:M_SmolderingBlood":0,"MutagenicStrength":29,"infinitespire:Satchel":6,"infinitespire:Golems Mask":0,"Simple Rune":3,"zeldaRelics:CouragePiece":8,"PureWater":0,"conspire:DeflatedDodgeball":15,"REME_ComplimentaryCards":0}]},"card_choices":[{"not_picked":["Crescendo","Thunderclap"],"picked":"Sucker Punch","floor":0},{"not_picked":["Ball Lightning","ReplayTheSpireMod:GoodbyeWorld"],"picked":"Bane","floor":0},{"not_picked":["Skim","Hologram"],"picked":"Hidden Blade","floor":0},{"not_picked":["Heavy Blade","Panic Button"],"picked":"EmptyFist","floor":0},{"not_picked":["Heavy Blade","Quick Slash"],"picked":"Rip and Tear","floor":0},{"not_picked":["Slice","Sweeping Beam"],"picked":"BasicCrystalCard","floor":0},{"not_picked":["Clothesline","Compile Driver"],"picked":"Rupture","floor":0},{"not_picked":["Cold Snap","Hologram"],"picked":"CrushJoints","floor":0},{"not_picked":["Compile Driver","Meditate"],"picked":"Sentinel","floor":0},{"not_picked":["Setup","Conserve Battery"],"picked":"CrushJoints","floor":0},{"not_picked":["conspire:SharedLibrary","Twin Strike"],"picked":"Halt","floor":0},{"not_picked":["Underhanded Strike","Calculated Gamble"],"picked":"REME_MusicOfDeath","floor":0},{"not_picked":["Dash","Deflect"],"picked":"Force Field","floor":0},{"not_picked":["Havoc","Rebound"],"picked":"Sucker Punch","floor":0},{"not_picked":["Dodge and Roll","Defy Death"],"picked":"Compile Driver","floor":0},{"not_picked":["infinitespire:Punishment","infinitespire:Execution"],"picked":"ReplayTheSpireMod:Haul","floor":16}],"player_experience":1441519,"relics_obtained":[{"floor":2,"key":"Simple Rune"},{"floor":7,"key":"infinitespire:Satchel"},{"floor":8,"key":"zeldaRelics:CouragePiece"},{"floor":9,"key":"zeldaRelics:CouragePiece"},{"floor":10,"key":"zeldaRelics:CouragePiece"},{"floor":11,"key":"Potion Belt"},{"floor":14,"key":"conspire:DeflatedDodgeball"},{"floor":20,"key":"CeramicFish"},{"floor":21,"key":"Blue Doll"},{"floor":24,"key":"Darkstone Periapt"},{"floor":25,"key":"zeldaRelics:WisdomPiece"}],"event_choices":[{"damage_healed":0,"gold_gain":0,"player_choice":"Argue","damage_taken":0,"max_hp_gain":0,"max_hp_loss":0,"event_name":"conspire:LoneGhost","floor":3,"gold_loss":0},{"damage_healed":0,"gold_gain":0,"player_choice":"Invest 1","damage_taken":0,"max_hp_gain":0,"max_hp_loss":0,"event_name":"conspire:Investor","floor":22,"gold_loss":0},{"damage_healed":0,"gold_gain":0,"player_choice":"Inject Mutagens","damage_taken":0,"relics_obtained":["MutagenicStrength"],"max_hp_gain":0,"max_hp_loss":0,"event_name":"Drug Dealer","floor":23,"gold_loss":0},{"damage_healed":0,"gold_gain":0,"player_choice":"Obtained Relic","damage_taken":0,"relics_obtained":["PreservedInsect"],"max_hp_gain":0,"max_hp_loss":0,"event_name":"Addict","floor":26,"gold_loss":85}],"is_beta":false,"boss_relics":[{"not_picked":["Empty Cage","Velvet Choker"],"picked":"Replay:Wanted Poster"}],"items_purged_floors":[],"is_endless":false,"potions_floor_spawned":[7,8,14,20,25],"killed_by":"Gremlin Leader","ascension_level":20}}