{"host":"6o1vh5lr98s0jjq7","time":1607751503,"event":{"mods":["2.2 Compatiblity","Act Like it!","Aspiration","BaseMod","Better Altar","Better Match","Better Note","Better Third Choice","Conspire","Downfall","Gensokyo","Hallownest","Infinite Spire","Marisa????????","Minty Spire (QoL Compilation)","Replay The Spire","StSLib","The Alterego","WarShipGirlsR/????R mod"],"gold_per_floor":[111,111,121,9,23,58,58,76,100,123,123,155,47,58,58,154,154,172,190,190,204,9,9,20,20,46,46,46,79,95,95,95],"floor_reached":31,"playtime":1617,"items_purged":["Decay"],"score":324,"play_id":"3b3e4804-c972-425d-b5c9-66ffbe579808","local_time":"20201211233823","is_ascension_mode":true,"campfire_choices":[{"floor":11.0,"key":"REST"},{"floor":15.0,"key":"REST"},{"floor":23,"key":"RECALL"},{"floor":25,"key":"REST"}],"circlet_count":0,"master_deck":["Strike_MRS","Strike_MRS","Strike_MRS+1","Strike_MRS","Defend_MRS","Defend_MRS","Defend_MRS+1","Defend_MRS","MasterSpark","UpSweep","CasketOfStar","MysteriousBeam","FairyDestructionRay","ReplayTheSpireMod:Private Reserves","DoubleSpark","6A","OpenUniverse+1","NonDirectionalLaser","Parasite","Parasite","Occultation","PropBag","JA","JA","PulseMagic","ManaRampage","SuperPerseids","6A","MagicChant","ShootingEcho","FairyDestructionRay","ReplayTheSpireMod:??????????????????????","AsteroidBelt","WitchLeyline"],"relics":["MiniHakkero","Meat on the Bone","ShroomBag","War Paint","Busted Crown","Chemical X","conspire:TopHat","Vajra","Gremlin Food","Red Mask","Gremlin Horn"],"acts_visited":["Exordium","TheCity"],"potions_floor_usage":[16,29,30,31,31],"damage_taken":[{"damage":4.0,"enemies":"Jaw Worm","floor":1.0,"turns":3.0},{"damage":0.0,"enemies":"Cultist","floor":3.0,"turns":2.0},{"damage":9.0,"enemies":"2 Louse","floor":5.0,"turns":2.0},{"damage":27.0,"enemies":"3 Sentries","floor":6.0,"turns":5.0},{"damage":0.0,"enemies":"Large Slime","floor":8.0,"turns":3.0},{"damage":2.0,"enemies":"The Mushroom Lair","floor":10.0,"turns":3.0},{"damage":30.0,"enemies":"Lagavulin","floor":12.0,"turns":5.0},{"damage":2.0,"enemies":"3 Louse","floor":14.0,"turns":2.0},{"damage":38,"enemies":"Hexaghost","floor":16,"turns":5},{"damage":8,"enemies":"Spheric Guardian","floor":18,"turns":3},{"damage":2,"enemies":"3 Byrds","floor":19,"turns":3},{"damage":20,"enemies":"Shelled Parasite and Fungi","floor":21,"turns":3},{"damage":13,"enemies":"Snecko","floor":24,"turns":3},{"damage":0,"enemies":"Masked Bandits","floor":29,"turns":2},{"damage":10,"enemies":"Centurion and Healer","floor":30,"turns":4},{"damage":71,"enemies":"Nightmare","floor":31,"turns":6}],"seed_played":"-7978434784989727262","potions_obtained":[{"floor":1.0,"key":"FearPotion"},{"floor":5.0,"key":"Death Potion"},{"floor":14.0,"key":"Slimebound:ThreeZeroPotion"},{"floor":16,"key":"sneckomod:MuddlingPotion"},{"floor":21,"key":"SteroidPotion"},{"floor":24,"key":"PowerPotion"},{"floor":29,"key":"ColorlessPotion"}],"is_trial":false,"path_per_floor":["M","?","M","$","M","E","?","M","T","?","R","E","$","M","R","B",null,"M","M","?","M","$","R","M","R","T","T","AVR","?","M","NM"],"character_chosen":"MARISA","items_purchased":["ReplayTheSpireMod:Private Reserves","DoubleSpark","JA","Chemical X","ShootingEcho"],"campfire_rested":3,"item_purchase_floors":[4,4,13,22,22],"current_hp_per_floor":[71,71,71,71,62,35,35,47,47,45,67,41,41,39,61,47,75,69,71,71,53,53,53,42,64,64,64,64,66,56,0,0],"gold":95,"neow_bonus":"ONE_RANDOM_RARE_CARD","is_daily":false,"chose_seed":false,"campfire_upgraded":0,"win_rate":0.0,"timestamp":1607751503,"path_taken":["M","?","M","?","M","E","?","M","T","?","R","E","$","M","R","BOSS","M","M","?","?","?","R","M","R","T","?","AVR","?","M","NM"],"items_purchased_type":["Card","Card","Card","Relic","Card"],"build_version":"2020-11-30","purchased_purges":1,"victory":false,"max_hp_per_floor":[75,75,75,75,75,75,75,75,75,75,75,75,75,75,75,75,75,75,75,75,75,75,75,75,75,75,75,75,75,75,75,75],"card_choices":[{"not_picked":["SuperPerseids","OneTimeOff"],"picked":"MysteriousBeam","floor":1.0},{"not_picked":["RefractionSpark","AsteroidBelt"],"picked":"FairyDestructionRay","floor":3.0},{"not_picked":["IllusionStar","GalacticHalo"],"picked":"6A","floor":5.0},{"not_picked":["DeepEcoloBomb","AsteroidBelt"],"picked":"OpenUniverse","floor":6.0},{"not_picked":["MysteriousBeam","Occultation"],"picked":"NonDirectionalLaser","floor":8.0},{"not_picked":["MilkyWay","SporeBomb"],"picked":"Occultation","floor":10.0},{"not_picked":["DarkSpark","FairyDestructionRay"],"picked":"PropBag","floor":12.0},{"not_picked":["CasketOfStar","MilkyWay"],"picked":"PulseMagic","floor":14.0},{"not_picked":["SatelliteIllusion","CasketOfStar"],"picked":"ManaRampage","floor":16},{"not_picked":[],"picked":"SuperPerseids","floor":18},{"not_picked":[],"picked":"6A","floor":19},{"not_picked":[],"picked":"MagicChant","floor":21},{"not_picked":[],"picked":"FairyDestructionRay","floor":24},{"not_picked":[],"picked":"AsteroidBelt","floor":29},{"not_picked":[],"picked":"WitchLeyline","floor":30}],"player_experience":189210,"relics_obtained":[{"floor":6.0,"key":"Meat on the Bone"},{"floor":10.0,"key":"ShroomBag"},{"floor":12.0,"key":"War Paint"},{"floor":26,"key":"conspire:TopHat"},{"floor":27,"key":"Vajra"},{"floor":29,"key":"Red Mask"}],"event_choices":[{"damage_healed":0.0,"max_hp_gain":0.0,"max_hp_loss":0.0,"gold_gain":0.0,"event_name":"Golden Wing","player_choice":"Ignored","floor":2.0,"gold_loss":0.0,"damage_taken":0.0},{"damage_healed":0.0,"max_hp_gain":0.0,"max_hp_loss":0.0,"gold_gain":0.0,"event_name":"Mushrooms_MRS","player_choice":"Fought Mushrooms","floor":10.0,"gold_loss":0.0,"damage_taken":0.0},{"damage_healed":0,"gold_gain":0,"player_choice":"Cursed","damage_taken":0,"max_hp_gain":0,"max_hp_loss":0,"event_name":"Wheel of Change","floor":20,"gold_loss":0,"cards_obtained":["Decay"]},{"damage_healed":0,"gold_gain":0,"player_choice":"Fought Bandits","damage_taken":0,"max_hp_gain":0,"max_hp_loss":0,"event_name":"Masked Bandits","floor":29,"gold_loss":0}],"is_beta":false,"boss_relics":[{"not_picked":["conspire:RunicOctahedron","infinitespire:Cupcake"],"picked":"Busted Crown"}],"items_purged_floors":[28],"is_endless":false,"potions_floor_spawned":[1,5,14,16,21,24,29],"killed_by":"Nightmare","ascension_level":4}}