{"host":"6h0diz2ap0m56grs","time":1607804357,"event":{"mods":["2.2 Compatiblity","BaseMod","Colored Map","Marisa????????","Minty Spire (QoL Compilation)","Quick Restart","Replay The Spire","Shop Mod","StSLib","The Servant 0.9.4"],"gold_per_floor":[110,130,130,145,157,184,217,251,276,306,306,306,306,636,636,741,741,760,494,197,222,242,276,303,328,328,362,362,362,392,392,392,495,495,508,508,508,558,712,737,737,737],"floor_reached":41,"playtime":1324,"items_purged":["PiercingWail"],"score":995,"play_id":"9daafab1-ba13-4f68-908b-50827bbd8b2a","local_time":"20201212141917","daily_mods":["SealedDeck","Heirloom","Time Dilation","Flight"],"is_ascension_mode":true,"campfire_choices":[{"data":"Draining Mist","floor":11,"key":"SMITH"},{"data":"Draining Mist","floor":12,"key":"SMITH"},{"data":"Noxious Fumes","floor":15,"key":"SMITH"},{"data":"Draining Mist","floor":29,"key":"SMITH"},{"data":"Footwork","floor":32,"key":"SMITH"}],"circlet_count":0,"master_deck":["PiercingWail","Backflip","Backflip","Dash","Footwork+1","Noxious Fumes+1","Draining Mist+1","Eviscerate","Draining Mist+1","Blur","Replay:Bag of Tricks","Riddle With Holes","Wraith Form v2","Draining Mist+1","All Out Attack","Fluid Movement","ReplayTheSpireMod:Tripwire","Bullet Time"],"relics":["Snecko Eye","Ring of Chaos","replay:Trail_Library","Calipers","Chameleon Ring","Incense Burner","Pet Ghost","Orichalcum","MerchantsRug","TwistedFunnel","Iron Hammer","CaptainsWheel","HornCleat","Prayer Wheel","Replay:Wax Seal","Philosopher\u0027s Stone","Tingsha","Byrd Skull"],"acts_visited":["Exordium","TheCity","TheBeyond"],"potions_floor_usage":[],"damage_taken":[{"damage":0,"enemies":"2 Louse","floor":1,"turns":2},{"damage":0,"enemies":"Cultist","floor":2,"turns":2},{"damage":0,"enemies":"Small Slimes","floor":4,"turns":1},{"damage":0,"enemies":"Blue Slaver","floor":5,"turns":1},{"damage":0,"enemies":"3 Sentries","floor":6,"turns":5},{"damage":0,"enemies":"Lagavulin","floor":7,"turns":6},{"damage":0,"enemies":"3 Sentries","floor":8,"turns":5},{"damage":0,"enemies":"Lagavulin","floor":10,"turns":5},{"damage":0,"enemies":"Gremlin Nob","floor":14,"turns":3},{"damage":0,"enemies":"Slime Boss","floor":16,"turns":7},{"damage":0,"enemies":"Chosen","floor":18,"turns":2},{"damage":0,"enemies":"Shell Parasite","floor":22,"turns":3},{"damage":0,"enemies":"Book of Stabbing","floor":23,"turns":4},{"damage":0,"enemies":"Replay:Snechameleon","floor":24,"turns":3},{"damage":0,"enemies":"Book of Stabbing","floor":25,"turns":3},{"damage":0,"enemies":"Gremlin Leader","floor":27,"turns":2},{"damage":0,"enemies":"Replay:Snechameleon","floor":30,"turns":2},{"damage":0,"enemies":"Pondfish","floor":33,"turns":5},{"damage":0,"enemies":"3 Darklings","floor":35,"turns":3},{"damage":0,"enemies":"Mind Bloom Boss Battle","floor":38,"turns":3},{"damage":0,"enemies":"Giant Head","floor":40,"turns":7},{"damage":0,"enemies":"Reptomancer","floor":41,"turns":1}],"seed_played":"-7778224993573649210","potions_obtained":[{"floor":1,"key":"Regen Potion"},{"floor":2,"key":"FearPotion"},{"floor":8,"key":"Doom Potion"},{"floor":10,"key":"Explosive Potion"},{"floor":14,"key":"Toxic Potion"},{"floor":16,"key":"FearPotion"},{"floor":22,"key":"Energy Potion"},{"floor":38,"key":"Ancient Potion"}],"is_trial":true,"path_per_floor":["M","M","?","M","M","E","E","E","T","E","R","R","?","E","R","B",null,"M","$","$","?","M","E","E","E","T","E","?","R","E","?","R","B",null,"M","?","?","?","$","E","E"],"character_chosen":"THE_SILENT","items_purchased":["MerchantsRug","TwistedFunnel","Draining Mist","Iron Hammer"],"campfire_rested":0,"item_purchase_floors":[19,19,20,20],"current_hp_per_floor":[70,70,70,70,70,70,70,70,70,70,70,70,70,70,70,70,70,70,70,70,53,53,53,53,53,53,53,53,62,62,62,70,70,70,70,70,66,66,66,66,66,66],"gold":737,"neow_bonus":"","is_daily":false,"chose_seed":false,"campfire_upgraded":5,"win_rate":0.0,"timestamp":1607804357,"path_taken":["M","M","?","?","M","E","E","E","T","E","R","R","?","E","R","BOSS","M","$","$","?","?","E","E","E","T","E","?","R","E","?","R","BOSS","M","?","?","?","$","E","E"],"items_purchased_type":["Relic","Relic","Card","Relic"],"build_version":"2020-11-30","purchased_purges":1,"victory":false,"max_hp_per_floor":[70,70,70,70,70,70,70,70,70,70,70,70,70,70,70,70,70,70,70,70,70,70,70,70,70,70,70,70,70,70,70,70,70,70,70,70,66,66,66,66,66,66],"card_choices":[{"not_picked":["Caltrops","Riddle With Holes","Expertise"],"picked":"SKIP","floor":1},{"not_picked":["Acrobatics","Toxin Wave"],"picked":"Draining Mist","floor":2},{"not_picked":["Slice","Prepared","Poisoned Stab"],"picked":"SKIP","floor":4},{"not_picked":["Slice","Cloak And Dagger","Deflect"],"picked":"SKIP","floor":5},{"not_picked":["Blade Dance","Choke"],"picked":"Blur","floor":6},{"not_picked":["Sucker Punch","ReplayTheSpireMod:Tripwire"],"picked":"Replay:Bag of Tricks","floor":7},{"not_picked":["Endless Agony","ReplayTheSpireMod:Speed Training","Blur"],"picked":"SKIP","floor":8},{"not_picked":["Sucker Punch","ReplayTheSpireMod:Exploit Weakness"],"picked":"Riddle With Holes","floor":10},{"not_picked":["Tactician","Deadly Poison","PiercingWail"],"picked":"SKIP","floor":14},{"not_picked":["Phantasmal Killer","Venomology"],"picked":"Wraith Form v2","floor":16},{"not_picked":["Cloak And Dagger","Acrobatics+1","Poisoned Stab"],"picked":"SKIP","floor":18},{"not_picked":["Eviscerate","Blade Dance"],"picked":"Predator","floor":22},{"not_picked":["Acrobatics","ReplayTheSpireMod:Exploit Weakness"],"picked":"All Out Attack","floor":23},{"not_picked":["Underhanded Strike","Sneak Up"],"picked":"Fluid Movement","floor":24},{"not_picked":["Terror","Venomology","Blur"],"picked":"SKIP","floor":25},{"not_picked":["ReplayTheSpireMod:Shiv Toss","Backflip","Backstab+1"],"picked":"SKIP","floor":27},{"not_picked":["Flechettes+1","Flying Knee","Predator+1"],"picked":"SKIP","floor":30},{"not_picked":["Replay:Bag of Tricks","Storm of Steel"],"picked":"Bullet Time","floor":33},{"not_picked":["Quick Slash","Dagger Spray","Masterful Stab+1"],"picked":"SKIP","floor":35},{"not_picked":["Riddle With Holes","Acrobatics+1","Sucker Punch"],"picked":"SKIP","floor":35},{"not_picked":["Bane+1","Cloak And Dagger+1","Storm of Steel"],"picked":"SKIP","floor":40}],"player_experience":125579,"relics_obtained":[{"floor":6,"key":"Chameleon Ring"},{"floor":7,"key":"Incense Burner"},{"floor":8,"key":"Potion Belt"},{"floor":9,"key":"Pet Ghost"},{"floor":10,"key":"Orichalcum"},{"floor":14,"key":"Old Coin"},{"floor":23,"key":"Toy Ornithopter"},{"floor":24,"key":"Eternal Feather"},{"floor":25,"key":"CaptainsWheel"},{"floor":26,"key":"HornCleat"},{"floor":27,"key":"Prayer Wheel"},{"floor":30,"key":"Replay:Wax Seal"},{"floor":38,"key":"Tingsha"},{"floor":40,"key":"Byrd Skull"}],"event_choices":[{"cards_removed":["PiercingWail"],"damage_healed":5,"gold_gain":0,"player_choice":"Offered Common","damage_taken":0,"max_hp_gain":0,"max_hp_loss":0,"event_name":"Bonfire Elementals","floor":3,"gold_loss":0},{"cards_removed":["PiercingWail"],"damage_healed":5,"gold_gain":0,"player_choice":"Offered Special","damage_taken":0,"max_hp_gain":0,"max_hp_loss":0,"event_name":"Bonfire Elementals","floor":3,"gold_loss":0},{"damage_healed":0,"gold_gain":0,"player_choice":"Leave","damage_taken":0,"max_hp_gain":0,"max_hp_loss":0,"event_name":"The Cleric","floor":13,"gold_loss":0},{"damage_healed":0,"gold_gain":0,"player_choice":"Ignored","damage_taken":0,"max_hp_gain":0,"max_hp_loss":0,"event_name":"Ghosts","floor":31,"gold_loss":0},{"cards_removed":["Predator"],"damage_healed":0,"gold_gain":0,"player_choice":"Removed Attack","damage_taken":0,"max_hp_gain":0,"max_hp_loss":0,"event_name":"Falling","floor":36,"gold_loss":0},{"damage_healed":0,"gold_gain":0,"player_choice":"Max HP","damage_taken":0,"max_hp_gain":0,"max_hp_loss":4,"event_name":"Winding Halls","floor":37,"gold_loss":0},{"damage_healed":0,"gold_gain":0,"player_choice":"Fight","damage_taken":0,"max_hp_gain":0,"max_hp_loss":0,"event_name":"MindBloom","floor":38,"gold_loss":0}],"is_beta":false,"boss_relics":[{"not_picked":["SlaversCollar","Fusion Hammer"],"picked":"Velvet Choker"},{"not_picked":["Painkiller Herb","Abe\u0027s Treasure"],"picked":"Philosopher\u0027s Stone"}],"items_purged_floors":[39],"is_endless":false,"potions_floor_spawned":[1,2,8,10,14,16,22,23,30,33,38],"killed_by":"Reptomancer","ascension_level":1}}