{"host":"6ko66ogg91i6g7xq","time":1607770622,"event":{"mods":["AchievementEnabler","Act Like it!","BaseMod","Colored Map","Colored Powertips","Downfall","Hermit","Minty Spire (QoL Compilation)","Quick Restart","Relic Stats","StSLib","The Jungle","everything is the same but u backflip on backflip"],"gold_per_floor":[110,110,130,305,114,139,168,180,180],"floor_reached":8,"playtime":861,"items_purged":["Doubt"],"score":85,"play_id":"d4ed6e61-0b3f-45bf-9e5b-f39bf9cbd52e","local_time":"20201212055702","is_ascension_mode":true,"campfire_choices":[],"circlet_count":0,"master_deck":["Strike_G","Strike_G","Strike_G","Strike_G","Strike_G","Defend_G","Defend_G","Defend_G","Defend_G","Defend_G","Survivor","Neutralize","Blur+1","Unload","Deadly Poison","Catalyst"],"relics":["Ring of the Snake","NeowsBlessing","MawBank"],"acts_visited":["Exordium"],"potions_floor_usage":[8],"damage_taken":[{"damage":0,"enemies":"Cultist","floor":1,"turns":1},{"damage":0,"enemies":"Small Slimes","floor":3,"turns":1},{"damage":0,"enemies":"3 Sentries","floor":6,"turns":2},{"damage":1,"enemies":"Jaw Worm","floor":7,"turns":3},{"damage":13,"enemies":"Lagavulin","floor":8,"turns":3}],"seed_played":"-6216757762315494100","potions_obtained":[{"floor":1,"key":"Block Potion"},{"floor":6,"key":"CultistPotion"}],"is_trial":false,"path_per_floor":["M","?","M","?","$","E","M","E"],"character_chosen":"THE_SILENT","items_purchased":["Deadly Poison","Catalyst"],"campfire_rested":0,"item_purchase_floors":[5,5],"current_hp_per_floor":[70,70,70,70,70,70,69,56,56],"gold":180,"neow_bonus":"THREE_ENEMY_KILL","is_daily":false,"chose_seed":false,"campfire_upgraded":0,"win_rate":0.0,"timestamp":1607770622,"path_taken":["M","?","M","?","$","E","?","E"],"items_purchased_type":["Card","Card"],"build_version":"2020-11-30","purchased_purges":1,"victory":false,"max_hp_per_floor":[70,70,70,70,70,70,70,70,70],"relic_stats":{"counters":[5,10],"MawBank":24,"obtain_stats":[{"NeowsBlessing":0,"MawBank":6,"Ring of the Snake":0},{"NeowsBlessing":0,"MawBank":3,"Ring of the Snake":0},{"NeowsBlessing":0,"MawBank":4,"Ring of the Snake":0}],"Ring of the Snake":[10]},"card_choices":[{"not_picked":["Bane","Dagger Spray"],"picked":"Blur","floor":1},{"not_picked":["PiercingWail","Dodge and Roll"],"picked":"Unload","floor":3},{"not_picked":["PiercingWail","Cloak And Dagger","Dagger Spray"],"picked":"SKIP","floor":6},{"not_picked":["Bane","Blade Dance","Slice"],"picked":"SKIP","floor":7}],"player_experience":257347,"relics_obtained":[{"floor":6,"key":"MawBank"}],"event_choices":[{"damage_healed":0,"gold_gain":0,"player_choice":"Grow","damage_taken":0,"max_hp_gain":0,"max_hp_loss":0,"event_name":"Living Wall","floor":2,"gold_loss":0,"cards_upgraded":["Blur"]},{"damage_healed":0,"gold_gain":175,"player_choice":"AGREE","damage_taken":0,"max_hp_gain":0,"max_hp_loss":0,"event_name":"Liars Game","floor":4,"gold_loss":0,"cards_obtained":["Doubt"]}],"is_beta":false,"boss_relics":[],"items_purged_floors":[5],"is_endless":false,"potions_floor_spawned":[1,6],"killed_by":"Lagavulin","ascension_level":1}}