{"host":"6p0attdrtjqaih7v","time":1607772195,"event":{"mods":["2.2 Compatiblity","AchievementEnabler","Bard","BaseMod","Better Skull","Better Third Choice","Colored Powertips","Hermit","Highlight Path","Jorbs\u0027s Wanderer Trilogy","Key Reminder","Minty Spire (QoL Compilation)","Permanent Neow","Quick Restart","Random Character Button","Relic Stats","Replay The Spire","StSLib","The Construct"],"gold_per_floor":[113,59,59,59,75,104,104,121,171,171,171,171],"floor_reached":11,"playtime":445,"items_purged":[],"score":131,"play_id":"5742e963-cda5-4a53-910b-a2387807282c","local_time":"20201212062315","is_ascension_mode":true,"campfire_choices":[{"floor":7,"key":"REST"},{"data":"construct:Construct_Overclock","floor":10,"key":"SMITH"}],"circlet_count":0,"master_deck":["AscendersBane","construct:Strike_Gold","construct:Strike_Gold","construct:Strike_Gold","construct:Strike_Gold","construct:Strike_Gold","construct:Defend_Gold","construct:Defend_Gold","construct:Defend_Gold","construct:Defend_Gold","construct:Defend_Gold","construct:AttackMode","construct:Construct_Overclock+1","Envenom","Footwork","construct:SuppressiveFire","construct:Reinforce"],"relics":["construct:ClockworkPhoenix","Pen Nib","Art of War","Orichalcum","Pet Ghost"],"acts_visited":["Exordium"],"potions_floor_usage":[6,8],"damage_taken":[{"damage":0,"enemies":"2 Louse","floor":1,"turns":4},{"damage":7,"enemies":"Small Slimes","floor":5,"turns":7},{"damage":37,"enemies":"3 Sentries","floor":6,"turns":10},{"damage":7,"enemies":"Jaw Worm","floor":8,"turns":4},{"damage":13,"enemies":"Lagavulin","floor":11,"turns":7}],"seed_played":"1782098607078124893","potions_obtained":[{"floor":1,"key":"Toxic Potion"}],"is_trial":false,"path_per_floor":["M","$","?","?","M","E","R","M","T","R","E"],"character_chosen":"THE_CONSTRUCT_MOD","items_purchased":["Strength Potion"],"campfire_rested":1,"item_purchase_floors":[2],"current_hp_per_floor":[72,72,51,51,44,7,31,24,24,24,11,11],"gold":171,"neow_bonus":"RANDOM_COMMON_RELIC","is_daily":false,"chose_seed":false,"campfire_upgraded":1,"win_rate":0.0,"timestamp":1607772195,"path_taken":["M","$","?","?","M","E","R","M","T","R","E"],"items_purchased_type":["Potion"],"build_version":"2020-11-30","purchased_purges":0,"victory":false,"max_hp_per_floor":[80,80,80,80,80,80,80,80,80,80,80,80],"relic_stats":{"counters":[5,32],"Pen Nib":[4],"Art of War":[5],"Orichalcum":[30],"obtain_stats":[{"Pen Nib":0,"Art of War":3,"construct:ClockworkPhoenix":0,"Orichalcum":6,"Pet Ghost":9},{"Pen Nib":0,"Art of War":1,"construct:ClockworkPhoenix":0,"Orichalcum":3,"Pet Ghost":4},{"Pen Nib":0,"Art of War":4,"construct:ClockworkPhoenix":0,"Orichalcum":21,"Pet Ghost":25}]},"card_choices":[{"not_picked":["construct:GuardCore","construct:FlammableFog"],"picked":"construct:Construct_Overclock","floor":1},{"not_picked":["construct:Autoturret","construct:Boost"],"picked":"construct:SuppressiveFire","floor":5},{"not_picked":["construct:Anticipate","construct:FlameCore"],"picked":"construct:Reinforce","floor":6},{"not_picked":["construct:SuppressiveFire","construct:CreateCores","construct:ModeShift"],"picked":"SKIP","floor":8}],"player_experience":829560,"relics_obtained":[{"floor":6,"key":"Orichalcum"},{"floor":9,"key":"Pet Ghost"}],"event_choices":[],"is_beta":false,"boss_relics":[],"items_purged_floors":[],"is_endless":false,"potions_floor_spawned":[1],"killed_by":"Lagavulin","ascension_level":17}}