{"host":"oi1nj6gqzrtwlr6p","time":1607751759,"event":{"mods":["2.2 Compatiblity","BaseMod","Better Match","Better Note","Block Reminder","Colored Powertips","DeckTracker","Downfall","Energized Spire","Koishi","Marisa????????","Minty Spire (QoL Compilation)","Rare Cards Sparkle","Reimu??????","StSLib","Td1madao Mod","The Administrix","The Senshi","The Servant 0.9.4","The Vixen","The Wild Card"],"gold_per_floor":[109,125,125,41,56,56,76,109,135,148,178,23,23,33,33,137,187,202,213,138,158,10,10,23,23,74,94,94,194,209,225,225,328,328,341,14,14,64,64,98,98,110,133,152,152,182,182,197,197,197,197],"floor_reached":50,"playtime":3923,"items_purged":[],"score":539,"play_id":"d3d2c473-1ed3-4f9b-b9ed-96dcb4baab35","local_time":"20201211234239","is_ascension_mode":false,"campfire_choices":[{"floor":6,"key":"REST"},{"floor":15,"key":"REST"},{"floor":23,"key":"REST"},{"floor":25,"key":"REST"},{"floor":28,"key":"REST"},{"floor":32,"key":"REST"},{"floor":41,"key":"REST"},{"floor":47,"key":"REST"},{"floor":49,"key":"REST"}],"circlet_count":0,"master_deck":["Guardian:Strike_Guardian","Guardian:Strike_Guardian","Guardian:Strike_Guardian","Guardian:Defend_Guardian","Guardian:Defend_Guardian","Guardian:Defend_Guardian","Guardian:CurlUp","Guardian:TwinSlam","Guardian:Planning","Guardian:TemporalShield","Guardian:RollAttack+1","Guardian:DecasProtection","Guardian:Preprogram+1","Guardian:ShieldCharger+1","Guardian:Orbwalk","Guardian:Planning","Guardian:GemFire","Guardian:PiercingHide","Guardian:Incinerate","Guardian:VentSteam","Guardian:Recover","Guardian:Recover","Guardian:BaubleBeam","Guardian:RollAttack","Guardian:Gem_Yellow","Guardian:TimeCapacitor","Guardian:ChargeUp","Apotheosis","Guardian:TemporalStrike","Guardian:SentryBeam","Guardian:BronzeArmor+1","Guardian:CrystalBeam+1","Guardian:TimeBomb+1"],"relics":["Fusion Hammer","Toy Ornithopter","Bag of Preparation","War Paint","RuthlessExorcism:ReiMu","CultistMask","Tiny House","Sling","Mastiff:ReiMu","PreservedInsect","Pocketwatch","Smiling Mask","Boot","Shuriken"],"acts_visited":["Exordium","TheCity","TheBeyond"],"potions_floor_usage":[8,14,30,33,50,50],"damage_taken":[{"damage":1,"enemies":"Jaw Worm","floor":1,"turns":4},{"damage":0,"enemies":"Cultist","floor":2,"turns":3},{"damage":7,"enemies":"2 Louse","floor":5,"turns":2},{"damage":4,"enemies":"Red Slaver","floor":7,"turns":3},{"damage":10,"enemies":"Lagavulin","floor":8,"turns":5},{"damage":4,"enemies":"Looter","floor":10,"turns":3},{"damage":27,"enemies":"Gremlin Nob","floor":11,"turns":5},{"damage":0,"enemies":"Large Slime","floor":14,"turns":3},{"damage":33,"enemies":"Slime Boss","floor":16,"turns":13},{"damage":0,"enemies":"Spheric Guardian","floor":18,"turns":3},{"damage":4,"enemies":"Chosen","floor":19,"turns":5},{"damage":14,"enemies":"3 Cultists","floor":21,"turns":5},{"damage":0,"enemies":"Centurion and Healer","floor":24,"turns":5},{"damage":7,"enemies":"Snake Plant","floor":27,"turns":3},{"damage":24,"enemies":"3 Cultists","floor":30,"turns":4},{"damage":5,"enemies":"Cultist and Chosen","floor":31,"turns":6},{"damage":67,"enemies":"Collector","floor":33,"turns":10},{"damage":5,"enemies":"3 Darklings","floor":35,"turns":4},{"damage":32,"enemies":"Mind Bloom Boss Battle","floor":38,"turns":7},{"damage":0,"enemies":"Giant Head","floor":40,"turns":7},{"damage":18,"enemies":"3 Shapes","floor":42,"turns":5},{"damage":16,"enemies":"3 Darklings","floor":44,"turns":5},{"damage":28,"enemies":"Nemesis","floor":46,"turns":5},{"damage":26,"enemies":"Writhing Mass","floor":48,"turns":5},{"damage":76,"enemies":"Donu and Deca","floor":50,"turns":8}],"seed_played":"-41760057430811149","potions_obtained":[{"floor":2,"key":"FairyPotion"},{"floor":5,"key":"DistilledChaos"},{"floor":10,"key":"Guardian:BlockOnCardUsePotion"},{"floor":11,"key":"DistilledChaos"},{"floor":16,"key":"Weak Potion"},{"floor":17,"key":"BlessingOfTheForge"},{"floor":38,"key":"Dexterity Potion"},{"floor":42,"key":"Ancient Potion"}],"is_trial":false,"path_per_floor":["M","M","?","$","M","R","M","E","T","M","E","$","?","M","R","B",null,"M","M","?","M","$","R","M","R","T","M","R","?","M","M","R","B",null,"M","$","?","?","?","E","R","M","T","M","?","E","R","M","R","B"],"character_chosen":"GUARDIAN","items_purchased":["Guardian:Gem_Crimson","Guardian:RollAttack","RuthlessExorcism:ReiMu","Sling","Guardian:Gem_Yellow","PreservedInsect","Guardian:TimeCapacitor","Guardian:ChargeUp"],"campfire_rested":9,"item_purchase_floors":[4,4,12,22,36,36,36,36],"current_hp_per_floor":[79,79,79,79,72,80,76,66,66,62,35,35,35,40,64,31,85,85,81,81,67,67,85,85,85,85,78,85,85,61,56,81,18,85,80,80,80,48,48,48,73,55,55,39,39,11,36,10,35,0,0],"gold":197,"neow_bonus":"BOSS_RELIC","is_daily":false,"chose_seed":false,"campfire_upgraded":0,"win_rate":0.0,"timestamp":1607751759,"path_taken":["M","M","?","$","M","R","?","E","T","M","E","$","?","M","R","BOSS","M","M","?","M","$","R","M","R","T","M","R","?","?","M","R","BOSS","M","$","?","?","?","E","R","?","T","M","?","E","R","M","R","BOSS"],"items_purchased_type":["Card","Card","Relic","Relic","Card","Relic","Card","Card"],"build_version":"2020-11-30","purchased_purges":0,"victory":false,"max_hp_per_floor":[80,80,80,80,80,80,80,80,80,80,80,80,80,80,80,80,85,85,85,85,85,85,85,85,85,85,85,85,85,85,85,85,85,85,85,85,85,85,85,85,85,85,85,85,85,85,85,85,85,85,85],"card_choices":[{"not_picked":["Guardian:Gem_Red","Guardian:ArmoredProtocol"],"picked":"Guardian:Planning","floor":1},{"not_picked":["Guardian:Planning","Guardian:RollAttack"],"picked":"Guardian:TemporalShield","floor":2},{"not_picked":["Guardian:Gem_Yellow","Guardian:TemporalShield"],"picked":"Guardian:Gem_Red","floor":5},{"not_picked":["Guardian:Harden","Guardian:MultiBeam"],"picked":"Guardian:DecasProtection","floor":7},{"not_picked":["Guardian:Gem_Crimson","Guardian:DecasProtection"],"picked":"Guardian:Preprogram","floor":8},{"not_picked":["Guardian:Gem_Purple","Guardian:TimeSifter"],"picked":"Guardian:ShieldCharger","floor":10},{"not_picked":["Guardian:ShieldSpikes","Guardian:Gem_Purple"],"picked":"Guardian:Orbwalk","floor":11},{"not_picked":["Guardian:BronzeOrb","Guardian:ShieldCharger"],"picked":"Guardian:Planning","floor":14},{"not_picked":["Guardian:Gem_Synthetic","Guardian:FierceBash"],"picked":"Guardian:GemFire","floor":16},{"not_picked":["Guardian:Incinerate","Guardian:ShieldSpikes"],"picked":"Guardian:PiercingHide","floor":17},{"not_picked":["Guardian:RollAttack+1","Guardian:GuardianWhirl"],"picked":"Guardian:Gem_Crimson","floor":18},{"not_picked":["Guardian:RollAttack","Guardian:TimeCapacitor"],"picked":"Guardian:Gem_Fragmented","floor":19},{"not_picked":["Guardian:GatlingBeam+1","Guardian:Gem_Synthetic"],"picked":"Guardian:Gem_Orange","floor":20},{"not_picked":["Guardian:DecasProtection","Guardian:Gem_Crimson"],"picked":"Guardian:Gem_Cyan","floor":21},{"not_picked":["Guardian:ShieldCharger+1","Guardian:Gem_Red"],"picked":"Guardian:Incinerate","floor":24},{"not_picked":["Guardian:Incinerate+1","Guardian:PrimingBeam"],"picked":"Guardian:VentSteam","floor":27},{"not_picked":["Guardian:Incinerate","Guardian:GuardianWhirl+1"],"picked":"Guardian:Recover","floor":30},{"not_picked":["Guardian:Gem_Green","Guardian:PrimingBeam+1"],"picked":"Guardian:Recover","floor":31},{"not_picked":["Guardian:FastForward","Guardian:ExploitGems"],"picked":"Guardian:BaubleBeam","floor":33},{"not_picked":["Guardian:RefractedBeam","Guardian:Preprogram"],"picked":"Guardian:RollAttack","floor":35},{"not_picked":["expansioncontent:PrepareCrush","Dark Shackles"],"picked":"Apotheosis","floor":37},{"not_picked":["Guardian:VentSteam+1","Guardian:Gem_Cyan"],"picked":"Guardian:Gem_Green","floor":38},{"not_picked":["Guardian:WalkerClaw+1","Guardian:CrystalBeam+1"],"picked":"Guardian:TemporalStrike","floor":40},{"not_picked":["Guardian:Reroute","Guardian:RefractedBeam"],"picked":"Guardian:SentryBeam","floor":42},{"not_picked":["Guardian:Repulse","Guardian:VentSteam+1"],"picked":"Guardian:BronzeArmor+1","floor":44},{"not_picked":["Guardian:ShieldCharger","Guardian:ConstructionForm"],"picked":"Guardian:CrystalBeam+1","floor":46},{"not_picked":["Guardian:TimeCapacitor+1","Guardian:WalkerClaw+1"],"picked":"Guardian:TimeBomb+1","floor":48}],"player_experience":315969,"relics_obtained":[{"floor":8,"key":"Toy Ornithopter"},{"floor":9,"key":"Bag of Preparation"},{"floor":11,"key":"War Paint"},{"floor":26,"key":"Mastiff:ReiMu"},{"floor":38,"key":"Pocketwatch"},{"floor":40,"key":"Smiling Mask"},{"floor":43,"key":"Boot"},{"floor":46,"key":"Shuriken"}],"event_choices":[{"damage_healed":0,"gold_gain":0,"player_choice":"Trade","damage_taken":0,"relics_obtained":["CultistMask"],"max_hp_gain":0,"max_hp_loss":0,"event_name":"FaceTrader","floor":13,"gold_loss":0},{"damage_healed":0,"gold_gain":0,"player_choice":"2","damage_taken":0,"max_hp_gain":0,"max_hp_loss":0,"event_name":"betterMatch:BetterMatch","floor":20,"gold_loss":0,"cards_obtained":["betterMatch:RareCard"]},{"damage_healed":0,"gold_gain":100,"player_choice":"Pray","damage_taken":0,"max_hp_gain":0,"max_hp_loss":0,"event_name":"Golden Shrine","floor":29,"gold_loss":0},{"damage_healed":0,"gold_gain":0,"player_choice":"Memory 1","damage_taken":0,"max_hp_gain":0,"max_hp_loss":0,"event_name":"SensoryStone","floor":37,"gold_loss":0},{"damage_healed":0,"gold_gain":0,"player_choice":"Fight","damage_taken":0,"max_hp_gain":0,"max_hp_loss":0,"event_name":"MindBloom","floor":38,"gold_loss":0},{"cards_removed":["Guardian:Strike_Guardian"],"damage_healed":0,"gold_gain":0,"player_choice":"Card Removal","damage_taken":0,"max_hp_gain":0,"max_hp_loss":0,"event_name":"Wheel of Change","floor":45,"gold_loss":0}],"is_beta":false,"boss_relics":[{"not_picked":["Runic Dome","Astrolabe"],"picked":"Tiny House"},{"not_picked":["energizedSpire:NeverEndingSparkler","Snecko Eye","Cursed Key"]}],"items_purged_floors":[],"is_endless":false,"potions_floor_spawned":[2,5,10,11,16,18,19,27,38,42],"killed_by":"Donu and Deca","ascension_level":0}}