{"host":"htrf3ac8hcpiz3aq","time":1607750029,"event":{"mods":["Act Like it!","BaseMod","Colored Map","Colored Powertips","Highlight Path","Marisa£®ÏF”Í°°ƒß¿Ì…≥£©","Minty Spire (QoL Compilation)","Reimu£®≤©¿ˆ¡È√Œ£©","Replay The Spire","StSLib"],"gold_per_floor":[114,114,124,49,49,49,80,80,107,107,142,142,183,203,203,292,292,313,329,353,353,353,353,353,396,396,396,410,410,410],"floor_reached":29,"playtime":592,"items_purged":["Regret"],"score":518,"play_id":"150b6885-7635-4b0e-87c4-0bc0814d743b","local_time":"20201212131349","is_ascension_mode":true,"campfire_choices":[{"data":"Rampage","floor":6.0,"key":"SMITH"},{"floor":8.0,"key":"REST"},{"floor":12.0,"key":"REST"},{"data":"Fire Breathing","floor":15,"key":"SMITH"},{"floor":23,"key":"REST"}],"circlet_count":0,"master_deck":["AscendersBane","Strike_R+1","Strike_R+1","Strike_R+1","Strike_R+1","Strike_R+1","Defend_R+1","Defend_R+1","Defend_R+1","Bash","Overencumbered","Rampage+1","Heavy Blade","Rampage+1","Rampage+1","Fire Breathing+1","Limit Break","ReplayTheSpireMod:Muscle Training","ReplayTheSpireMod:Limb From Limb+1","Pommel Strike+1","Infernal Blade","Flex"],"relics":["Burning Blood","FossilizedHelix","Blue Candle","Molten Egg 2","Replay:Mystery Machine","Golden Idol","CaptainsWheel","Replay:Baseball","Empty Cage","MutagenicStrength","Replay:Accelerometer","Lantern","Ring of Fury","Ring of Misfortune"],"acts_visited":["Exordium","TheCity"],"potions_floor_usage":[18,20],"damage_taken":[{"damage":0.0,"enemies":"Cultist","floor":1.0,"turns":3.0},{"damage":1.0,"enemies":"Jaw Worm","floor":3.0,"turns":3.0},{"damage":31.0,"enemies":"3 Sentries","floor":7.0,"turns":9.0},{"damage":41.0,"enemies":"Lagavulin","floor":11.0,"turns":6.0},{"damage":6.0,"enemies":"Gremlin Nob","floor":13.0,"turns":4.0},{"damage":8.0,"enemies":"Small Slimes","floor":14.0,"turns":3.0},{"damage":56,"enemies":"The Guardian","floor":16,"turns":9},{"damage":22,"enemies":"3 Byrds","floor":18,"turns":4},{"damage":12,"enemies":"Chosen","floor":19,"turns":4},{"damage":23,"enemies":"3 Cultists","floor":20,"turns":5},{"damage":48,"enemies":"Slavers","floor":25,"turns":5},{"damage":0,"enemies":"Cultist and Chosen","floor":28,"turns":4}],"seed_played":"-2039860626509254811","potions_obtained":[{"floor":11.0,"key":"AttackPotion"},{"floor":16,"key":"ColorlessPotion"},{"floor":20,"key":"Venom Potion"}],"is_trial":false,"path_per_floor":["M","?","M","$","?","R","E","R","T","?","E","R","E","M","R","B",null,"M","M","M","?","?","R","?","E","T","?","M","?"],"character_chosen":"IRONCLAD","items_purchased":[],"campfire_rested":3,"item_purchase_floors":[],"current_hp_per_floor":[74,74,75,75,75,75,50,72,72,72,37,59,59,57,57,7,58,42,36,19,19,19,41,56,14,14,14,20,0,0],"gold":410,"neow_bonus":"ONE_RARE_RELIC","is_daily":false,"chose_seed":false,"campfire_upgraded":2,"win_rate":0.0,"timestamp":1607750029,"path_taken":["M","?","M","$","?","R","E","R","T","?","E","R","E","M","R","BOSS","M","M","M","?","?","R","?","E","T","?","M","?"],"items_purchased_type":[],"build_version":"2020-11-30","purchased_purges":1,"victory":false,"max_hp_per_floor":[75,75,75,75,75,75,75,75,75,75,75,75,75,75,75,75,75,75,75,75,75,75,75,75,75,75,75,75,75,75],"card_choices":[{"not_picked":["Sword Boomerang","Pommel Strike"],"picked":"Rampage","floor":1.0},{"not_picked":["Warcry","Shockwave"],"picked":"Heavy Blade","floor":3.0},{"not_picked":["Bloodletting","Replay:Undeath\u0027s Touch+1","Combust"],"picked":"SKIP","floor":7.0},{"not_picked":["Whirlwind+1","Wild Strike+1"],"picked":"Rampage+1","floor":11.0},{"not_picked":["Body Slam+1","Replay:Undeath\u0027s Touch+1"],"picked":"Rampage+1","floor":13.0},{"not_picked":["Rage","Reckless Charge+1"],"picked":"Fire Breathing","floor":14},{"not_picked":["Demonic Infusion","Juggernaut"],"picked":"Limit Break","floor":16},{"not_picked":["Ghostly Armor","Wild Strike+1"],"picked":"ReplayTheSpireMod:Muscle Training","floor":18},{"not_picked":["Thunderclap+1","Sword Boomerang+1"],"picked":"ReplayTheSpireMod:Limb From Limb+1","floor":19},{"not_picked":["ReplayTheSpireMod:Stacked","Abandon"],"picked":"Pommel Strike+1","floor":20},{"not_picked":["Shockwave","Havoc"],"picked":"Infernal Blade","floor":25},{"not_picked":["Blood for Blood+1","Clash+1"],"picked":"Flex","floor":28}],"player_experience":459194,"relics_obtained":[{"floor":7.0,"key":"Molten Egg 2"},{"floor":9.0,"key":"Replay:Mystery Machine"},{"floor":11.0,"key":"CaptainsWheel"},{"floor":13.0,"key":"Replay:Baseball"},{"floor":25,"key":"Replay:Accelerometer"},{"floor":26,"key":"Lantern"},{"floor":27,"key":"Ring of Fury"},{"floor":27,"key":"Ring of Misfortune"}],"event_choices":[{"damage_healed":0.0,"max_hp_gain":0.0,"max_hp_loss":0.0,"gold_gain":0.0,"event_name":"Big Fish","player_choice":"Box","floor":2.0,"gold_loss":0.0,"damage_taken":0.0,"relics_obtained":["Blue Candle"],"cards_obtained":["Regret"]},{"damage_healed":0.0,"max_hp_gain":0.0,"max_hp_loss":0.0,"gold_gain":0.0,"event_name":"The Cleric","player_choice":"Leave","floor":5.0,"gold_loss":0.0,"damage_taken":0.0},{"damage_healed":0.0,"max_hp_gain":0.0,"max_hp_loss":0.0,"gold_gain":0.0,"event_name":"Golden Idol","player_choice":"Take Wound","floor":10.0,"gold_loss":0.0,"damage_taken":0.0,"relics_obtained":["Golden Idol"],"cards_obtained":["Injury"]},{"damage_healed":0,"gold_gain":0,"player_choice":"Simplicity","damage_taken":0,"max_hp_gain":0,"max_hp_loss":0,"event_name":"Back to Basics","floor":21,"gold_loss":0,"cards_upgraded":["Strike_R","Strike_R","Strike_R","Strike_R","Strike_R","Defend_R","Defend_R","Defend_R"]},{"damage_healed":0,"gold_gain":0,"player_choice":"Inject Mutagens","damage_taken":0,"relics_obtained":["MutagenicStrength"],"max_hp_gain":0,"max_hp_loss":0,"event_name":"Drug Dealer","floor":22,"gold_loss":0},{"damage_healed":15,"gold_gain":0,"player_choice":"Heal","damage_taken":0,"max_hp_gain":0,"max_hp_loss":0,"event_name":"The Library","floor":24,"gold_loss":0}],"is_beta":false,"boss_relics":[{"not_picked":["Replay:Bronze Core","Tiny House"],"picked":"Empty Cage"}],"items_purged_floors":[4],"is_endless":false,"potions_floor_spawned":[11,16,20],"ascension_level":20}}