{"host":"jm9833yuloeli2yd","time":1607803031,"event":{"mods":["AchievementEnabler","BaseMod","Better Altar","Better Match","Better Note","Better Sensory Stone","Better Skull","Better Vampires","Colored Map","Colored Powertips","DeckTracker","Minty Spire (QoL Compilation)","Permanent Neow","Quick Restart","StSLib","SuperFastMode"],"gold_per_floor":[111,123,135,135,135,166,166,197,222,248,264,295,11,22,22,96,96,110,35,59,2,2,33,33,60,87,122,137,156,156,184,184,258,258,275,275,300,300,313,345,77,77,77,88,116,144,34,34,34,34,34,34,34,34,34,34],"floor_reached":55,"playtime":2879,"items_purged":["Strike_B","Writhe"],"score":2164,"play_id":"331c7045-9395-48a8-aa1d-40b4a64959e2","local_time":"20201212145711","is_ascension_mode":true,"campfire_choices":[{"floor":7.0,"key":"REST"},{"floor":15.0,"key":"REST"},{"floor":24.0,"key":"RECALL"},{"floor":32.0,"key":"REST"},{"floor":42.0,"key":"REST"},{"floor":49.0,"key":"REST"},{"floor":53,"key":"REST"}],"circlet_count":0,"master_deck":["AscendersBane","Defend_B","Defend_B","Defend_B","Defend_B","Zap+1","Dualcast+1","Coolheaded","Self Repair","Streamline+1","Self Repair","All For One+1","Conserve Battery","Genetic Algorithm","Streamline+1","Melter","Creative AI","Seek","Hologram","Steam+1","Turbo+1","Hologram","Echo Form","Turbo","Seek","Meteor Strike","Thunder Strike","Echo Form+1"],"relics":["Fusion Hammer","Tiny Chest","PreservedInsect","Centennial Puzzle","White Beast Statue","War Paint","Medical Kit","Black Star","Bottled Flame","Bronze Scales","DataDisk","Darkstone Periapt","Calipers","Happy Flower","Bag of Preparation","Juzu Bracelet","Gambling Chip","Art of War","WingedGreaves","Busted Crown","Bird Faced Urn","Frozen Egg 2","Gremlin Horn","Blood Vial","Meat on the Bone","Orichalcum","Nunchaku","FossilizedHelix","Whetstone"],"acts_visited":["Exordium","TheCity","TheBeyond","TheEnding"],"potions_floor_usage":[51],"damage_taken":[{"damage":3.0,"enemies":"2 Louse","floor":1.0,"turns":3.0},{"damage":15.0,"enemies":"Jaw Worm","floor":2.0,"turns":6.0},{"damage":0.0,"enemies":"Cultist","floor":3.0,"turns":4.0},{"damage":23.0,"enemies":"3 Sentries","floor":6.0,"turns":8.0},{"damage":23.0,"enemies":"Lagavulin","floor":8.0,"turns":7.0},{"damage":6.0,"enemies":"Gremlin Nob","floor":10.0,"turns":3.0},{"damage":11.0,"enemies":"Large Slime","floor":11.0,"turns":4.0},{"damage":26.0,"enemies":"3 Sentries","floor":12.0,"turns":9.0},{"damage":22.0,"enemies":"Exordium Thugs","floor":14.0,"turns":5.0},{"damage":26.0,"enemies":"The Guardian","floor":16.0,"turns":9.0},{"damage":0.0,"enemies":"Spheric Guardian","floor":18.0,"turns":3.0},{"damage":0.0,"enemies":"Gremlin Leader","floor":23.0,"turns":5.0},{"damage":18.0,"enemies":"Book of Stabbing","floor":25.0,"turns":4.0},{"damage":45.0,"enemies":"Slavers","floor":27.0,"turns":6.0},{"damage":15.0,"enemies":"Shell Parasite","floor":28.0,"turns":4.0},{"damage":12.0,"enemies":"Centurion and Healer","floor":29.0,"turns":7.0},{"damage":9.0,"enemies":"Book of Stabbing","floor":31.0,"turns":4.0},{"damage":48.0,"enemies":"Collector","floor":33.0,"turns":9.0},{"damage":52.0,"enemies":"3 Darklings","floor":35.0,"turns":6.0},{"damage":23.0,"enemies":"Mind Bloom Boss Battle","floor":37.0,"turns":9.0},{"damage":0.0,"enemies":"3 Shapes","floor":39.0,"turns":7.0},{"damage":76.0,"enemies":"Reptomancer","floor":40.0,"turns":6.0},{"damage":10.0,"enemies":"Transient","floor":44.0,"turns":6.0},{"damage":29.0,"enemies":"Nemesis","floor":45.0,"turns":7.0},{"damage":48.0,"enemies":"Reptomancer","floor":46.0,"turns":7.0},{"damage":28.0,"enemies":"Donu and Deca","floor":50.0,"turns":8.0},{"damage":53,"enemies":"Awakened One","floor":51,"turns":15},{"damage":77,"enemies":"Shield and Spear","floor":55,"turns":3}],"seed_played":"-5517076450070731106","potions_obtained":[{"floor":2.0,"key":"Fire Potion"},{"floor":6.0,"key":"Energy Potion"},{"floor":8.0,"key":"Block Potion"},{"floor":12.0,"key":"EssenceOfDarkness"},{"floor":16.0,"key":"Energy Potion"},{"floor":23.0,"key":"LiquidMemories"},{"floor":25.0,"key":"Energy Potion"},{"floor":27.0,"key":"Block Potion"},{"floor":28.0,"key":"LiquidBronze"},{"floor":29.0,"key":"Regen Potion"},{"floor":33.0,"key":"Regen Potion"},{"floor":35.0,"key":"Strength Potion"},{"floor":37.0,"key":"AttackPotion"},{"floor":39.0,"key":"DuplicationPotion"},{"floor":40.0,"key":"CultistPotion"},{"floor":44.0,"key":"Weak Potion"},{"floor":45.0,"key":"ColorlessPotion"},{"floor":46.0,"key":"ColorlessPotion"}],"is_trial":false,"path_per_floor":["M","M","M","?","?","E","R","E","T","E","M","E","$","M","R","B",null,"M","?","T","$","T","E","R","E","T","E","M","M","?","E","R","B",null,"M","?","?","T","M","E","$","R","T","M","E","E","?","?","R","B","B",null,"R","$","E"],"character_chosen":"DEFECT","items_purchased":["Medical Kit","Melter","PowerPotion","Meteor Strike"],"campfire_rested":6,"item_purchase_floors":[13,13,21,41],"current_hp_per_floor":[61,46,53,53,53,37,58,49,49,57,60,48,48,40,61,49,66,71,71,71,71,71,71,71,67,67,29,28,30,36,48,71,37,67,43,43,56,56,73,25,25,46,46,72,73,71,71,53,73,73,73,73,73,73,0,0],"gold":34,"neow_bonus":"BOSS_RELIC","is_daily":false,"chose_seed":false,"campfire_upgraded":0,"win_rate":0.0,"timestamp":1607803031,"path_taken":["M","M","M","?","?","E","R","E","T","E","M","E","$","?","R","BOSS","M","?","?","$","?","E","R","E","T","E","M","M","?","E","R","BOSS","M","?","?","?","M","E","$","R","T","M","E","E","?","?","R","BOSS","BOSS","R","$","E"],"items_purchased_type":["Relic","Card","Potion","Card"],"build_version":"2020-11-30","purchased_purges":2,"victory":false,"max_hp_per_floor":[71,71,71,71,71,71,71,71,71,71,71,71,71,71,71,71,71,71,71,71,71,71,71,71,71,71,71,71,71,77,77,77,77,77,77,73,73,73,73,73,73,73,73,73,73,73,73,73,73,73,73,73,73,73,73,73],"card_choices":[{"not_picked":["Hologram","Redo"],"picked":"Coolheaded","floor":1.0},{"not_picked":["Reinforced Body","Leap"],"picked":"Self Repair","floor":2.0},{"not_picked":["Steam","Go for the Eyes"],"picked":"Streamline","floor":3.0},{"not_picked":["Coolheaded","Redo"],"picked":"Self Repair","floor":6.0},{"not_picked":["Streamline","Barrage"],"picked":"All For One","floor":8.0},{"not_picked":["Leap","Stack"],"picked":"Conserve Battery","floor":10.0},{"not_picked":["Streamline","Fusion"],"picked":"Genetic Algorithm","floor":11.0},{"not_picked":["Ball Lightning","Compile Driver"],"picked":"Streamline","floor":12.0},{"not_picked":["Conserve Battery","Steam"],"picked":"Creative AI","floor":14.0},{"not_picked":["Machine Learning","Multi-Cast"],"picked":"Seek","floor":16.0},{"not_picked":["Cold Snap","Undo"],"picked":"Hologram","floor":18.0},{"not_picked":["Sunder","Fusion"],"picked":"Steam+1","floor":23.0},{"not_picked":["Static Discharge","Streamline"],"picked":"Turbo+1","floor":25.0},{"not_picked":["Go for the Eyes+1","Static Discharge","BootSequence"],"picked":"SKIP","floor":27.0},{"not_picked":["Hello World","Gash"],"picked":"Hologram","floor":28.0},{"not_picked":["Redo","Gash"],"picked":"Echo Form","floor":29.0},{"not_picked":["FTL","Go for the Eyes"],"picked":"Turbo","floor":31.0},{"not_picked":["Multi-Cast","Rainbow"],"picked":"Seek","floor":33.0},{"not_picked":["BootSequence"],"picked":"SKIP","floor":35.0},{"not_picked":["Steam"],"picked":"SKIP","floor":39.0},{"not_picked":["Streamline"],"picked":"SKIP","floor":40.0},{"not_picked":["Redo"],"picked":"SKIP","floor":44.0},{"not_picked":[],"picked":"Thunder Strike","floor":45.0},{"not_picked":["Steam"],"picked":"SKIP","floor":46.0}],"player_experience":1028090,"relics_obtained":[{"floor":6.0,"key":"Tiny Chest"},{"floor":8.0,"key":"PreservedInsect"},{"floor":9.0,"key":"Centennial Puzzle"},{"floor":10.0,"key":"White Beast Statue"},{"floor":12.0,"key":"War Paint"},{"floor":22.0,"key":"Bottled Flame"},{"floor":23.0,"key":"Bronze Scales"},{"floor":23.0,"key":"DataDisk"},{"floor":25.0,"key":"Darkstone Periapt"},{"floor":25.0,"key":"Calipers"},{"floor":26.0,"key":"Happy Flower"},{"floor":27.0,"key":"Bag of Preparation"},{"floor":27.0,"key":"Juzu Bracelet"},{"floor":31.0,"key":"Art of War"},{"floor":31.0,"key":"WingedGreaves"},{"floor":37.0,"key":"Bird Faced Urn"},{"floor":38.0,"key":"Frozen Egg 2"},{"floor":40.0,"key":"Gremlin Horn"},{"floor":40.0,"key":"Blood Vial"},{"floor":43.0,"key":"Meat on the Bone"},{"floor":45.0,"key":"Orichalcum"},{"floor":45.0,"key":"Nunchaku"},{"floor":46.0,"key":"FossilizedHelix"},{"floor":46.0,"key":"Whetstone"}],"event_choices":[{"damage_healed":0.0,"max_hp_gain":0.0,"max_hp_loss":0.0,"gold_gain":0.0,"event_name":"Living Wall","player_choice":"Grow","floor":4.0,"gold_loss":0.0,"damage_taken":0.0,"cards_upgraded":["Streamline"]},{"cards_removed":["Strike_B"],"damage_healed":0.0,"max_hp_gain":0.0,"max_hp_loss":0.0,"gold_gain":0.0,"event_name":"Purifier","player_choice":"Purged","floor":5.0,"gold_loss":0.0,"damage_taken":0.0},{"cards_removed":["Strike_B"],"damage_healed":0.0,"max_hp_gain":0.0,"max_hp_loss":0.0,"gold_gain":0.0,"event_name":"Beggar","player_choice":"Gave Gold","floor":19.0,"gold_loss":75.0,"damage_taken":0.0},{"damage_healed":0.0,"max_hp_gain":0.0,"max_hp_loss":0.0,"gold_gain":0.0,"event_name":"The Mausoleum","player_choice":"Opened","floor":30.0,"gold_loss":0.0,"damage_taken":0.0,"relics_obtained":["Gambling Chip"],"cards_obtained":["Writhe"]},{"damage_healed":0.0,"max_hp_gain":0.0,"max_hp_loss":4.0,"gold_gain":0.0,"event_name":"Winding Halls","player_choice":"Max HP","floor":36.0,"gold_loss":0.0,"damage_taken":0.0},{"damage_healed":0.0,"max_hp_gain":0.0,"max_hp_loss":0.0,"gold_gain":0.0,"event_name":"MindBloom","player_choice":"Fight","floor":37.0,"gold_loss":0.0,"damage_taken":0.0},{"cards_removed":["Strike_B"],"damage_healed":0.0,"max_hp_gain":0.0,"max_hp_loss":0.0,"gold_gain":0.0,"event_name":"Designer","player_choice":"Upgrade and Remove","floor":47.0,"gold_loss":110.0,"damage_taken":0.0,"cards_upgraded":["Streamline"]},{"damage_healed":0.0,"max_hp_gain":0.0,"max_hp_loss":18.0,"gold_gain":3.0,"event_name":"betterStone:BetterStone","player_choice":"2","floor":48.0,"gold_loss":0.0,"damage_taken":0.0}],"is_beta":false,"boss_relics":[{"not_picked":["Coffee Dripper","Pandora\u0027s Box"],"picked":"Black Star"},{"not_picked":["Cursed Key","Velvet Choker"],"picked":"Busted Crown"}],"items_purged_floors":[13,41],"is_endless":false,"potions_floor_spawned":[2,6,8,11,12,14,16,18,23,25,27,28,29,31,33,35,37,39,40,44,45,46],"killed_by":"Shield and Spear","ascension_level":20}}