{"host":"2uu78764idqc8x2u","time":1607740519,"event":{"mods":["BaseMod","Better Altar","Better Note","Better Skull","Better Third Choice","Downfall","Energized Spire","Minty Spire (QoL Compilation)","Spicy Shops","StSLib"],"gold_per_floor":[112,131,131,16,41,41,5,5,5,22,22,52,52,71,71,168,168,181,191,191,191],"floor_reached":20,"playtime":916,"items_purged":[],"score":162,"play_id":"cc4d59bf-a422-467d-8956-f02c0c958bf6","local_time":"20201211213519","is_ascension_mode":false,"campfire_choices":[{"data":"Storm of Steel","floor":6,"key":"SMITH"},{"data":"Caltrops","floor":8,"key":"SMITH"},{"data":"Escape Plan","floor":11,"key":"SMITH"},{"data":"Infinite Blades","floor":15,"key":"SMITH"}],"circlet_count":0,"master_deck":["Strike_G","Strike_G","Strike_G","Strike_G","Strike_G","Defend_G","Defend_G","Defend_G","Defend_G","Defend_G","Survivor","Neutralize","Bouncing Flask","Storm of Steel+1","Infinite Blades+1","Escape Plan+1","Caltrops+1","Backflip","Escape Plan","Bullet Time","Tactician","Calculated Gamble"],"relics":["Ring of the Snake","NeowsBlessing","Smiling Mask","HoveringKite"],"acts_visited":["Exordium","TheCity"],"potions_floor_usage":[14,16],"damage_taken":[{"damage":0,"enemies":"Cultist","floor":1,"turns":1},{"damage":0,"enemies":"Small Slimes","floor":2,"turns":1},{"damage":0,"enemies":"2 Louse","floor":10,"turns":1},{"damage":13,"enemies":"Gremlin Gang","floor":14,"turns":5},{"damage":26,"enemies":"Slime Boss","floor":16,"turns":12},{"damage":7,"enemies":"Chosen","floor":18,"turns":4},{"damage":9,"enemies":"Shell Parasite","floor":19,"turns":8},{"damage":0,"enemies":"Cultist and Chosen","floor":20,"turns":1}],"seed_played":"-8398518274594967563","potions_obtained":[{"floor":2,"key":"Swift Potion"},{"floor":14,"key":"GamblersBrew"},{"floor":19,"key":"LiquidMemories"}],"is_trial":false,"path_per_floor":["M","M","?","$","T","R","$","R","T","M","R","?","?","M","R","B",null,"M","M","M"],"character_chosen":"THE_SILENT","items_purchased":["Infinite Blades","Escape Plan","Caltrops"],"campfire_rested":0,"item_purchase_floors":[4,4,7],"current_hp_per_floor":[70,70,70,70,70,70,70,70,70,70,70,70,70,57,57,31,70,63,54,54,54],"gold":191,"neow_bonus":"THREE_ENEMY_KILL","is_daily":false,"chose_seed":false,"campfire_upgraded":4,"win_rate":0.0,"timestamp":1607740519,"path_taken":["M","M","?","$","?","R","$","R","T","M","R","?","?","M","R","BOSS","M","M","M"],"items_purchased_type":["Card","Card","Card"],"build_version":"2020-11-30","purchased_purges":0,"victory":false,"max_hp_per_floor":[70,70,70,70,70,70,70,70,70,70,70,70,70,70,70,70,70,70,70,70,70],"card_choices":[{"not_picked":["Outmaneuver","Skewer"],"picked":"Quick Slash","floor":1},{"not_picked":["Calculated Gamble","Sucker Punch"],"picked":"Bouncing Flask","floor":2},{"not_picked":["Sucker Punch","Underhanded Strike"],"picked":"Backflip","floor":10},{"not_picked":["Riddle With Holes","Poisoned Stab"],"picked":"Escape Plan","floor":14},{"not_picked":["Doppelganger","Burst"],"picked":"Bullet Time","floor":16},{"not_picked":["Bane","Skewer"],"picked":"Tactician","floor":18},{"not_picked":["Finisher","Poisoned Stab+1"],"picked":"Calculated Gamble","floor":19}],"player_experience":399840,"relics_obtained":[{"floor":9,"key":"Smiling Mask"}],"event_choices":[{"damage_healed":0,"gold_gain":0,"cards_transformed":["Quick Slash"],"player_choice":"Transformed","damage_taken":0,"max_hp_gain":0,"max_hp_loss":0,"event_name":"Transmorgrifier","floor":3,"gold_loss":0,"cards_obtained":["Storm of Steel"]},{"damage_healed":0,"gold_gain":30,"player_choice":"Searched \u00271\u0027 times","damage_taken":0,"max_hp_gain":0,"max_hp_loss":0,"event_name":"Dead Adventurer","floor":12,"gold_loss":0},{"damage_healed":0,"gold_gain":0,"player_choice":"Ignored","damage_taken":52,"max_hp_gain":0,"max_hp_loss":0,"event_name":"betterThird:BetterSerpent","floor":13,"gold_loss":0}],"is_beta":false,"boss_relics":[{"not_picked":["energizedSpire:DeadBattery","energizedSpire:HugeHouse"],"picked":"HoveringKite"}],"items_purged_floors":[],"is_endless":false,"potions_floor_spawned":[2,14,19],"killed_by":"Cultist and Chosen","ascension_level":0}}