{"host":"se2kry7a7ac49ar7","time":1607744447,"event":{"mods":["BaseMod","Bestiary","Googly Eyes","Hubris","Minty Spire (QoL Compilation)","Replay The Spire","StSLib"],"gold_per_floor":[109,120,134,148,164,195,195,195,195],"floor_reached":8,"playtime":660,"items_purged":[],"score":78,"play_id":"d1f3473d-e026-408d-87ea-078bbcb71814","local_time":"20201211194047","is_ascension_mode":true,"campfire_choices":[{"floor":7,"key":"REST"}],"circlet_count":0,"master_deck":["Strike_B","Strike_B","Strike_B","Strike_B","Defend_B","Defend_B","Defend_B","Defend_B","Zap","Dualcast","Recycle","Turbo","Streamline","Double Energy","Undo","Rainbow"],"relics":["Cracked Core","NeowsBlessing","Du-Vu Doll"],"acts_visited":["Exordium"],"potions_floor_usage":[8,8],"damage_taken":[{"damage":0,"enemies":"Small Slimes","floor":1,"turns":1},{"damage":0,"enemies":"Cultist","floor":2,"turns":1},{"damage":0,"enemies":"Jaw Worm","floor":3,"turns":1},{"damage":25,"enemies":"Large Slime","floor":4,"turns":5},{"damage":5,"enemies":"3 Louse","floor":5,"turns":3},{"damage":35,"enemies":"3 Sentries","floor":6,"turns":8},{"damage":32,"enemies":"Gremlin Nob","floor":8,"turns":4}],"seed_played":"5003337003574167382","potions_obtained":[{"floor":1,"key":"Toxic Potion"},{"floor":4,"key":"PotionOfCapacity"},{"floor":6,"key":"Elixir"}],"is_trial":false,"path_per_floor":["M","M","M","M","M","E","R","E"],"character_chosen":"DEFECT","items_purchased":[],"campfire_rested":1,"item_purchase_floors":[],"current_hp_per_floor":[68,68,68,43,38,3,25,0,0],"gold":195,"neow_bonus":"THREE_ENEMY_KILL","is_daily":false,"chose_seed":false,"campfire_upgraded":0,"win_rate":0.0,"timestamp":1607744447,"path_taken":["M","M","M","M","M","E","R","E"],"items_purchased_type":[],"build_version":"2020-11-30","purchased_purges":0,"victory":false,"max_hp_per_floor":[75,75,75,75,75,75,75,75,75],"card_choices":[{"not_picked":["Stack","Coolheaded"],"picked":"Recycle","floor":1},{"not_picked":["Steam","Redo"],"picked":"Turbo","floor":2},{"not_picked":["FTL","Rip and Tear"],"picked":"Streamline","floor":3},{"not_picked":["Panic Button","Sweeping Beam"],"picked":"Double Energy","floor":4},{"not_picked":["Loop","Static Discharge"],"picked":"Undo","floor":5},{"not_picked":["Gash","BasicCrystalCard"],"picked":"Rainbow","floor":6}],"player_experience":611725,"relics_obtained":[{"floor":6,"key":"Du-Vu Doll"}],"event_choices":[],"is_beta":false,"boss_relics":[],"items_purged_floors":[],"is_endless":false,"potions_floor_spawned":[1,4,6],"killed_by":"Gremlin Nob","ascension_level":6}}