{"host":"f5gffvlv6a66yqkd","time":1607787746,"event":{"mods":["2.2 Compatiblity","BaseMod","Colored Map","DeckTracker","Keyboard Shortcuts","Minty Spire (QoL Compilation)","Permanent Neow","Quick Restart","Relic Stats","StSLib","SuperFastMode"],"gold_per_floor":[116,135,60,60,60,89,108,108,184,84,97,122,83,99,99,176,176,188,188,19,19,32,32,32],"floor_reached":23,"playtime":582,"items_purged":["Defend_G","Defend_G"],"score":448,"play_id":"cbab34f6-7d7d-477c-b474-272dd4653cfd","local_time":"20201213004226","is_ascension_mode":true,"campfire_choices":[{"data":"Deadly Poison","floor":8.0,"key":"SMITH"},{"data":"Footwork","floor":15,"key":"SMITH"}],"circlet_count":0,"master_deck":["AscendersBane","Strike_G","Strike_G","Defend_G","Defend_G","Defend_G","Survivor","Neutralize","Deadly Poison+1","Backflip","Escape Plan","Cloak And Dagger","Calculated Gamble","Dagger Throw","Footwork+1","Deflect","Noxious Fumes","Dagger Throw","Reflex+1"],"relics":["Ring of the Snake","NeowsBlessing","Nunchaku","Pantograph","Regal Pillow","SacredBark","Medical Kit"],"acts_visited":["Exordium","TheCity"],"potions_floor_usage":[14],"damage_taken":[{"damage":0.0,"enemies":"Cultist","floor":1.0,"turns":1.0},{"damage":0.0,"enemies":"Jaw Worm","floor":2.0,"turns":1.0},{"damage":0.0,"enemies":"Gremlin Nob","floor":6.0,"turns":1.0},{"damage":3.0,"enemies":"Small Slimes","floor":7.0,"turns":5.0},{"damage":0.0,"enemies":"2 Fungi Beasts","floor":11.0,"turns":5.0},{"damage":14.0,"enemies":"Lagavulin","floor":12.0,"turns":5.0},{"damage":10,"enemies":"Gremlin Gang","floor":14,"turns":4},{"damage":47,"enemies":"Hexaghost","floor":16,"turns":13},{"damage":17,"enemies":"Shell Parasite","floor":18,"turns":9},{"damage":15,"enemies":"Chosen","floor":22,"turns":6},{"damage":0,"enemies":"Gremlin Leader","floor":23,"turns":4}],"seed_played":"8007610288195037191","potions_obtained":[{"floor":7.0,"key":"FearPotion"},{"floor":11.0,"key":"SkillPotion"},{"floor":12.0,"key":"Fire Potion"}],"is_trial":false,"path_per_floor":["M","M","$","?","?","E","M","R","T","$","M","E","$","M","R","B",null,"M","?","$","?","M","E"],"character_chosen":"THE_SILENT","items_purchased":["Footwork","Medical Kit"],"campfire_rested":0,"item_purchase_floors":[13,20],"current_hp_per_floor":[59,59,59,52,52,52,49,49,49,49,49,35,35,25,25,3,50,33,33,33,33,18,18,18],"gold":32,"neow_bonus":"THREE_ENEMY_KILL","is_daily":false,"chose_seed":false,"campfire_upgraded":2,"win_rate":0.0,"timestamp":1607787746,"path_taken":["M","M","$","?","?","E","M","R","T","$","M","E","?","M","R","BOSS","M","?","$","?","M","E"],"items_purchased_type":["Card","Relic"],"build_version":"2020-11-30","purchased_purges":2,"victory":false,"max_hp_per_floor":[66,66,66,66,66,66,66,66,66,66,66,66,66,66,66,66,66,66,66,66,66,66,66,66],"relic_stats":{"Nunchaku":[8],"Regal Pillow":0,"counters":[11,54],"Pantograph":25,"Medical Kit":[1],"obtain_stats":[{"Nunchaku":6,"Regal Pillow":12,"NeowsBlessing":0,"Pantograph":9,"SacredBark":17,"Medical Kit":20,"Ring of the Snake":0},{"Nunchaku":3,"Regal Pillow":6,"NeowsBlessing":0,"Pantograph":4,"SacredBark":8,"Medical Kit":9,"Ring of the Snake":0},{"Nunchaku":3,"Regal Pillow":18,"NeowsBlessing":0,"Pantograph":8,"SacredBark":35,"Medical Kit":44,"Ring of the Snake":0}],"Ring of the Snake":[22]},"card_choices":[{"not_picked":["Underhanded Strike","All Out Attack"],"picked":"Deadly Poison","floor":1.0},{"not_picked":["Underhanded Strike","Flying Knee"],"picked":"Backflip","floor":2.0},{"not_picked":["Tools of the Trade","Terror"],"picked":"Escape Plan","floor":6.0},{"not_picked":["Escape Plan","Underhanded Strike"],"picked":"Cloak And Dagger","floor":7.0},{"not_picked":["Cloak And Dagger","Deadly Poison"],"picked":"Calculated Gamble","floor":11.0},{"not_picked":["Masterful Stab","PiercingWail"],"picked":"Dagger Throw","floor":12.0},{"not_picked":["Escape Plan","Dagger Spray"],"picked":"Deflect","floor":14},{"not_picked":["Poisoned Stab","Deflect"],"picked":"Noxious Fumes","floor":18},{"not_picked":["Riddle With Holes","Prepared"],"picked":"Reflex+1","floor":22}],"player_experience":1447783,"relics_obtained":[{"floor":6.0,"key":"Nunchaku"},{"floor":9.0,"key":"Pantograph"},{"floor":12.0,"key":"Regal Pillow"}],"event_choices":[{"cards_removed":["Strike_G"],"damage_healed":0.0,"max_hp_gain":0.0,"max_hp_loss":0.0,"gold_gain":0.0,"event_name":"Golden Wing","player_choice":"Card Removal","floor":4.0,"gold_loss":0.0,"damage_taken":7.0},{"damage_healed":0.0,"max_hp_gain":0.0,"max_hp_loss":0.0,"gold_gain":0.0,"event_name":"Liars Game","player_choice":"Ignored","floor":5.0,"gold_loss":0.0,"damage_taken":0.0},{"cards_removed":["Strike_G"],"damage_healed":0,"gold_gain":0,"player_choice":"Elegance","damage_taken":0,"max_hp_gain":0,"max_hp_loss":0,"event_name":"Back to Basics","floor":19,"gold_loss":0},{"damage_healed":0,"gold_gain":0,"cards_transformed":["Strike_G"],"player_choice":"Transformed","damage_taken":0,"max_hp_gain":0,"max_hp_loss":0,"event_name":"Transmorgrifier","floor":21,"gold_loss":0,"cards_obtained":["Dagger Throw"]}],"is_beta":false,"boss_relics":[{"not_picked":["Runic Dome","Ectoplasm"],"picked":"SacredBark"}],"items_purged_floors":[3,10],"is_endless":false,"potions_floor_spawned":[7,11,12],"killed_by":"Gremlin Leader","ascension_level":20}}