{"host":"6q3xrfxx8iswq9mh","time":1607783102,"event":{"mods":["BaseMod","Colored Powertips","Downfall","Lobotomy","Marisa£®ÏF”Í°°ƒß¿Ì…≥£©","Minty Spire (QoL Compilation)","Quick Restart","Remilia£®¿Ÿ√◊¿Ú—«£©","Replay The Spire","StSLib","The Bug Knight","The Cursed","The Runesmith","The Servant 0.9.4"],"gold_per_floor":[116,191,202,202,293,293,332,332,332,332,348,39,39,14,14,143,143,156,156,156,156,56,56,56,94,94,94,107,107,138,154,154,154,154],"floor_reached":33,"playtime":1608,"items_purged":["Strike_MRS","Lust_TH"],"score":277,"play_id":"1f587a11-9f20-47a3-baa9-7cf07ab86cbf","local_time":"20201212222502","is_ascension_mode":false,"campfire_choices":[{"floor":6.0,"key":"REST"},{"floor":8.0,"key":"REST"},{"floor":10.0,"key":"REST"},{"floor":15.0,"key":"REST"},{"data":"JA","floor":23.0,"key":"SMITH"},{"floor":27,"key":"REST"},{"floor":32,"key":"REST"}],"circlet_count":0,"master_deck":["Strike_MRS","Strike_MRS","Strike_MRS","Defend_MRS+1","Defend_MRS+1","Defend_MRS+1","MasterSpark","UpSweep","GrandCross","Acceleration","JA+1","RefractionSpark+1","DoubleSpark","MachineGunSpark","PowerUp","CasketOfStar+1","ChargingUp","MagicAbsorber+1"],"relics":["MiniHakkero","Golden Idol","Centennial Puzzle","Replay:Bottled Flurry","Chameleon Ring","Regal Pillow","ReplayTheSpireMod:Lightbulb","Replay:Bottled Eggs","Replay:Baseball","ReplayFunnel"],"acts_visited":["Exordium","TheCity"],"potions_floor_usage":[25,33],"damage_taken":[{"damage":1.0,"enemies":"2 Louse","floor":1.0,"turns":2.0},{"damage":6.0,"enemies":"Jaw Worm","floor":3.0,"turns":2.0},{"damage":41.0,"enemies":"3 Sentries","floor":7.0,"turns":9.0},{"damage":9.0,"enemies":"Small Slimes","floor":11.0,"turns":2.0},{"damage":58.0,"enemies":"The Guardian","floor":16.0,"turns":6.0},{"damage":20.0,"enemies":"Spheric Guardian","floor":18.0,"turns":4.0},{"damage":14,"enemies":"Gremlin Leader","floor":25,"turns":6},{"damage":14,"enemies":"2 Thieves","floor":28,"turns":2},{"damage":25,"enemies":"Slavers","floor":30,"turns":4},{"damage":18,"enemies":"Sentry and Sphere","floor":31,"turns":4},{"damage":56,"enemies":"Champ","floor":33,"turns":10}],"seed_played":"-1622927719151367611","potions_obtained":[{"floor":0.0,"key":"Ancient Potion"},{"floor":0.0,"key":"FearPotion"},{"floor":0.0,"key":"LiquidBronze"},{"floor":16.0,"key":"SteroidPotion"},{"floor":18.0,"key":"Energy Potion"}],"is_trial":false,"path_per_floor":["M","?","M","?","?","R","E","R","T","R","M","$","?","$","R","B",null,"M","?","?","T","$","R","?","E","T","R","M","?","E","M","R","B"],"character_chosen":"MARISA","items_purchased":["Regal Pillow","MachineGunSpark","PowerUp"],"campfire_rested":6,"item_purchase_floors":[12,12,14],"current_hp_per_floor":[74,63,57,39,21,43,2,24,24,46,37,37,30,30,67,9,75,55,55,55,55,55,55,55,41,41,75,61,61,36,18,55,0,0],"gold":154,"neow_bonus":"THREE_SMALL_POTIONS","is_daily":false,"chose_seed":false,"campfire_upgraded":1,"win_rate":0.0,"timestamp":1607783102,"path_taken":["M","?","M","?","?","R","E","R","T","R","M","$","?","$","R","BOSS","M","?","?","?","$","R","?","E","T","R","M","?","E","M","R","BOSS"],"items_purchased_type":["Relic","Card","Card"],"build_version":"2020-11-30","purchased_purges":2,"victory":false,"max_hp_per_floor":[75,75,75,75,75,75,75,75,75,75,75,75,75,75,75,75,75,75,75,75,75,75,75,75,75,75,75,75,75,75,75,75,75,75],"card_choices":[{"not_picked":["Orbital","ShootingEcho"],"picked":"GrandCross","floor":1.0},{"not_picked":["GasGiant","6A"],"picked":"Acceleration","floor":3.0},{"not_picked":["PowerUp","MachineGunSpark"],"picked":"JA","floor":5.0},{"not_picked":["GravityBeat","DC"],"picked":"RefractionSpark","floor":7.0},{"not_picked":["UnstableBomb","GrandCross"],"picked":"DoubleSpark","floor":11.0},{"not_picked":["UltimateShortwave","ManaRampage"],"picked":"CasketOfStar","floor":16.0},{"not_picked":["GasGiant","NonDirectionalLaser"],"picked":"ChargingUp","floor":18.0},{"not_picked":["ChargeUpSpray","UnstableBomb+1","StarlightTyphoon"],"picked":"SKIP","floor":25},{"not_picked":["GalacticHalo","SporeBomb"],"picked":"MagicAbsorber+1","floor":28},{"not_picked":["MysteriousBeam","OneTimeOff","ShootingEcho"],"picked":"SKIP","floor":30},{"not_picked":["WitchLeyline","NonDirectionalLaser+1","GalacticHalo+1"],"picked":"SKIP","floor":31}],"player_experience":274341,"relics_obtained":[{"floor":5.0,"key":"Centennial Puzzle"},{"floor":7.0,"key":"Replay:Bottled Flurry"},{"floor":9.0,"key":"Chameleon Ring"},{"floor":21.0,"key":"ReplayTheSpireMod:Lightbulb"},{"floor":25,"key":"Replay:Bottled Eggs"},{"floor":26,"key":"Replay:Baseball"},{"floor":30,"key":"ReplayFunnel"}],"event_choices":[{"damage_healed":0.0,"max_hp_gain":0.0,"max_hp_loss":0.0,"gold_gain":75.0,"event_name":"World of Goop","player_choice":"Gather Gold","floor":2.0,"gold_loss":0.0,"damage_taken":11.0},{"damage_healed":0.0,"max_hp_gain":0.0,"max_hp_loss":0.0,"gold_gain":0.0,"event_name":"Golden Idol","player_choice":"Take Damage","floor":4.0,"gold_loss":0.0,"damage_taken":18.0,"relics_obtained":["Golden Idol"]},{"cards_removed":["Defend_MRS"],"damage_healed":0.0,"max_hp_gain":0.0,"max_hp_loss":0.0,"gold_gain":0.0,"event_name":"Golden Wing","player_choice":"Card Removal","floor":13.0,"gold_loss":0.0,"damage_taken":7.0}],"is_beta":false,"boss_relics":[{"not_picked":["ReplayTheSpireMod:DimensionalGlitch","Fusion Hammer","Kintsugi"]}],"items_purged_floors":[12,22],"is_endless":false,"potions_floor_spawned":[3,16,18,25],"killed_by":"Champ","ascension_level":0}}