{"host":"i09pxcjttd31eh4q","time":1607763547,"event":{"mods":["AchievementEnabler","BaseMod","Colored Map","Keyboard Shortcuts","Minty Spire (QoL Compilation)","StSLib","SuperFastMode"],"gold_per_floor":[118,134,134,148,67,96,96,130,130,159,169,169,179,196,196,275,275,295,295,308,65,84,84,111,127,154,154,154],"floor_reached":27,"playtime":687,"items_purged":["Strike_P"],"score":561,"play_id":"0fba8c08-02a2-45b8-9da3-fdfd562e17ef","local_time":"20201212175907","is_ascension_mode":true,"campfire_choices":[{"data":"Eruption","floor":7.0,"key":"SMITH"},{"data":"Tantrum","floor":12.0,"key":"SMITH"},{"data":"MentalFortress","floor":15.0,"key":"SMITH"},{"data":"MentalFortress","floor":23,"key":"SMITH"}],"circlet_count":0,"master_deck":["AscendersBane","Strike_P","Strike_P","Defend_P","Defend_P","Defend_P","Defend_P","Eruption+1","Vigilance","TalkToTheHand","EmptyBody","Tantrum+1","MentalFortress+1","FearNoEvil","EmptyFist","MentalFortress+1"],"relics":["PureWater","HornCleat","Meat on the Bone","GoldenEye","Bottled Flame","Odd Mushroom","SacredBark","Membership Card","Mummified Hand","Orichalcum"],"acts_visited":["Exordium","TheCity"],"potions_floor_usage":[22,24,27],"damage_taken":[{"damage":12.0,"enemies":"Jaw Worm","floor":1.0,"turns":6.0},{"damage":3.0,"enemies":"Small Slimes","floor":2.0,"turns":4.0},{"damage":0.0,"enemies":"Cultist","floor":4.0,"turns":3.0},{"damage":2.0,"enemies":"Gremlin Nob","floor":6.0,"turns":3.0},{"damage":5.0,"enemies":"3 Sentries","floor":8.0,"turns":5.0},{"damage":4.0,"enemies":"The Mushroom Lair","floor":10.0,"turns":4.0},{"damage":11.0,"enemies":"Exordium Wildlife","floor":11.0,"turns":4.0},{"damage":0.0,"enemies":"Exordium Thugs","floor":13.0,"turns":3.0},{"damage":0.0,"enemies":"Looter","floor":14.0,"turns":3.0},{"damage":0.0,"enemies":"Slime Boss","floor":16.0,"turns":5.0},{"damage":12.0,"enemies":"2 Thieves","floor":18.0,"turns":4.0},{"damage":0.0,"enemies":"Chosen","floor":20.0,"turns":4.0},{"damage":33,"enemies":"Snake Plant","floor":22,"turns":7},{"damage":5,"enemies":"Book of Stabbing","floor":24,"turns":5},{"damage":32,"enemies":"Shelled Parasite and Fungi","floor":25,"turns":7},{"damage":31,"enemies":"Slavers","floor":27,"turns":3}],"seed_played":"-7704821943953532073","potions_obtained":[{"floor":2.0,"key":"StancePotion"},{"floor":6.0,"key":"SmokeBomb"},{"floor":8.0,"key":"BlessingOfTheForge"},{"floor":11.0,"key":"Strength Potion"},{"floor":16.0,"key":"ColorlessPotion"},{"floor":19.0,"key":"PowerPotion"},{"floor":25,"key":"Swift Potion"}],"is_trial":false,"path_per_floor":["M","M","?","M","$","E","R","E","T","?","M","R","M","M","R","B",null,"M","?","M","$","M","R","E","M","T","E"],"character_chosen":"WATCHER","items_purchased":["Tantrum","Membership Card","MentalFortress"],"campfire_rested":0,"item_purchase_floors":[5,21,21],"current_hp_per_floor":[49,46,35,35,35,33,33,40,40,36,37,37,37,37,37,37,60,48,48,48,48,27,27,34,14,14,0,0],"gold":154,"neow_bonus":"REMOVE_CARD","is_daily":false,"chose_seed":false,"campfire_upgraded":4,"win_rate":0.0,"timestamp":1607763547,"path_taken":["M","M","?","M","$","E","R","E","T","?","M","R","M","M","R","BOSS","M","?","M","$","M","R","E","?","T","E"],"items_purchased_type":["Card","Relic","Card"],"build_version":"2020-11-30","purchased_purges":1,"victory":false,"max_hp_per_floor":[68,68,68,68,68,68,68,68,68,68,68,68,68,68,68,68,68,68,68,68,68,68,68,68,68,68,68,68],"card_choices":[{"not_picked":["Consecrate","PathToVictory"],"picked":"TalkToTheHand","floor":1.0},{"not_picked":["BowlingBash","ReachHeaven"],"picked":"EmptyBody","floor":2.0},{"not_picked":["SashWhip","ThirdEye","LessonLearned"],"picked":"SKIP","floor":4.0},{"not_picked":["Consecrate","FlurryOfBlows","ThirdEye"],"picked":"SKIP","floor":6.0},{"not_picked":["Vault","SashWhip"],"picked":"MentalFortress","floor":8.0},{"not_picked":["Evaluate","Perseverance"],"picked":"FearNoEvil","floor":10.0},{"not_picked":["WaveOfTheHand","Halt","Worship"],"picked":"SKIP","floor":11.0},{"not_picked":["Wallop","ForeignInfluence","CutThroughFate"],"picked":"SKIP","floor":13.0},{"not_picked":["PathToVictory","ForeignInfluence","ThirdEye"],"picked":"SKIP","floor":14.0},{"not_picked":["Pray","FlurryOfBlows"],"picked":"EmptyFist","floor":18.0},{"not_picked":["Consecrate","Prostrate+1","ForeignInfluence"],"picked":"SKIP","floor":20.0},{"not_picked":["ThirdEye","InnerPeace","SashWhip"],"picked":"SKIP","floor":22},{"not_picked":["JustLucky","CutThroughFate","Sanctity"],"picked":"SKIP","floor":24},{"not_picked":["FollowUp","Evaluate","JustLucky"],"picked":"SKIP","floor":25}],"player_experience":721956,"relics_obtained":[{"floor":6.0,"key":"Meat on the Bone"},{"floor":8.0,"key":"GoldenEye"},{"floor":9.0,"key":"Bottled Flame"},{"floor":10.0,"key":"Odd Mushroom"},{"floor":24,"key":"Mummified Hand"},{"floor":26,"key":"Orichalcum"}],"event_choices":[{"damage_healed":0.0,"max_hp_gain":0.0,"max_hp_loss":0.0,"gold_gain":0.0,"event_name":"Scrap Ooze","player_choice":"Success","floor":3.0,"gold_loss":0.0,"damage_taken":11.0,"relics_obtained":["HornCleat"]},{"damage_healed":0.0,"max_hp_gain":0.0,"max_hp_loss":0.0,"gold_gain":0.0,"event_name":"Mushrooms","player_choice":"Fought Mushrooms","floor":10.0,"gold_loss":0.0,"damage_taken":0.0},{"damage_healed":0.0,"max_hp_gain":0.0,"max_hp_loss":0.0,"gold_gain":0.0,"event_name":"Lab","player_choice":"Got Potions","floor":19.0,"gold_loss":0.0,"damage_taken":0.0}],"is_beta":false,"boss_relics":[{"not_picked":["Cursed Key","SlaversCollar"],"picked":"SacredBark"}],"items_purged_floors":[21],"is_endless":false,"potions_floor_spawned":[2,6,8,11,16,25],"killed_by":"Slavers","ascension_level":18}}