{"host":"qyjrmrr57odine7m","time":1607789746,"event":{"mods":["AchievementEnabler","BaseMod","Bestiary","Block Reminder","Card Forge","Highlight Path","Minty Spire (QoL Compilation)","StSLib"],"gold_per_floor":[114,114,129,304,319,334,364,379,379,394,409,439,240,270,270,370,370,385,385,484,499,203,233,248,263,263,278,308,338,353,368,368,468,468,483,483,483,260,275,275,305,305,305,335,335,350,380,395,395,395],"floor_reached":51,"playtime":4658,"items_purged":[],"score":1321,"play_id":"278e55aa-4503-4fa3-a2b4-2c0360b2ee04","local_time":"20201212161546","daily_mods":["Heirloom","Green Cards","DeadlyEvents"],"is_ascension_mode":false,"campfire_choices":[{"floor":15.0,"key":"REST"},{"floor":32,"key":"REST"},{"floor":40,"key":"REST"},{"floor":42,"key":"REST"},{"floor":45,"key":"REST"},{"floor":49,"key":"REST"}],"circlet_count":0,"master_deck":["Defend_P+1","Sucker Punch+1","DeceiveReality+1","Perseverance+1","Sucker Punch+1","Wish+1","Dodge and Roll+1","SandsOfTime+1","Wish+1","WindmillStrike+1","Establishment+1","Footwork+1","Leg Sweep+1","Dash+1","Footwork+1"],"relics":["PureWater","Hammer of Thor","Seething Fire","Anvil of the Gods","Mango","Matryoshka","Bag of Marbles","Mummified Hand","Frozen Egg 2","Orichalcum","Singing Bowl","Black Star","Thread and Needle","Lizard Tail","MealTicket","Akabeko","Ornamental Fan","Dream Catcher","Anchor","Whetstone","TeardropLocket","Sozu","Oddly Smooth Stone","Smiling Mask","Lantern","Shuriken","Bottled Flame","Art of War","Bottled Lightning"],"acts_visited":["Exordium","TheCity","TheBeyond"],"potions_floor_usage":[18,33,50],"damage_taken":[{"damage":0.0,"enemies":"2 Louse","floor":1.0,"turns":3.0},{"damage":0.0,"enemies":"Small Slimes","floor":3.0,"turns":2.0},{"damage":0.0,"enemies":"Jaw Worm","floor":5.0,"turns":2.0},{"damage":0.0,"enemies":"Looter","floor":6.0,"turns":3.0},{"damage":0.0,"enemies":"Lagavulin","floor":7.0,"turns":3.0},{"damage":0.0,"enemies":"3 Louse","floor":8.0,"turns":2.0},{"damage":0.0,"enemies":"Large Slime","floor":10.0,"turns":1.0},{"damage":0.0,"enemies":"Lots of Slimes","floor":11.0,"turns":2.0},{"damage":0.0,"enemies":"3 Sentries","floor":12.0,"turns":8.0},{"damage":1.0,"enemies":"Gremlin Nob","floor":14.0,"turns":3.0},{"damage":0.0,"enemies":"The Guardian","floor":16.0,"turns":11.0},{"damage":0,"enemies":"3 Byrds","floor":18,"turns":3},{"damage":0,"enemies":"Chosen","floor":21,"turns":6},{"damage":0,"enemies":"Book of Stabbing","floor":23,"turns":7},{"damage":0,"enemies":"Sentry and Sphere","floor":24,"turns":7},{"damage":0,"enemies":"Centurion and Healer","floor":25,"turns":8},{"damage":0,"enemies":"Shelled Parasite and Fungi","floor":27,"turns":6},{"damage":0,"enemies":"Gremlin Leader","floor":28,"turns":9},{"damage":0,"enemies":"Book of Stabbing","floor":29,"turns":5},{"damage":0,"enemies":"Cultist and Chosen","floor":30,"turns":8},{"damage":0,"enemies":"Snake Plant","floor":31,"turns":5},{"damage":0,"enemies":"Automaton","floor":33,"turns":14},{"damage":0,"enemies":"Orb Walker","floor":35,"turns":4},{"damage":0,"enemies":"3 Darklings","floor":39,"turns":7},{"damage":0,"enemies":"Giant Head","floor":41,"turns":6},{"damage":0,"enemies":"Nemesis","floor":44,"turns":7},{"damage":0,"enemies":"Sphere and 2 Shapes","floor":46,"turns":6},{"damage":0,"enemies":"Giant Head","floor":47,"turns":8},{"damage":0,"enemies":"Maw","floor":48,"turns":7},{"damage":0,"enemies":"Awakened One","floor":50,"turns":19}],"seed_played":"-551933171069321123","potions_obtained":[{"floor":6.0,"key":"Regen Potion"},{"floor":10.0,"key":"Fire Potion"},{"floor":11.0,"key":"Dexterity Potion"},{"floor":14.0,"key":"SkillPotion"},{"floor":21,"key":"BottledMiracle"},{"floor":23,"key":"Ancient Potion"}],"is_trial":false,"path_per_floor":["M","?","M","?","M","M","E","M","T","M","M","E","$","E","R","B",null,"M","?","?","M","$","E","M","M","T","M","E","E","M","M","R","B",null,"M","?","?","$","M","R","E","R","T","E","R","M","E","M","R","B",null],"character_chosen":"WATCHER","items_purchased":["Fruit Juice","Caltrops+1","Sucker Punch","Wish","WindmillStrike","DistilledChaos","Leg Sweep","Oddly Smooth Stone"],"campfire_rested":6,"item_purchase_floors":[13,13,13,22,22,22,38,38],"current_hp_per_floor":[86,83,83,83,83,83,83,83,83,83,83,83,83,89,93,93,93,93,93,93,93,93,93,95,97,97,99,99,101,103,105,107,109,109,111,111,111,111,113,115,115,117,117,119,121,123,123,125,127,127],"gold":395,"neow_bonus":"","is_daily":true,"chose_seed":false,"campfire_upgraded":0,"win_rate":0.0,"timestamp":1607789746,"path_taken":["M","?","M","?","M","M","E","M","T","M","M","E","$","E","R","BOSS","M","?","?","M","$","E","M","?","T","M","E","?","M","M","R","BOSS","M","?","?","$","?","R","E","R","T","E","R","M","?","M","R","BOSS"],"items_purchased_type":["Potion","Card","Card","Card","Card","Potion","Card","Relic"],"build_version":"2020-11-30","purchased_purges":0,"victory":true,"max_hp_per_floor":[86,86,86,86,86,86,86,86,86,86,86,86,86,93,93,93,93,93,93,93,93,93,93,95,97,97,99,99,101,103,105,107,109,109,111,111,111,111,113,115,115,117,117,119,121,123,123,125,127,127],"card_choices":[{"not_picked":["Prostrate","SashWhip"],"picked":"Blade Dance","floor":1.0},{"not_picked":["Outmaneuver","EmptyFist","Collect"],"picked":"SKIP","floor":3.0},{"not_picked":["ReachHeaven","Adaptation","Dash"],"picked":"SKIP","floor":5.0},{"not_picked":["Protect","WreathOfFlame"],"picked":"Sucker Punch","floor":6.0},{"not_picked":["Crippling Poison","Adaptation","BowlingBash"],"picked":"SKIP","floor":7.0},{"not_picked":["Tantrum","EmptyBody"],"picked":"DeceiveReality","floor":8.0},{"not_picked":["Concentrate","EmptyFist","ClearTheMind"],"picked":"SKIP","floor":10.0},{"not_picked":["All Out Attack","Deadly Poison"],"picked":"Perseverance","floor":11.0},{"not_picked":["EmptyFist","ReachHeaven","Predator"],"picked":"SKIP","floor":12.0},{"not_picked":["Burst","Terror","Prepared"],"picked":"Singing Bowl","floor":14.0},{"not_picked":["Brilliance","Devotion+1"],"picked":"Wish","floor":16.0},{"not_picked":["Deadly Poison","SashWhip+1"],"picked":"Dodge and Roll+1","floor":18},{"not_picked":["Crescendo","FlurryOfBlows"],"picked":"SandsOfTime","floor":21},{"not_picked":["Acrobatics","EmptyFist"],"picked":"Establishment+1","floor":23},{"not_picked":["WindmillStrike","Deadly Poison","Cloak And Dagger"],"picked":"Singing Bowl","floor":24},{"not_picked":["FlurryOfBlows+1","Wireheading+1","Worship"],"picked":"Singing Bowl","floor":25},{"not_picked":["Crescendo+1","Predator","Halt"],"picked":"Singing Bowl","floor":27},{"not_picked":["EmptyBody","WheelKick+1"],"picked":"Footwork+1","floor":28},{"not_picked":["BowlingBash","Riddle With Holes+1","Study+1"],"picked":"Singing Bowl","floor":29},{"not_picked":["Poisoned Stab","Quick Slash+1","Adaptation+1"],"picked":"Singing Bowl","floor":30},{"not_picked":["Consecrate","Dodge and Roll","EmptyBody+1"],"picked":"Singing Bowl","floor":31},{"not_picked":["Phantasmal Killer","Crescendo","Deadly Poison+1"],"picked":"Singing Bowl","floor":32},{"not_picked":["Wraith Form v2+1","Judgement","Envenom+1"],"picked":"Singing Bowl","floor":33},{"not_picked":["CrushJoints+1","Underhanded Strike","Halt"],"picked":"Singing Bowl","floor":35},{"not_picked":["Tantrum","Outmaneuver","Evaluate+1"],"picked":"Singing Bowl","floor":39},{"not_picked":["FlyingSleeves+1","Prepared","Slice"],"picked":"Singing Bowl","floor":40},{"not_picked":["EmptyBody","Backstab"],"picked":"Dash+1","floor":41},{"not_picked":["Flying Knee+1","Distraction+1","BowlingBash"],"picked":"Singing Bowl","floor":42},{"not_picked":["BowlingBash","Catalyst+1","Wallop+1"],"picked":"Singing Bowl","floor":44},{"not_picked":["Pray+1","Sucker Punch+1","WreathOfFlame+1"],"picked":"Singing Bowl","floor":45},{"not_picked":["PathToVictory+1","JustLucky+1","Backstab"],"picked":"Singing Bowl","floor":46},{"not_picked":["Prepared","Nirvana+1"],"picked":"Footwork+1","floor":47},{"not_picked":["CarveReality+1","Distraction","Leg Sweep"],"picked":"Singing Bowl","floor":48},{"not_picked":["Caltrops+1","Nirvana+1","Storm of Steel"],"picked":"Singing Bowl","floor":49}],"player_experience":1136034,"relics_obtained":[{"floor":7.0,"key":"Bag of Marbles"},{"floor":9.0,"key":"Mummified Hand"},{"floor":9.0,"key":"Frozen Egg 2"},{"floor":12.0,"key":"Orichalcum"},{"floor":14.0,"key":"Singing Bowl"},{"floor":23,"key":"Lizard Tail"},{"floor":23,"key":"MealTicket"},{"floor":26,"key":"Akabeko"},{"floor":26,"key":"Ornamental Fan"},{"floor":28,"key":"Dream Catcher"},{"floor":28,"key":"Anchor"},{"floor":29,"key":"Whetstone"},{"floor":29,"key":"TeardropLocket"},{"floor":41,"key":"Smiling Mask"},{"floor":41,"key":"Lantern"},{"floor":43,"key":"Shuriken"},{"floor":44,"key":"Bottled Flame"},{"floor":47,"key":"Art of War"},{"floor":47,"key":"Bottled Lightning"}],"event_choices":[{"damage_healed":0.0,"max_hp_gain":0.0,"max_hp_loss":0.0,"gold_gain":0.0,"event_name":"Scrap Ooze","player_choice":"Success","floor":2.0,"gold_loss":0.0,"damage_taken":3.0,"relics_obtained":["Matryoshka"]},{"damage_healed":0.0,"max_hp_gain":0.0,"max_hp_loss":0.0,"gold_gain":175.0,"event_name":"Liars Game","player_choice":"AGREE","floor":4.0,"gold_loss":0.0,"damage_taken":0.0,"cards_obtained":["Doubt"]},{"damage_healed":0,"gold_gain":0,"player_choice":"Stole Relic","damage_taken":0,"relics_obtained":["Thread and Needle"],"max_hp_gain":0,"max_hp_loss":0,"event_name":"Addict","floor":19,"gold_loss":0,"cards_obtained":["Shame"]},{"damage_healed":0,"gold_gain":99,"player_choice":"Stole From Cult","damage_taken":0,"max_hp_gain":0,"max_hp_loss":0,"event_name":"Nest","floor":20,"gold_loss":0},{"damage_healed":28,"gold_gain":0,"player_choice":"Writhe","damage_taken":0,"max_hp_gain":0,"max_hp_loss":0,"event_name":"Winding Halls","floor":36,"gold_loss":0,"cards_obtained":["Writhe"]},{"cards_removed":["Vigilance"],"damage_healed":0,"gold_gain":0,"player_choice":"Removed Skill","damage_taken":0,"max_hp_gain":0,"max_hp_loss":0,"event_name":"Falling","floor":37,"gold_loss":0}],"is_beta":false,"boss_relics":[{"not_picked":["Empty Cage","Calling Bell"],"picked":"Black Star"},{"not_picked":["Snecko Eye","Busted Crown"],"picked":"Sozu"}],"items_purged_floors":[],"is_endless":false,"potions_floor_spawned":[6,10,11,12,14,21,23,24,28,29,30,35,41,46],"ascension_level":0}}