{"host":"rylkjufw9dlhr07b","time":1607792152,"event":{"mods":["AchievementEnabler","BaseMod","Better Note","BetterRewards","Hubris","Minty Spire (QoL Compilation)","Quick Restart","Replay The Spire","StSLib"],"gold_per_floor":[110,123,135,150,150,181,196,210,210,210,250,260,289,289,289,334,334],"floor_reached":16,"playtime":1085,"items_purged":[],"score":277,"play_id":"14d24f7d-8da0-44d5-b411-4a4c591bca5d","local_time":"20201212175552","is_ascension_mode":true,"campfire_choices":[{"floor":15,"key":"REST"}],"circlet_count":0,"master_deck":["Strike_P","Strike_P","Strike_P","Defend_P","Defend_P","Defend_P","Defend_P","Eruption","Vigilance","Nirvana","FlurryOfBlows+1","CutThroughFate","BowlingBash","PathToVictory","CutThroughFate","Evaluate","Crescendo","ThirdEye","CutThroughFate","SpiritShield","Prostrate"],"relics":["PureWater","Membership Card","hubris:TenFootPole","hubris:Teleporter","hubris:CrystalStatue","CeramicFish","Omamori","Ring of Hypnosis","ReplayTheSpireMod:Ring of Challenge"],"acts_visited":["Exordium"],"potions_floor_usage":[6,6,11,16,16],"damage_taken":[{"damage":0.0,"enemies":"Cultist","floor":1.0,"turns":1.0},{"damage":8.0,"enemies":"Small Slimes","floor":2.0,"turns":5.0},{"damage":0.0,"enemies":"Jaw Worm","floor":3.0,"turns":3.0},{"damage":0,"enemies":"Large Slime","floor":4,"turns":2},{"damage":13,"enemies":"Gremlin Nob","floor":6,"turns":4},{"damage":10,"enemies":"Gremlin Gang","floor":7,"turns":3},{"damage":0,"enemies":"3 Louse","floor":8,"turns":4},{"damage":0,"enemies":"Replay:BlueRogue","floor":11,"turns":3},{"damage":0,"enemies":"Looter","floor":12,"turns":2},{"damage":2,"enemies":"Large Slime","floor":13,"turns":6},{"damage":75,"enemies":"The Guardian","floor":16,"turns":11}],"seed_played":"1602811182405181440","potions_obtained":[{"floor":2.0,"key":"FairyPotion"},{"floor":3.0,"key":"StancePotion"},{"floor":8,"key":"FearPotion"},{"floor":11,"key":"BottledMiracle"},{"floor":13,"key":"BlessingOfTheForge"}],"is_trial":false,"path_per_floor":["M","M","M","M","?","E","M","M","T","?","E","M","M","?","R","B"],"character_chosen":"WATCHER","items_purchased":["Membership Card","Nirvana","FlurryOfBlows+1","hubris:TenFootPole","CutThroughFate","PowerPotion"],"campfire_rested":1,"item_purchase_floors":[0,0,0,0,0,0],"current_hp_per_floor":[49,41,41,41,41,28,18,18,18,18,18,18,16,16,37,0,0],"gold":334,"neow_bonus":"","is_daily":false,"chose_seed":false,"campfire_upgraded":0,"win_rate":0.0,"timestamp":1607792152,"path_taken":["M","M","M","M","?","E","M","?","T","?","E","?","M","?","R","BOSS"],"items_purchased_type":["Relic","Card","Card","Relic","Card","Potion"],"build_version":"2020-11-30","purchased_purges":0,"victory":false,"max_hp_per_floor":[72,72,72,72,72,72,72,72,72,72,72,72,72,72,72,72,72],"card_choices":[{"not_picked":["Replay:BluntJabs","MentalFortress"],"picked":"BowlingBash","floor":1.0},{"not_picked":["Prostrate","FearNoEvil"],"picked":"PathToVictory","floor":2.0},{"not_picked":["Replay:DivineShield","Replay:Cycle"],"picked":"CutThroughFate","floor":3.0},{"not_picked":["Replay:Cycle","Replay:ManipulateFuture"],"picked":"Evaluate","floor":4},{"not_picked":["Replay:AtTheReady","InnerPeace"],"picked":"Crescendo","floor":6},{"not_picked":["Halt","WaveOfTheHand"],"picked":"ThirdEye","floor":7},{"not_picked":["Tantrum","EmptyMind"],"picked":"CutThroughFate","floor":8},{"not_picked":["Consecrate","Replay:Hum"],"picked":"SpiritShield","floor":11},{"not_picked":["Collect","Adaptation","Crescendo"],"picked":"SKIP","floor":12},{"not_picked":["Protect","TalkToTheHand"],"picked":"Prostrate","floor":13}],"player_experience":466309,"relics_obtained":[{"floor":6,"key":"hubris:CrystalStatue"},{"floor":9,"key":"CeramicFish"},{"floor":11,"key":"Omamori"},{"floor":14,"key":"Ring of Hypnosis"},{"floor":14,"key":"ReplayTheSpireMod:Ring of Challenge"}],"event_choices":[{"damage_healed":0,"gold_gain":0,"player_choice":"Bought 0 Potions","damage_taken":0,"max_hp_gain":0,"max_hp_loss":0,"event_name":"The Woman in Blue","floor":5,"gold_loss":0},{"cards_removed":["Strike_P"],"damage_healed":0,"gold_gain":0,"player_choice":"Purged","damage_taken":0,"max_hp_gain":0,"max_hp_loss":0,"event_name":"Purifier","floor":10,"gold_loss":0}],"is_beta":false,"boss_relics":[],"items_purged_floors":[],"is_endless":false,"potions_floor_spawned":[2,3,8,11,13],"killed_by":"The Guardian","ascension_level":9}}