{"host":"ve1tu2pxpq596wfw","time":1607747074,"event":{"mods":["BaseMod","DeckTracker","Highlight Path","Infinite Spire","Minty Spire (QoL Compilation)","Random Character Button","Replay The Spire","Shop Mod","StSLib","The Blue Laboratory","The Jungle","Wandering Minibosses"],"gold_per_floor":[114,132,148,165,165,201,201,222,297,330,344,384,384,399,399,525,625,648,747,718,718,789,830,849,872,898,898,912,925,925,949,949,1069,1069,1090,1109,1109,1122,1136,1136,1136],"floor_reached":40,"playtime":4495,"items_purged":[],"score":529,"play_id":"fc086ab5-7c2b-415e-bd4b-ae332b6292f7","local_time":"20201212042434","is_ascension_mode":true,"campfire_choices":[{"floor":7,"key":"REST"},{"floor":13,"key":"REST"},{"floor":15,"key":"RECALL"},{"floor":27,"key":"REST"},{"floor":32,"key":"REST"}],"circlet_count":0,"master_deck":["Strike_R","Strike_R","Strike_R","Strike_R","Strike_R","Defend_R","Defend_R","Defend_R","Defend_R","Bash","ReplayTheSpireMod:Stacked","Infernal Blade","Rampage","Clash","Twin Strike","Carnage","Thunderclap","Iron Wave","Eclipse","Armaments+1","Pommel Strike+1","Pommel Strike+1","Flex+1","Fire Breathing","Battle Trance","Spot Weakness+1","Secret Technique","Apotheosis","Berserk","Amnesia","Replay:Hysterical Blindness","Double Tap","Spot Weakness+1","Bludgeon"],"relics":["ReplayTheSpireMod:Spearhead","Golden Idol","Durian","Orichalcum","Replay:Wanted Poster","Burning Blood","wanderingMiniBosses:ThiefScarf","infinitespire:CursedDice","infinitespire:WardingShard","Boot","Replay:Bronze Core","ReplayTheSpireMod:ShopPack","Replay:Ancient Bell","Nunchaku","Singing Bowl","Unceasing Top","Blue Candle","Replay:Ringing Soul"],"acts_visited":["Exordium","TheCity","TheBeyond"],"potions_floor_usage":[6,22,22,25],"damage_taken":[{"damage":9,"enemies":"Jaw Worm","floor":1,"turns":5},{"damage":0,"enemies":"Small Slimes","floor":2,"turns":3},{"damage":5,"enemies":"Cultist","floor":3,"turns":4},{"damage":14,"enemies":"Gremlin Gang","floor":4,"turns":7},{"damage":20,"enemies":"3 Sentries","floor":6,"turns":12},{"damage":7,"enemies":"3 Louse","floor":8,"turns":2},{"damage":31,"enemies":"Lagavulin","floor":10,"turns":6},{"damage":12,"enemies":"Red Slaver","floor":11,"turns":4},{"damage":19,"enemies":"Gremlin Nob","floor":12,"turns":4},{"damage":0,"enemies":"Large Slime","floor":14,"turns":3},{"damage":31,"enemies":"Fading Forest","floor":16,"turns":11},{"damage":9,"enemies":"Spheric Guardian","floor":18,"turns":4},{"damage":27,"enemies":"3 Byrds","floor":20,"turns":7},{"damage":4,"enemies":"Snecko","floor":22,"turns":6},{"damage":19,"enemies":"Gremlin Leader","floor":23,"turns":5},{"damage":33,"enemies":"Snake Plant","floor":24,"turns":5},{"damage":11,"enemies":"3 Cultists","floor":25,"turns":5},{"damage":11,"enemies":"Sentry and Sphere","floor":28,"turns":5},{"damage":21,"enemies":"Snake Plant","floor":29,"turns":3},{"damage":8,"enemies":"Centurion and Healer","floor":31,"turns":4},{"damage":30,"enemies":"Collector","floor":33,"turns":7},{"damage":0,"enemies":"Orb Walker","floor":35,"turns":3},{"damage":0,"enemies":"3 Shapes","floor":36,"turns":5},{"damage":13,"enemies":"Transient","floor":38,"turns":5},{"damage":0,"enemies":"3 Darklings","floor":39,"turns":3},{"damage":93,"enemies":"Nightmare","floor":40,"turns":6}],"seed_played":"-2592694687473120241","potions_obtained":[{"floor":2,"key":"blueLaboratory:ImpenetrablePotion"},{"floor":8,"key":"Venom Potion"},{"floor":11,"key":"ColorlessPotion"},{"floor":16,"key":"SpeedPotion"},{"floor":20,"key":"Adrenaline Potion"},{"floor":23,"key":"PowerPotion"},{"floor":24,"key":"Reflective Coating"},{"floor":25,"key":"blueLaboratory:HeartbeatPotion"}],"is_trial":false,"path_per_floor":["M","M","M","M","?","E","R","M","T","E","M","E","R","M","R","B",null,"M","?","M","?","M","E","M","M","T","R","M","M","AVR","M","R","B",null,"M","M","?","M","M","NM"],"character_chosen":"IRONCLAD","items_purchased":[],"campfire_rested":4,"item_purchase_floors":[],"current_hp_per_floor":[77,80,80,72,52,38,62,61,61,41,35,22,47,53,53,52,85,82,82,55,55,51,38,11,57,57,82,77,62,62,60,85,61,91,91,93,93,86,92,0,0],"gold":1136,"neow_bonus":"RANDOM_COMMON_RELIC","is_daily":false,"chose_seed":false,"campfire_upgraded":0,"win_rate":0.0,"timestamp":1607747074,"path_taken":["M","M","M","M","?","E","R","M","T","E","M","E","R","M","R","BOSS","M","?","M","?","M","E","M","M","T","R","M","M","AVR","?","R","BOSS","M","?","?","?","M","NM"],"items_purchased_type":[],"build_version":"2020-11-30","purchased_purges":0,"victory":false,"max_hp_per_floor":[80,80,80,80,80,80,80,80,80,85,85,85,85,85,85,85,85,85,85,85,85,85,85,85,85,85,85,85,85,85,85,85,85,91,91,93,93,93,93,93,93],"card_choices":[{"not_picked":["True Grit","ReplayTheSpireMod:Strike From Hell","Warcry"],"picked":"SKIP","floor":1},{"not_picked":["Wild Strike","Flame Barrier"],"picked":"ReplayTheSpireMod:Stacked","floor":2},{"not_picked":["Power Through","Warcry"],"picked":"Infernal Blade","floor":3},{"not_picked":["Evolve","True Grit"],"picked":"Rampage","floor":4},{"not_picked":["Body Slam","Wild Strike"],"picked":"Clash","floor":6},{"not_picked":["Clash","Feed"],"picked":"Twin Strike","floor":8},{"not_picked":["Demonic Infusion","Heavy Blade"],"picked":"Carnage","floor":10},{"not_picked":["Pummel","Wild Strike"],"picked":"Thunderclap","floor":11},{"not_picked":["Anger","Blood for Blood"],"picked":"Iron Wave","floor":12},{"not_picked":["Cleave","Headbutt","Sentinel"],"picked":"SKIP","floor":14},{"not_picked":["Exhume","Immolate"],"picked":"Eclipse","floor":16},{"not_picked":["Replay:Undeath\u0027s Touch","Cleave"],"picked":"Armaments+1","floor":18},{"not_picked":["Rupture","Shrug It Off"],"picked":"Pommel Strike+1","floor":20},{"not_picked":["Massacre","Second Wind"],"picked":"Flex+1","floor":22},{"not_picked":["Ghostly Armor","Power Through"],"picked":"Fire Breathing","floor":23},{"not_picked":["Blood for Blood","Dual Wield"],"picked":"Battle Trance","floor":24},{"not_picked":["Thunderclap+1","Body Slam","Clothesline"],"picked":"SKIP","floor":25},{"not_picked":["Demonic Infusion","Body Slam"],"picked":"Spot Weakness+1","floor":28},{"not_picked":["Thunderclap+1","Clothesline","Abandon+1"],"picked":"SKIP","floor":29},{"not_picked":["The Bomb","ReplayTheSpireMod:Brewmster"],"picked":"Secret Technique","floor":30},{"not_picked":["Impatience","Purity"],"picked":"Apotheosis","floor":30},{"not_picked":["Wild Strike+1","Shockwave","Headbutt"],"picked":"SKIP","floor":31},{"not_picked":["Demonic Infusion","Eclipse"],"picked":"Berserk","floor":33},{"not_picked":["Amnesia","Pain","ReplayTheSpireMod:Restless Dread"],"picked":"Singing Bowl","floor":34},{"not_picked":["ReplayTheSpireMod:Doomed","Replay:Hysterical Blindness","Languid"],"picked":"Singing Bowl","floor":34},{"not_picked":["Shame","Normality","Regret"],"picked":"Singing Bowl","floor":34},{"not_picked":["Sword Boomerang","Flame Barrier+1"],"picked":"Double Tap","floor":35},{"not_picked":["Massacre+1","ReplayTheSpireMod:Strike From Hell+1","Run Through"],"picked":"Singing Bowl","floor":36},{"not_picked":["Twin Strike+1","Sword Boomerang+1"],"picked":"Spot Weakness+1","floor":38},{"not_picked":["Sword Boomerang+1","Armaments+1"],"picked":"Bludgeon","floor":39}],"player_experience":194979,"relics_obtained":[{"floor":6,"key":"infinitespire:CursedDice"},{"floor":10,"key":"Durian"},{"floor":12,"key":"Orichalcum"},{"floor":22,"key":"Burning Blood"},{"floor":22,"key":"wanderingMiniBosses:ThiefScarf"},{"floor":22,"key":"infinitespire:CursedDice"},{"floor":23,"key":"infinitespire:WardingShard"},{"floor":26,"key":"Boot"}],"event_choices":[{"damage_healed":0,"gold_gain":0,"player_choice":"Take Damage","damage_taken":20,"relics_obtained":["Golden Idol"],"max_hp_gain":0,"max_hp_loss":0,"event_name":"Golden Idol","floor":5,"gold_loss":0},{"damage_healed":0,"gold_gain":99,"player_choice":"Stole From Cult","damage_taken":0,"max_hp_gain":0,"max_hp_loss":0,"event_name":"Nest","floor":19,"gold_loss":0},{"damage_healed":0,"gold_gain":0,"player_choice":"Copied","damage_taken":0,"max_hp_gain":0,"max_hp_loss":0,"event_name":"Duplicator","floor":21,"gold_loss":0,"cards_obtained":["Pommel Strike"]},{"cards_removed":["Normality"],"damage_healed":0,"gold_gain":0,"player_choice":"Purged","damage_taken":0,"max_hp_gain":0,"max_hp_loss":0,"event_name":"Purifier","floor":37,"gold_loss":0}],"is_beta":false,"boss_relics":[{"not_picked":["infinitespire:Cupcake","Empty Cage"],"picked":"Replay:Wanted Poster"},{"not_picked":["Replay:Drink Me","infinitespire:Burning Sword"],"picked":"Replay:Ancient Bell"},{"not_picked":["Pet Ghost","MealTicket"],"picked":"Nunchaku"},{"not_picked":["Eternal Feather","Replay:Bottled Eggs"],"picked":"Singing Bowl"},{"not_picked":["WingedGreaves","Lizard Tail"],"picked":"Unceasing Top"}],"items_purged_floors":[],"is_endless":false,"potions_floor_spawned":[2,8,11,16,20,23,24,25,33,35,38,39],"killed_by":"Nightmare","ascension_level":3}}