{"host":"1mv6gj0zv8k9e9tz","time":1607793358,"event":{"mods":["AchievementEnabler","BaseMod","Better Third Choice","Colored Map","KOR Keyword Fix","Minty Spire (QoL Compilation)","Permanent Neow","Rare Cards Sparkle","StSLib"],"gold_per_floor":[118,136,154,254,268,302,302,302,302],"floor_reached":8,"playtime":505,"items_purged":[],"score":133,"play_id":"a29a2dc3-2d01-4ce8-a6b0-be30f2cae99d","local_time":"20201213021558","is_ascension_mode":true,"campfire_choices":[{"floor":7,"key":"REST"}],"circlet_count":0,"master_deck":["AscendersBane","Strike_G","Strike_G","Strike_G","Defend_G","Defend_G","Defend_G","Defend_G","Survivor","Neutralize","PiercingWail+1","Night Terror+1","Tactician+1","Prepared","Blade Dance","Blade Dance","Bullet Time","Cloak And Dagger"],"relics":["Astrolabe","Bag of Marbles"],"acts_visited":["Exordium"],"potions_floor_usage":[5,8],"damage_taken":[{"damage":4,"enemies":"Small Slimes","floor":1,"turns":7},{"damage":14,"enemies":"Cultist","floor":2,"turns":6},{"damage":0,"enemies":"2 Louse","floor":3,"turns":3},{"damage":3,"enemies":"Looter","floor":5,"turns":3},{"damage":37,"enemies":"Lagavulin","floor":6,"turns":8},{"damage":26,"enemies":"Gremlin Nob","floor":8,"turns":4}],"seed_played":"-120730180558777712","potions_obtained":[{"floor":1,"key":"Dexterity Potion"},{"floor":3,"key":"LiquidMemories"}],"is_trial":false,"path_per_floor":["M","M","M","?","M","E","R","E"],"character_chosen":"THE_SILENT","items_purchased":[],"campfire_rested":1,"item_purchase_floors":[],"current_hp_per_floor":[59,45,45,45,42,5,26,0,0],"gold":302,"neow_bonus":"BOSS_RELIC","is_daily":false,"chose_seed":false,"campfire_upgraded":0,"win_rate":0.0,"timestamp":1607793358,"path_taken":["M","M","M","?","M","E","R","E"],"items_purchased_type":[],"build_version":"2020-11-30","purchased_purges":0,"victory":false,"max_hp_per_floor":[70,70,70,70,70,70,70,70,70],"card_choices":[{"not_picked":["Setup","Sucker Punch"],"picked":"Prepared","floor":1},{"not_picked":["Dagger Throw","PiercingWail"],"picked":"Blade Dance","floor":2},{"not_picked":["Masterful Stab","Flying Knee"],"picked":"Blade Dance","floor":3},{"not_picked":["Sucker Punch","PiercingWail"],"picked":"Bullet Time","floor":5},{"not_picked":["Deadly Poison","Deflect"],"picked":"Cloak And Dagger","floor":6}],"player_experience":460461,"relics_obtained":[{"floor":6,"key":"Bag of Marbles"}],"event_choices":[{"damage_healed":0,"gold_gain":100,"player_choice":"Pray","damage_taken":0,"max_hp_gain":0,"max_hp_loss":0,"event_name":"Golden Shrine","floor":4,"gold_loss":0}],"is_beta":false,"boss_relics":[],"items_purged_floors":[],"is_endless":false,"potions_floor_spawned":[1,3],"killed_by":"Gremlin Nob","ascension_level":12}}