{"host":"zksvs3x2ysy9npnz","time":1607735915,"event":{"mods":["Aspiration","BaseMod","Beaked The Cultist","BetterRewards","Colored Map","Conspire","Duelist Mod","Halation","Highlight Path","Hubris","Infinite Spire","Jedi Mod","Minty Spire (QoL Compilation)","Permanent Neow","Quick Restart","Relic Stats","Replay The Spire","Retaliation","Shop Mod","StSLib"],"gold_per_floor":[145,145,145,164,164,164,164,89,89,63,80,80,96,108,108,108,108],"floor_reached":16,"playtime":704,"items_purged":["hubris:Gluttony"],"score":167,"play_id":"f542dcec-f42e-4ef0-a9fa-5280cd3b03e0","local_time":"20201212021835","is_ascension_mode":true,"campfire_choices":[{"floor":6,"key":"REST"},{"floor":12,"key":"REST"},{"floor":15,"key":"REST"}],"circlet_count":0,"master_deck":["theDuelist:Biofalcon+1","theDuelist:CastleWalls","theDuelist:CastleWalls","theDuelist:Deskbot004+1","theDuelist:Deskbot004+1","theDuelist:Deskbot005","theDuelist:Deskbot005","theDuelist:GreenGadget","theDuelist:Sparks+1","theDuelist:Sparks","theDuelist:Geartown","theDuelist:JunkKuriboh+1","theDuelist:GreenGadget","theDuelist:JunkKuriboh+1","theDuelist:GreenGadget"],"relics":["theDuelist:MillenniumPuzzle","theDuelist:CardPoolRelic","theDuelist:CardPoolBasicRelic","theDuelist:BoosterPackPoolRelic","theDuelist:CardPoolAddRelic","theDuelist:CardPoolMinusRelic","theDuelist:CardPoolSaveRelic","theDuelist:CardPoolOptionsRelic","aspiration:Nostalgia","Replay:M_SmolderingBlood","Gremlin Food","Replay:Bottled Snecko"],"acts_visited":["Exordium"],"potions_floor_usage":[16,16],"damage_taken":[{"damage":1,"enemies":"Jaw Worm","floor":1,"turns":4},{"damage":1,"enemies":"2 Louse","floor":4,"turns":4},{"damage":10,"enemies":"Small Slimes","floor":11,"turns":4},{"damage":2,"enemies":"3 Louse","floor":13,"turns":4},{"damage":9,"enemies":"Exordium Thugs","floor":14,"turns":6},{"damage":97,"enemies":"Fading Forest","floor":16,"turns":9}],"seed_played":"-6325050195049129904","potions_obtained":[{"floor":1,"key":"theDuelist:CoolBottle"},{"floor":13,"key":"theDuelist:OrbBottle"}],"is_trial":false,"path_per_floor":["M","?","?","M","?","R","?","$","T","$","M","R","M","M","R","B"],"character_chosen":"THE_DUELIST","items_purchased":["theDuelist:GreenGadget"],"campfire_rested":3,"item_purchase_floors":[10],"current_hp_per_floor":[62,51,51,50,29,50,50,50,50,50,40,61,59,50,70,0,0],"gold":108,"neow_bonus":"NOSTALGIA","is_daily":false,"chose_seed":false,"campfire_upgraded":0,"win_rate":0.0,"timestamp":1607735915,"path_taken":["M","?","?","M","?","R","?","$","T","$","M","R","M","?","R","BOSS"],"items_purchased_type":["Card"],"build_version":"2020-11-30","purchased_purges":1,"victory":false,"max_hp_per_floor":[70,70,70,70,70,70,70,70,70,70,70,70,70,70,70,70,70],"relic_stats":{"counters":[6,31],"obtain_stats":[{"Gremlin Food":2,"theDuelist:BoosterPackPoolRelic":0,"theDuelist:CardPoolMinusRelic":0,"aspiration:Nostalgia":0,"Replay:M_SmolderingBlood":0,"theDuelist:CardPoolBasicRelic":0,"theDuelist:CardPoolAddRelic":0,"theDuelist:CardPoolOptionsRelic":0,"theDuelist:MillenniumPuzzle":0,"theDuelist:CardPoolSaveRelic":0,"Replay:Bottled Snecko":9,"theDuelist:CardPoolRelic":0},{"Gremlin Food":1,"theDuelist:BoosterPackPoolRelic":0,"theDuelist:CardPoolMinusRelic":0,"aspiration:Nostalgia":0,"Replay:M_SmolderingBlood":0,"theDuelist:CardPoolBasicRelic":0,"theDuelist:CardPoolAddRelic":0,"theDuelist:CardPoolOptionsRelic":0,"theDuelist:MillenniumPuzzle":0,"theDuelist:CardPoolSaveRelic":0,"Replay:Bottled Snecko":2,"theDuelist:CardPoolRelic":0},{"Gremlin Food":4,"theDuelist:BoosterPackPoolRelic":0,"theDuelist:CardPoolMinusRelic":0,"aspiration:Nostalgia":0,"Replay:M_SmolderingBlood":0,"theDuelist:CardPoolBasicRelic":0,"theDuelist:CardPoolAddRelic":0,"theDuelist:CardPoolOptionsRelic":0,"theDuelist:MillenniumPuzzle":0,"theDuelist:CardPoolSaveRelic":0,"Replay:Bottled Snecko":8,"theDuelist:CardPoolRelic":0}]},"card_choices":[{"not_picked":["theDuelist:ScrapBeast","theDuelist:DigitalBug","theDuelist:Geargiauger","theDuelist:UnionHangar"],"picked":"theDuelist:Geartown","floor":1},{"not_picked":["theDuelist:GearGigant","theDuelist:AncientGearGadjiltron","theDuelist:Mixeroid","theDuelist:HeavyMechSupportArmor"],"picked":"theDuelist:JunkKuriboh","floor":4},{"not_picked":[],"picked":"theDuelist:JunkKuriboh+1","floor":11},{"not_picked":["theDuelist:JunkKuriboh"],"picked":"SKIP","floor":13},{"not_picked":["theDuelist:GadgetSoldier","theDuelist:Mixeroid","theDuelist:ParallelPortArmor","theDuelist:GravityBlaster"],"picked":"theDuelist:GreenGadget","floor":14}],"player_experience":1169618,"relics_obtained":[{"floor":9,"key":"Replay:Bottled Snecko"}],"event_choices":[{"damage_healed":0,"gold_gain":0,"player_choice":"Success","damage_taken":11,"relics_obtained":["Gremlin Food"],"max_hp_gain":0,"max_hp_loss":0,"event_name":"Scrap Ooze","floor":2,"gold_loss":0},{"damage_healed":0,"gold_gain":0,"player_choice":"Entered Light","damage_taken":21,"max_hp_gain":0,"max_hp_loss":0,"event_name":"Shining Light","floor":5,"gold_loss":0,"cards_upgraded":["theDuelist:JunkKuriboh","theDuelist:Deskbot004"]},{"damage_healed":0,"gold_gain":0,"player_choice":"Leave","duelist":true,"damage_taken":0,"max_hp_gain":0,"max_hp_loss":0,"event_name":"Millennium Items","floor":7,"gold_loss":0}],"is_beta":false,"boss_relics":[],"items_purged_floors":[8],"is_endless":false,"potions_floor_spawned":[1,13,14],"killed_by":"Fading Forest","ascension_level":17}}