{"host":"cjhtzh7tp54jdfyv","time":1607815110,"event":{"mods":["BaseMod","Minty Spire (QoL Compilation)"],"gold_per_floor":[115,130,41,41,54,54,80,40,95,121,134,151,183,196,196,269,269,280,236,253,52,52,80,80,80,80,93,128,142,175,190,190,264,264,283,283,299,319,332,332,332,332,332,365,36,67,86,112,112,112,112],"floor_reached":50,"playtime":4711,"items_purged":[],"score":1349,"play_id":"01be14e3-545d-4a36-8229-c8e264b89a1d","local_time":"20201212181830","is_ascension_mode":true,"campfire_choices":[{"data":"Bash","floor":6.0,"key":"SMITH"},{"data":"Inflame","floor":15.0,"key":"SMITH"},{"data":"Demon Form","floor":24.0,"key":"SMITH"},{"floor":32.0,"key":"REST"},{"floor":40.0,"key":"REST"},{"data":"Feel No Pain","floor":42.0,"key":"SMITH"},{"floor":49,"key":"RECALL"}],"circlet_count":0,"master_deck":["AscendersBane","Strike_R","Strike_R","Strike_R","Strike_R","Strike_R+1","Defend_R","Defend_R","Defend_R","Defend_R","Bash+1","Twin Strike","Pummel+1","Feel No Pain+1","Feed","Inflame+1","Shockwave","Disarm","Sword Boomerang","Demon Form+1","Evolve","Shockwave","Corruption","Flame Barrier","Dark Embrace","Heavy Blade+1","Uppercut","Demon Form","CurseOfTheBell","Dark Shackles","Madness","True Grit","Shrug It Off","Feel No Pain+1","Dual Wield","Disarm"],"relics":["Burning Blood","Nunchaku","Orichalcum","Dream Catcher","Pocketwatch","Sozu","Sling","Whetstone","Vajra","Art of War","Calling Bell","Akabeko","Molten Egg 2","Turnip","Bag of Marbles","Gremlin Horn","Orrery","Centennial Puzzle","Du-Vu Doll","Singing Bowl"],"acts_visited":["Exordium","TheCity","TheBeyond"],"potions_floor_usage":[],"damage_taken":[{"damage":7.0,"enemies":"Jaw Worm","floor":1.0,"turns":3.0},{"damage":14.0,"enemies":"Small Slimes","floor":2.0,"turns":3.0},{"damage":2.0,"enemies":"Cultist","floor":5.0,"turns":4.0},{"damage":32.0,"enemies":"Gremlin Nob","floor":7.0,"turns":4.0},{"damage":18.0,"enemies":"3 Sentries","floor":10.0,"turns":13.0},{"damage":15.0,"enemies":"Exordium Thugs","floor":11.0,"turns":5.0},{"damage":0.0,"enemies":"2 Fungi Beasts","floor":12.0,"turns":3.0},{"damage":34.0,"enemies":"Gremlin Nob","floor":13.0,"turns":5.0},{"damage":11.0,"enemies":"Blue Slaver","floor":14.0,"turns":4.0},{"damage":15.0,"enemies":"Hexaghost","floor":16.0,"turns":9.0},{"damage":20.0,"enemies":"Shell Parasite","floor":18.0,"turns":4.0},{"damage":13.0,"enemies":"Chosen","floor":20.0,"turns":4.0},{"damage":12.0,"enemies":"Gremlin Leader","floor":23.0,"turns":4.0},{"damage":4.0,"enemies":"3 Cultists","floor":27.0,"turns":6.0},{"damage":7.0,"enemies":"Book of Stabbing","floor":28.0,"turns":3.0},{"damage":8.0,"enemies":"Chosen and Byrds","floor":29.0,"turns":4.0},{"damage":20.0,"enemies":"Slavers","floor":30.0,"turns":5.0},{"damage":20.0,"enemies":"Snake Plant","floor":31.0,"turns":5.0},{"damage":53.0,"enemies":"Champ","floor":33.0,"turns":10.0},{"damage":24.0,"enemies":"3 Shapes","floor":35.0,"turns":3.0},{"damage":28.0,"enemies":"3 Darklings","floor":37.0,"turns":8.0},{"damage":17.0,"enemies":"Writhing Mass","floor":38.0,"turns":8.0},{"damage":32.0,"enemies":"Spire Growth","floor":39.0,"turns":6.0},{"damage":26.0,"enemies":"Giant Head","floor":44.0,"turns":7.0},{"damage":9,"enemies":"Reptomancer","floor":46,"turns":5},{"damage":11,"enemies":"Maw","floor":47,"turns":7},{"damage":53,"enemies":"Nemesis","floor":48,"turns":9},{"damage":18,"enemies":"Donu and Deca","floor":50,"turns":1}],"seed_played":"-2857531118963733546","potions_obtained":[{"floor":2.0,"key":"FearPotion"},{"floor":8.0,"key":"Fire Potion"},{"floor":8.0,"key":"BloodPotion"},{"floor":8.0,"key":"DistilledChaos"}],"is_trial":false,"path_per_floor":["M","M","$","?","M","R","E","?","T","E","M","M","E","M","R","B",null,"M","$","M","$","?","E","R","?","T","M","E","M","E","M","R","B",null,"M","?","M","M","M","R","?","R","T","E","$","E","M","E","R","B"],"character_chosen":"IRONCLAD","items_purchased":["Feel No Pain","Evolve","Sling","Shockwave","Orrery","Centennial Puzzle"],"campfire_rested":2,"item_purchase_floors":[3,19,21,21,45,45],"current_hp_per_floor":[74,66,66,71,75,75,49,66,66,57,51,60,35,33,33,24,83,72,72,68,68,68,65,65,65,65,70,72,73,62,51,88,44,108,93,83,64,56,33,75,75,75,75,58,58,58,56,14,14,0,0],"gold":112,"neow_bonus":"TEN_PERCENT_HP_BONUS","is_daily":false,"chose_seed":false,"campfire_upgraded":4,"win_rate":0.0,"timestamp":1607815110,"path_taken":["M","M","$","?","M","R","E","?","T","E","M","?","E","M","R","BOSS","M","$","M","$","?","E","R","?","T","M","E","M","E","M","R","BOSS","M","?","M","M","M","R","?","R","T","E","$","E","M","E","R","BOSS"],"items_purchased_type":["Card","Card","Relic","Card","Relic","Relic"],"build_version":"2020-11-30","purchased_purges":0,"victory":false,"max_hp_per_floor":[82,82,82,87,87,87,87,87,87,90,93,96,99,102,102,102,102,105,105,108,108,108,111,111,111,111,114,117,120,123,126,126,129,129,132,132,135,138,141,141,134,134,134,137,137,140,143,148,148,148,148],"card_choices":[{"not_picked":["Heavy Blade","Iron Wave"],"picked":"Twin Strike","floor":1.0},{"not_picked":["Clash","Havoc"],"picked":"Pummel","floor":2.0},{"not_picked":["Headbutt","Flex","Havoc"],"picked":"SKIP","floor":5.0},{"not_picked":["Reckless Charge","Rampage"],"picked":"Feed","floor":7.0},{"not_picked":["Pummel","Warcry"],"picked":"Inflame","floor":10.0},{"not_picked":["Carnage","Thunderclap"],"picked":"Shockwave","floor":11.0},{"not_picked":["Iron Wave","Rage"],"picked":"Disarm","floor":12.0},{"not_picked":["Searing Blow","Flex"],"picked":"Sword Boomerang","floor":13.0},{"not_picked":["Thunderclap","Body Slam","Headbutt"],"picked":"SKIP","floor":14.0},{"not_picked":["Brutality","Impervious"],"picked":"Demon Form","floor":16.0},{"not_picked":["Thunderclap","Sword Boomerang","Bloodletting"],"picked":"SKIP","floor":18.0},{"not_picked":["Twin Strike","Intimidate","Cleave"],"picked":"SKIP","floor":20.0},{"not_picked":["Reckless Charge+1","Searing Blow","Headbutt"],"picked":"SKIP","floor":23.0},{"not_picked":["Entrench","Anger","Headbutt"],"picked":"SKIP","floor":27.0},{"not_picked":["Blood for Blood","Anger"],"picked":"Corruption","floor":28.0},{"not_picked":["Pommel Strike","Warcry+1"],"picked":"Flame Barrier","floor":29.0},{"not_picked":["Clothesline","Twin Strike"],"picked":"Dark Embrace","floor":30.0},{"not_picked":["Sword Boomerang","Anger"],"picked":"Heavy Blade+1","floor":31.0},{"not_picked":["Cleave","Havoc"],"picked":"Uppercut","floor":32.0},{"not_picked":["Juggernaut","Offering"],"picked":"Demon Form","floor":33.0},{"not_picked":["Wild Strike+1","Headbutt+1","Body Slam+1"],"picked":"SKIP","floor":35.0},{"not_picked":["Master of Strategy","Madness"],"picked":"Dark Shackles","floor":36.0},{"not_picked":["Forethought","Chrysalis"],"picked":"Madness","floor":36.0},{"not_picked":["Infernal Blade+1","Armaments"],"picked":"True Grit","floor":37.0},{"not_picked":["Sword Boomerang+1","Warcry","Havoc"],"picked":"SKIP","floor":38.0},{"not_picked":["Thunderclap+1","Sentinel"],"picked":"Shrug It Off","floor":39.0},{"not_picked":["Double Tap","Blood for Blood+1","Carnage+1"],"picked":"SKIP","floor":44.0},{"not_picked":["Wild Strike+1","Flame Barrier"],"picked":"Feel No Pain+1","floor":45.0},{"not_picked":["Sword Boomerang+1","Wild Strike+1"],"picked":"Dual Wield","floor":45.0},{"not_picked":["Headbutt+1","Anger+1"],"picked":"Disarm","floor":46},{"not_picked":["Thunderclap+1","Clash+1","Whirlwind+1"],"picked":"SKIP","floor":47},{"not_picked":["Perfected Strike+1","Thunderclap+1","Headbutt+1"],"picked":"Singing Bowl","floor":48}],"player_experience":4183141,"relics_obtained":[{"floor":7.0,"key":"Nunchaku"},{"floor":9.0,"key":"Orichalcum"},{"floor":10.0,"key":"Dream Catcher"},{"floor":13.0,"key":"Pocketwatch"},{"floor":23.0,"key":"Whetstone"},{"floor":28.0,"key":"Vajra"},{"floor":30.0,"key":"Art of War"},{"floor":34.0,"key":"Akabeko"},{"floor":34.0,"key":"Molten Egg 2"},{"floor":34.0,"key":"Turnip"},{"floor":43.0,"key":"Bag of Marbles"},{"floor":44.0,"key":"Gremlin Horn"},{"floor":46,"key":"Du-Vu Doll"},{"floor":48,"key":"Singing Bowl"}],"event_choices":[{"damage_healed":0.0,"max_hp_gain":5.0,"max_hp_loss":0.0,"gold_gain":0.0,"event_name":"Big Fish","player_choice":"Donut","floor":4.0,"gold_loss":0.0,"damage_taken":0.0},{"damage_healed":0.0,"max_hp_gain":0.0,"max_hp_loss":0.0,"gold_gain":0.0,"event_name":"The Woman in Blue","player_choice":"Bought 3 Potions","floor":8.0,"gold_loss":0.0,"damage_taken":0.0},{"damage_healed":0.0,"max_hp_gain":0.0,"max_hp_loss":0.0,"gold_gain":0.0,"event_name":"The Mausoleum","player_choice":"Ignored","floor":25.0,"gold_loss":0.0,"damage_taken":0.0},{"damage_healed":0.0,"max_hp_gain":0.0,"max_hp_loss":0.0,"gold_gain":0.0,"event_name":"SensoryStone","player_choice":"Memory 3","floor":36.0,"gold_loss":0.0,"damage_taken":10.0},{"damage_healed":0.0,"max_hp_gain":0.0,"max_hp_loss":7.0,"gold_gain":0.0,"event_name":"Winding Halls","player_choice":"Max HP","floor":41.0,"gold_loss":0.0,"damage_taken":0.0}],"is_beta":false,"boss_relics":[{"not_picked":["Mark of Pain","SacredBark"],"picked":"Sozu"},{"not_picked":["Runic Cube","Busted Crown"],"picked":"Calling Bell"}],"items_purged_floors":[],"is_endless":false,"potions_floor_spawned":[2,10,11,20,27,29,30,33,35,38,48],"killed_by":"Donu and Deca","ascension_level":20}}