{"host":"cz3p2o9n3b1gdmkz","time":1607776494,"event":{"mods":["AchievementEnabler","BaseMod","CapriCore","GungeonMod","Hermit","Minty Spire (QoL Compilation)","Replay The Spire","Shop Mod","StSLib","SuperFastMode","The Cursed","The Dragon Tamer","The Gatherer","The Jungle","The Poker Player"],"gold_per_floor":[112,172,172,18,33,33,68,88,113,144,161,161,192,211,211,211,211],"floor_reached":16,"playtime":798,"items_purged":[],"score":116,"play_id":"b096c99b-cb31-417e-834c-bd99464709db","local_time":"20201212213454","is_ascension_mode":true,"campfire_choices":[{"data":"Metamorphosis","floor":6.0,"key":"SMITH"},{"data":"hermit:Manifest","floor":15,"key":"SMITH"}],"circlet_count":0,"master_deck":["hermit:Strike_Hermit","hermit:Strike_Hermit","hermit:Strike_Hermit","hermit:Strike_Hermit","hermit:Defend_Hermit","hermit:Defend_Hermit","hermit:Defend_Hermit","hermit:Snapshot","hermit:Covet","Regret","Metamorphosis+1","Regret","hermit:FinalCanter","hermit:Quickdraw","hermit:TakeAim+1","hermit:Enervate","ReplayTheSpireMod:Splinters","hermit:Determination+1","hermit:RoundhouseKick","hermit:Manifest+1"],"relics":["hermit:Momento","Frozen Egg 2","Snack Pack","PreservedInsect","DemoMod:RingOfEthereal","Lantern"],"acts_visited":["Exordium"],"potions_floor_usage":[16,16],"damage_taken":[{"damage":0.0,"enemies":"2 Louse","floor":1.0,"turns":3.0},{"damage":5.0,"enemies":"Small Slimes","floor":5.0,"turns":3.0},{"damage":13.0,"enemies":"Gremlin Nob","floor":7.0,"turns":3.0},{"damage":6.0,"enemies":"Cultist","floor":8.0,"turns":3.0},{"damage":7.0,"enemies":"Red Slaver","floor":11.0,"turns":3.0},{"damage":16,"enemies":"3 Sentries","floor":13,"turns":4},{"damage":12,"enemies":"Exordium Thugs","floor":14,"turns":3},{"damage":39,"enemies":"The Guardian","floor":16,"turns":13}],"seed_played":"-241287275078899655","potions_obtained":[{"floor":5.0,"key":"Flashbang"},{"floor":8.0,"key":"Toxic Potion"}],"is_trial":false,"path_per_floor":["M","?","?","$","M","R","E","M","T","?","M","?","E","M","R","B"],"character_chosen":"HERMIT","items_purchased":["hermit:FinalCanter"],"campfire_rested":0,"item_purchase_floors":[4],"current_hp_per_floor":[75,75,75,75,70,70,57,53,53,53,48,48,32,22,22,0,0],"gold":211,"neow_bonus":"RANDOM_COLORLESS_2","is_daily":false,"chose_seed":false,"campfire_upgraded":2,"win_rate":0.0,"timestamp":1607776494,"path_taken":["M","?","?","$","M","R","E","M","T","?","M","?","E","M","R","BOSS"],"items_purchased_type":["Card"],"build_version":"2020-11-30","purchased_purges":0,"victory":false,"max_hp_per_floor":[75,75,75,75,75,75,75,75,75,75,75,75,75,75,75,75,75],"card_choices":[{"not_picked":["ReplayUltimateDefense","Secret Technique"],"picked":"Metamorphosis","floor":0.0},{"not_picked":["hermit:Desperado","hermit:Manifest","hermit:Cheat"],"picked":"SKIP","floor":1.0},{"not_picked":["hermit:Manifest","hermit:Feint"],"picked":"hermit:Quickdraw","floor":5.0},{"not_picked":["hermit:Cheat","hermit:Dive"],"picked":"hermit:TakeAim+1","floor":7.0},{"not_picked":["hermit:Headshot","hermit:Coalescence"],"picked":"hermit:Enervate","floor":8.0},{"not_picked":["hermit:Vantage","hermit:HighCaliber"],"picked":"hermit:Determination+1","floor":11.0},{"not_picked":["hermit:CalledShot","hermit:EternalForm+1","hermit:Malice"],"picked":"SKIP","floor":13},{"not_picked":["hermit:Dive","hermit:Vantage"],"picked":"hermit:Manifest","floor":14}],"player_experience":830268,"relics_obtained":[{"floor":7.0,"key":"Snack Pack"},{"floor":9.0,"key":"PreservedInsect"},{"floor":10.0,"key":"DemoMod:RingOfEthereal"},{"floor":13,"key":"Lantern"}],"event_choices":[{"damage_healed":0.0,"max_hp_gain":0.0,"max_hp_loss":0.0,"gold_gain":60.0,"event_name":"Golden Wing","player_choice":"Gained Gold","floor":2.0,"gold_loss":0.0,"damage_taken":0.0},{"damage_healed":0.0,"max_hp_gain":0.0,"max_hp_loss":0.0,"gold_gain":0.0,"event_name":"Big Fish","player_choice":"Box","floor":3.0,"gold_loss":0.0,"damage_taken":0.0,"relics_obtained":["Frozen Egg 2"],"cards_obtained":["Regret"]},{"damage_healed":0,"gold_gain":0,"cards_transformed":["hermit:Defend_Hermit"],"player_choice":"Transformed","damage_taken":0,"max_hp_gain":0,"max_hp_loss":0,"event_name":"Transmorgrifier","floor":12,"gold_loss":0,"cards_obtained":["hermit:RoundhouseKick"]}],"is_beta":false,"boss_relics":[],"items_purged_floors":[],"is_endless":false,"potions_floor_spawned":[5,8],"killed_by":"The Guardian","ascension_level":1}}