{"host":"uwh382mre4waz4ff","time":1607758674,"event":{"mods":["AchievementEnabler","BaseMod","Better Note","Better Third Choice","BetterRewards","Highlight Path","HololiveMod","Minty Spire (QoL Compilation)","StSLib"],"gold_per_floor":[17,37,37,56,56,87,105,139,139,153,165,115,156,174,174,288,288,307,345,374,374,289,326,27,45,69,406,406,406,458,487,487,606,606,632,632,308,308,334,402,402,467,467,76,108,142,183,241,241,271,271,271,50,102,112],"floor_reached":56,"playtime":3577,"items_purged":["Hololive_Defend","Hololive_FlyingPonyTail"],"score":2162,"play_id":"aa22d410-6f36-4737-9e71-3eea78f4b05e","local_time":"20201212153754","is_ascension_mode":true,"campfire_choices":[{"data":"Hololive_CallHoshimachiSuisei","floor":15,"key":"SMITH"},{"data":"Hololive_MaximGun","floor":29,"key":"SMITH"},{"data":"Hololive_CallAmaneKanata","floor":32,"key":"SMITH"},{"data":"Hololive_IdolExercise","floor":41,"key":"SMITH"},{"floor":49,"key":"RECALL"},{"data":"Hololive_DDD","floor":52,"key":"SMITH"}],"circlet_count":0,"master_deck":["Hololive_CallNatsuiroMatsuri","Hololive_CallAkaiHaato","Hololive_CallNekomataOkayu","Hololive_CallSpadeEcho","Hololive_CallTokoyamiTowa","Hololive_CallAkiRosenthal","Hololive_CallCivia","Hololive_CallHoshimachiSuisei+1","Hololive_CallTsunomakiWatame","Hololive_CallYozoraMel","Hololive_CallArtia","Hololive_CallYukihanaLamy","Hololive_CallAyundaRisu","Hololive_MaximGun+1","Hololive_CallSakuraMiko+1","Hololive_CallMinatoAqua+1","Hololive_CallAmaneKanata+1","Hololive_CallAZKi","Hololive_CallMoonaHoshinova","Hololive_CocoNews","Hololive_CallManoAloe+1","Hololive_CallAyundaRisu","Hololive_CallArtia","Hololive_CallHoushouMarine","Hololive_CallRoboco","Hololive_IdolExercise+1","Hololive_CallMomosuzuNene+9","Hololive_Nanodesu","Hololive_CallOkamiMio","Hololive_DDD+1","Hololive_CallOmaruPolka","Hololive_CandyCastle+1","Hololive_CallUsadaPekora","Hololive_CallShiranuiFlare+1","Hololive_CallOzoraSubaru+1","Hololive_CallOmaruPolka","Hololive_Thief","Hololive_CallKiryuuCoco"],"relics":["Hololive_TheStar","Bird Faced Urn","Mercury Hourglass","Mango","Bottled Flame","Question Card","Tiny Chest","SlaversCollar","Vajra","Kunai","Anchor","Old Coin","InkBottle","Coffee Dripper","Bronze Scales","HandDrill","FossilizedHelix","Boot","HornCleat","ClockworkSouvenir","Happy Flower","Nunchaku","Pantograph"],"acts_visited":["Exordium","TheCity","TheBeyond","TheEnding"],"potions_floor_usage":[16,16,27,44,47,54,54,54],"damage_taken":[{"damage":0,"enemies":"Jaw Worm","floor":1,"turns":3},{"damage":0,"enemies":"2 Louse","floor":2,"turns":2},{"damage":0,"enemies":"Small Slimes","floor":4,"turns":2},{"damage":0,"enemies":"3 Sentries","floor":6,"turns":5},{"damage":0,"enemies":"Exordium Wildlife","floor":7,"turns":2},{"damage":0,"enemies":"Gremlin Nob","floor":8,"turns":3},{"damage":0,"enemies":"2 Fungi Beasts","floor":10,"turns":3},{"damage":0,"enemies":"Blue Slaver","floor":11,"turns":3},{"damage":0,"enemies":"3 Sentries","floor":13,"turns":5},{"damage":0,"enemies":"3 Louse","floor":14,"turns":2},{"damage":0,"enemies":"Hexaghost","floor":16,"turns":5},{"damage":0,"enemies":"Chosen","floor":18,"turns":3},{"damage":0,"enemies":"Shell Parasite","floor":19,"turns":3},{"damage":0,"enemies":"Shelled Parasite and Fungi","floor":20,"turns":4},{"damage":0,"enemies":"Gremlin Leader","floor":23,"turns":4},{"damage":0,"enemies":"Cultist and Chosen","floor":25,"turns":3},{"damage":1,"enemies":"Slavers","floor":27,"turns":3},{"damage":0,"enemies":"Gremlin Leader","floor":30,"turns":5},{"damage":0,"enemies":"Snake Plant","floor":31,"turns":3},{"damage":0,"enemies":"Automaton","floor":33,"turns":5},{"damage":0,"enemies":"3 Darklings","floor":35,"turns":4},{"damage":0,"enemies":"Orb Walker","floor":39,"turns":3},{"damage":0,"enemies":"Giant Head","floor":40,"turns":8},{"damage":0,"enemies":"Nemesis","floor":42,"turns":5},{"damage":0,"enemies":"Maw","floor":45,"turns":4},{"damage":0,"enemies":"Writhing Mass","floor":46,"turns":5},{"damage":0,"enemies":"4 Shapes","floor":47,"turns":3},{"damage":0,"enemies":"Giant Head","floor":48,"turns":6},{"damage":0,"enemies":"Donu and Deca","floor":50,"turns":7},{"damage":49,"enemies":"Shield and Spear","floor":54,"turns":8},{"damage":0,"enemies":"The Heart","floor":55,"turns":8}],"seed_played":"5848429822449809093","potions_obtained":[{"floor":2,"key":"FearPotion"},{"floor":8,"key":"Block Potion"},{"floor":14,"key":"PowerPotion"},{"floor":16,"key":"Explosive Potion"},{"floor":20,"key":"LiquidMemories"},{"floor":25,"key":"BlessingOfTheForge"},{"floor":27,"key":"DistilledChaos"},{"floor":45,"key":"FearPotion"},{"floor":47,"key":"SkillPotion"}],"is_trial":false,"path_per_floor":["M","M","?","M","?","E","M","E","T","M","M","?","E","M","R","B",null,"M","M","M","?","?","E","$","M","T","E","?","R","E","M","R","B",null,"M","T","$","?","M","E","R","E","T","$","M","M","M","E","R","B",null,"R","$","E","B",null],"character_chosen":"Hololive_HololiveCharacter","items_purchased":["Anchor","Hololive_CallMoonaHoshinova","HandDrill","Hololive_Nanodesu","ClockworkSouvenir","Happy Flower","Fruit Juice","Hololive_CallOmaruPolka","Hololive_Thief"],"campfire_rested":0,"item_purchase_floors":[24,24,37,37,44,44,44,53,53],"current_hp_per_floor":[35,35,35,35,28,49,49,49,49,49,49,49,49,49,49,49,49,49,49,49,49,49,49,49,49,49,49,49,49,49,49,49,49,49,49,49,49,49,49,49,49,49,49,54,54,54,54,54,54,54,54,54,54,37,54],"gold":112,"neow_bonus":"ONE_RARE_RELIC","is_daily":false,"chose_seed":false,"campfire_upgraded":5,"win_rate":0.0,"timestamp":1607758674,"path_taken":["M","M","?","M","?","E","M","E","T","?","M","?","E","M","R","BOSS","M","M","M","?","?","E","$","M","T","E","?","R","E","M","R","BOSS","M","?","$","?","M","E","R","E","T","$","M","M","M","E","R","BOSS","R","$","E","BOSS"],"items_purchased_type":["Relic","Card","Relic","Card","Relic","Relic","Potion","Card","Card"],"build_version":"2020-11-30","purchased_purges":2,"victory":true,"max_hp_per_floor":[35,35,35,35,35,49,49,49,49,49,49,49,49,49,49,49,49,49,49,49,49,49,49,49,49,49,49,49,49,49,49,49,49,49,49,49,49,49,49,49,49,49,49,54,54,54,54,54,54,54,54,54,54,54,54],"card_choices":[{"not_picked":["Hololive_CocoNews","Hololive_Sequa","Hololive_LuckPotion"],"picked":"Hololive_CallTokoyamiTowa","floor":1},{"not_picked":["Hololive_LuckPotion","Hololive_Teleport","Hololive_RevenueBasedLive"],"picked":"Hololive_CallAkiRosenthal","floor":2},{"not_picked":["Hololive_OvertimeWork","Hololive_HuntDinosaur","Hololive_Spy"],"picked":"Hololive_CallCivia","floor":4},{"not_picked":["Hololive_CallAyundaRisu","Hololive_LuckPotion","Hololive_Breathe"],"picked":"Hololive_CallHoshimachiSuisei","floor":6},{"not_picked":["Hololive_CandyCastle","Hololive_OvertimeWork","Hololive_Breathe","Hololive_HuntDinosaur"],"picked":"SKIP","floor":7},{"not_picked":["Hololive_Sequa","Hololive_IdolExercise","Hololive_HuntDinosaur"],"picked":"Hololive_CallTsunomakiWatame","floor":8},{"not_picked":["Hololive_FlyingPonyTail","Hololive_CallUruhaRushia","Hololive_RevenueBasedLive","Hololive_CallMinatoAqua"],"picked":"Hololive_CallYozoraMel","floor":10},{"not_picked":["Hololive_FlyingPonyTail","Hololive_CallYogiri","Hololive_Teleport","Hololive_Sequa"],"picked":"Hololive_CallArtia","floor":11},{"not_picked":["Hololive_RevenueBasedLive","Hololive_CocoNews","Hololive_SummonFox","Hololive_MaximGun"],"picked":"Hololive_CallYukihanaLamy","floor":13},{"not_picked":["Hololive_Breathe","Hololive_Spy","Hololive_Drill","Hololive_FlyingPonyTail"],"picked":"Hololive_CallAyundaRisu","floor":14},{"not_picked":["Hololive_StarCraft","Hololive_IdolExercise","Hololive_DiamondStrike","Hololive_OpenUp"],"picked":"Hololive_MaximGun","floor":16},{"not_picked":["Hololive_HuntDinosaur","Hololive_Sequa","Hololive_CallTokinoSora","Hololive_Drill"],"picked":"Hololive_CallSakuraMiko+1","floor":18},{"not_picked":["Hololive_CallOmaruPolka","Hololive_HuntDinosaur","Hololive_Breathe","Hololive_CallAkaiHaato"],"picked":"Hololive_CallMinatoAqua+1","floor":19},{"not_picked":["Hololive_Rebound+1","Hololive_LuckPotion","Hololive_Breathe+1","Hololive_OvertimeWork"],"picked":"Hololive_CallAmaneKanata","floor":20},{"not_picked":["Hololive_CallYukihanaLamy","Hololive_CallAkaiHaato","Hololive_Sequa+1","Hololive_CallArtia"],"picked":"Hololive_CallAZKi","floor":23},{"not_picked":["Hololive_FlareMind","Hololive_Drill","Hololive_CallAZKi","Hololive_HuntDinosaur"],"picked":"Hololive_CocoNews","floor":25},{"not_picked":["Hololive_CallSpadeEcho","Hololive_Trident","Hololive_OvertimeWork","Hololive_SummonFox"],"picked":"Hololive_CallManoAloe+1","floor":27},{"not_picked":["Hololive_CallMoonaHoshinova","Hololive_CallYogiri+1","Hololive_CallTokinoSora","Hololive_Sequa"],"picked":"Hololive_CallHoushouMarine","floor":30},{"not_picked":["Hololive_Breathe","Hololive_CallNekomataOkayu","Hololive_Psychosis","Hololive_CallAmaneKanata+1"],"picked":"Hololive_CallRoboco","floor":31},{"not_picked":["Hololive_WolfAndLamb","Hololive_OpenUp","Hololive_ASMR","Hololive_DurableLive"],"picked":"Hololive_IdolExercise","floor":33},{"not_picked":["Hololive_CocoNews","Hololive_RevenueBasedLive","Hololive_Sequa+1","Hololive_FlyingPonyTail"],"picked":"Hololive_CallMomosuzuNene+1","floor":35},{"not_picked":["Hololive_Breathe+1","Hololive_StarCraft","Hololive_Drill+1","Hololive_RevenueBasedLive"],"picked":"Hololive_CallOkamiMio","floor":39},{"not_picked":["Hololive_CallAkiRosenthal+1","Hololive_Breathe+1","Hololive_FlareMind","Hololive_Spy+1"],"picked":"Hololive_DDD","floor":40},{"not_picked":["Hololive_StrengthChampion","Hololive_FlyingPonyTail+1","Hololive_ManjiGathering","Hololive_CocoNews+1"],"picked":"Hololive_CallOmaruPolka","floor":42},{"not_picked":["Hololive_CallSakuraMiko","Hololive_Psychosis+1","Hololive_RevenueBasedLive","Hololive_Drill"],"picked":"Hololive_CandyCastle+1","floor":45},{"not_picked":["Hololive_Teleport+1","Hololive_CallAZKi+1","Hololive_Psychosis","Hololive_HuntDinosaur+1"],"picked":"Hololive_CallUsadaPekora","floor":46},{"not_picked":["Hololive_RevenueBasedLive","Hololive_Breathe","Hololive_CallHimemoriLuna","Hololive_Trident"],"picked":"Hololive_CallShiranuiFlare+1","floor":47},{"not_picked":["Hololive_Psychosis+1","Hololive_CocoNews","Hololive_StrengthChampion","Hololive_Teleport"],"picked":"Hololive_CallOzoraSubaru+1","floor":48},{"not_picked":["Hololive_BringToTrial","Hololive_OpenUp","Hololive_CallShiranuiFlare","Hololive_CocoNews"],"picked":"Hololive_CallKiryuuCoco","floor":54}],"player_experience":97745,"relics_obtained":[{"floor":6,"key":"Mango"},{"floor":8,"key":"Bottled Flame"},{"floor":9,"key":"Question Card"},{"floor":13,"key":"Tiny Chest"},{"floor":23,"key":"Kunai"},{"floor":27,"key":"Old Coin"},{"floor":30,"key":"InkBottle"},{"floor":36,"key":"Bronze Scales"},{"floor":40,"key":"FossilizedHelix"},{"floor":42,"key":"Boot"},{"floor":43,"key":"HornCleat"},{"floor":48,"key":"Nunchaku"},{"floor":54,"key":"Pantograph"}],"event_choices":[{"damage_healed":0,"gold_gain":0,"player_choice":"Box","damage_taken":0,"relics_obtained":["Mercury Hourglass"],"max_hp_gain":0,"max_hp_loss":0,"event_name":"Big Fish","floor":3,"gold_loss":0,"cards_obtained":["Regret"]},{"cards_removed":["Regret"],"damage_healed":0,"gold_gain":0,"player_choice":"Card Removal","damage_taken":7,"max_hp_gain":0,"max_hp_loss":0,"event_name":"Golden Wing","floor":5,"gold_loss":0},{"cards_removed":["Hololive_Strike"],"damage_healed":0,"gold_gain":0,"player_choice":"Card Removal","damage_taken":0,"max_hp_gain":0,"max_hp_loss":0,"event_name":"The Cleric","floor":12,"gold_loss":50},{"damage_healed":0,"gold_gain":0,"player_choice":"Ignored","damage_taken":0,"max_hp_gain":0,"max_hp_loss":0,"event_name":"Ghosts","floor":21,"gold_loss":0},{"damage_healed":0,"gold_gain":0,"player_choice":"Obtained Relic","damage_taken":0,"relics_obtained":["Vajra"],"max_hp_gain":0,"max_hp_loss":0,"event_name":"Addict","floor":22,"gold_loss":85},{"damage_healed":0,"gold_gain":0,"cards_transformed":["Hololive_Strike","Hololive_Defend"],"player_choice":"Became Test Subject","damage_taken":0,"max_hp_gain":0,"max_hp_loss":0,"event_name":"Drug Dealer","floor":28,"gold_loss":0,"cards_obtained":["Hololive_CallAyundaRisu","Hololive_CallArtia"]},{"cards_removed":["Hololive_CallYogiri"],"damage_healed":0,"gold_gain":0,"player_choice":"Removed Power","damage_taken":0,"max_hp_gain":0,"max_hp_loss":0,"event_name":"Falling","floor":38,"gold_loss":0}],"is_beta":false,"boss_relics":[{"not_picked":["Astrolabe","Ectoplasm"],"picked":"SlaversCollar"},{"not_picked":["Runic Dome","Fusion Hammer"],"picked":"Coffee Dripper"}],"items_purged_floors":[24,37],"is_endless":false,"potions_floor_spawned":[2,8,14,16,20,25,27,42,45,47],"ascension_level":6}}