{"host":"vfg9szunmpjwj08o","time":1607810212,"event":{"mods":["Act Like it!","BaseMod","Challenge The Spire","Colored Map","Colored Powertips","Minty Spire (QoL Compilation)","StSLib","Waifu the Spire"],"gold_per_floor":[113,123,135,150,168,193,193,204,252,252,267,280,355,115,115,217,217,261,360,410,169,84,84,146,146,146,146,211,226,108,118,118,228,228,284,297,308,359,213,213,251,251,251],"floor_reached":42,"playtime":3148,"items_purged":["Strike_P","Strike_P","Defend_P","Strike_P"],"score":639,"play_id":"c10333fc-715f-4433-9a73-31f084ca00e8","local_time":"20201212225652","is_ascension_mode":true,"campfire_choices":[{"data":"Eruption","floor":7.0,"key":"SMITH"},{"data":"Meditate","floor":10.0,"key":"SMITH"},{"floor":15.0,"key":"REST"},{"data":"Apotheosis","floor":23.0,"key":"SMITH"},{"floor":27,"key":"RECALL"},{"floor":32,"key":"REST"},{"data":"Meditate","floor":40,"key":"SMITH"}],"circlet_count":0,"master_deck":["Strike_P","Defend_P","Defend_P","Defend_P","Eruption+1","Vigilance","Evaluate","PathToVictory","EmptyBody","EmptyMind","Meditate+1","PathToVictory","Adaptation","Apotheosis+1","Wish","LikeWater","PathToVictory+1","Vengeance","Perseverance","Meditate+1","Judgement","Study","Sanctity","DevaForm","Fasting2+1","InnerPeace+1","MentalFortress","EmptyFist+1","Bandage Up","Scrawl"],"relics":["PureWater","Lantern","Art of War","Bag of Preparation","SlaversCollar","Membership Card","Molten Egg 2","StrikeDummy","CeramicFish","Coffee Dripper","Mercury Hourglass"],"acts_visited":["Exordium","TheCity","TheBeyond"],"potions_floor_usage":[28,28,29,33,41,41],"damage_taken":[{"damage":0.0,"enemies":"Cultist","floor":1.0,"turns":2.0},{"damage":0.0,"enemies":"2 Louse","floor":2.0,"turns":1.0},{"damage":1.0,"enemies":"Jaw Worm","floor":3.0,"turns":4.0},{"damage":0.0,"enemies":"2 Fungi Beasts","floor":4.0,"turns":4.0},{"damage":0.0,"enemies":"Blue Slaver","floor":5.0,"turns":5.0},{"damage":38.0,"enemies":"3 Sentries","floor":6.0,"turns":10.0},{"damage":11.0,"enemies":"Lots of Slimes","floor":8.0,"turns":5.0},{"damage":1.0,"enemies":"Red Slaver","floor":11.0,"turns":3.0},{"damage":0.0,"enemies":"3 Louse","floor":12.0,"turns":2.0},{"damage":4.0,"enemies":"The Guardian","floor":16.0,"turns":5.0},{"damage":5.0,"enemies":"3 Byrds","floor":18.0,"turns":5.0},{"damage":3.0,"enemies":"Spheric Guardian","floor":20.0,"turns":4.0},{"damage":8,"enemies":"Gremlin Leader","floor":24,"turns":5},{"damage":17,"enemies":"Slavers","floor":28,"turns":4},{"damage":0,"enemies":"Cultist and Chosen","floor":29,"turns":4},{"damage":5,"enemies":"Centurion and Healer","floor":31,"turns":4},{"damage":29,"enemies":"Collector","floor":33,"turns":6},{"damage":12,"enemies":"3 Shapes","floor":35,"turns":5},{"damage":0,"enemies":"Orb Walker","floor":36,"turns":2},{"damage":0,"enemies":"Maw","floor":37,"turns":5},{"damage":27,"enemies":"Transient","floor":38,"turns":5},{"damage":9,"enemies":"Reptomancer","floor":41,"turns":5},{"damage":37,"enemies":"Jaw Worm Horde","floor":42,"turns":2}],"seed_played":"-5499877025348491018","potions_obtained":[{"floor":2.0,"key":"Strength Potion"},{"floor":3.0,"key":"Ancient Potion"},{"floor":5.0,"key":"Fire Potion"},{"floor":11.0,"key":"DistilledChaos"},{"floor":20.0,"key":"Explosive Potion"},{"floor":28,"key":"Weak Potion"},{"floor":33,"key":"FearPotion"},{"floor":35,"key":"CultistPotion"},{"floor":38,"key":"PowerPotion"},{"floor":41,"key":"CultistPotion"}],"is_trial":false,"path_per_floor":["M","M","M","M","M","E","R","M","T","R","M","M","?","$","R","B",null,"M","?","M","$","?","R","E","?","T","R","E","M","$","M","R","B",null,"M","M","M","M","$","R","E","M"],"character_chosen":"WATCHER","items_purchased":["Apotheosis","Membership Card","Vengeance","Study","Sanctity","MentalFortress","EmptyFist+1","Bandage Up"],"campfire_rested":2,"item_purchase_floors":[14,21,21,30,30,39,39,39],"current_hp_per_floor":[65,65,64,64,64,26,26,15,15,15,14,14,3,3,24,20,59,54,54,51,51,51,51,43,43,43,43,26,26,26,21,42,13,57,45,45,45,18,18,18,15,0,0],"gold":251,"neow_bonus":"RANDOM_COMMON_RELIC","is_daily":false,"chose_seed":false,"campfire_upgraded":4,"win_rate":0.0,"timestamp":1607810212,"path_taken":["M","M","M","M","M","E","R","M","T","R","?","M","?","$","R","BOSS","M","?","M","$","?","R","E","?","T","R","E","M","$","?","R","BOSS","M","?","M","M","$","R","E","M"],"items_purchased_type":["Card","Relic","Card","Card","Card","Card","Card","Card"],"build_version":"2020-11-30","purchased_purges":4,"victory":false,"max_hp_per_floor":[72,72,72,72,72,72,72,72,72,72,72,72,72,72,72,72,72,72,72,72,72,72,72,72,72,72,72,72,72,72,72,72,72,72,72,72,72,72,72,72,72,72,72],"card_choices":[{"not_picked":["WheelKick","ClearTheMind"],"picked":"Evaluate","floor":1.0},{"not_picked":["EmptyBody","LikeWater"],"picked":"PathToVictory","floor":2.0},{"not_picked":["Prostrate","CutThroughFate"],"picked":"EmptyBody","floor":3.0},{"not_picked":["SashWhip","WreathOfFlame"],"picked":"EmptyMind","floor":4.0},{"not_picked":["ForeignInfluence","Vault"],"picked":"Meditate","floor":5.0},{"not_picked":["Establishment","ThirdEye"],"picked":"PathToVictory","floor":6.0},{"not_picked":["Protect","ThirdEye","CrushJoints"],"picked":"SKIP","floor":8.0},{"not_picked":["FlurryOfBlows","BowlingBash","Crescendo"],"picked":"SKIP","floor":11.0},{"not_picked":["EmptyBody","EmptyMind"],"picked":"Adaptation","floor":12.0},{"not_picked":["ConjureBlade","DeusExMachina"],"picked":"Wish","floor":16.0},{"not_picked":["Prostrate","Weave+1"],"picked":"LikeWater","floor":18.0},{"not_picked":["Perseverance","EmptyBody"],"picked":"PathToVictory+1","floor":20.0},{"not_picked":["Evaluate","SignatureMove+1"],"picked":"Perseverance","floor":24},{"not_picked":["Halt","Weave+1"],"picked":"Judgement","floor":28},{"not_picked":["Collect+1","PathToVictory","Evaluate"],"picked":"SKIP","floor":29},{"not_picked":["EmptyMind","Prostrate+1","FlyingSleeves+1"],"picked":"SKIP","floor":31},{"not_picked":["Judgement","Ragnarok+1"],"picked":"DevaForm","floor":33},{"not_picked":["Crescendo","Halt+1"],"picked":"Fasting2+1","floor":35},{"not_picked":["Evaluate+1","CrushJoints+1","Tantrum+1"],"picked":"SKIP","floor":36},{"not_picked":["SandsOfTime+1","CrushJoints+1","SashWhip+1"],"picked":"SKIP","floor":37},{"not_picked":["Adaptation","WheelKick+1"],"picked":"InnerPeace+1","floor":38},{"not_picked":["CrushJoints+1","Brilliance+1"],"picked":"Scrawl","floor":41}],"player_experience":977071,"relics_obtained":[{"floor":6.0,"key":"Art of War"},{"floor":9.0,"key":"Bag of Preparation"},{"floor":24,"key":"StrikeDummy"},{"floor":28,"key":"CeramicFish"},{"floor":41,"key":"Mercury Hourglass"}],"event_choices":[{"damage_healed":0.0,"max_hp_gain":0.0,"max_hp_loss":0.0,"gold_gain":75.0,"event_name":"World of Goop","player_choice":"Gather Gold","floor":13.0,"gold_loss":0.0,"damage_taken":11.0},{"damage_healed":0.0,"max_hp_gain":0.0,"max_hp_loss":0.0,"gold_gain":99.0,"event_name":"Nest","player_choice":"Stole From Cult","floor":19.0,"gold_loss":0.0,"damage_taken":0.0},{"damage_healed":0.0,"max_hp_gain":0.0,"max_hp_loss":0.0,"gold_gain":0.0,"event_name":"Addict","player_choice":"Obtained Relic","floor":22.0,"gold_loss":85.0,"damage_taken":0.0,"relics_obtained":["Molten Egg 2"]},{"damage_healed":0,"gold_gain":0,"player_choice":"Read","damage_taken":0,"max_hp_gain":0,"max_hp_loss":0,"event_name":"The Library","floor":25,"gold_loss":0,"cards_obtained":["Meditate"]}],"is_beta":false,"boss_relics":[{"not_picked":["Empty Cage","Velvet Choker"],"picked":"SlaversCollar"},{"not_picked":["Black Star","Busted Crown"],"picked":"Coffee Dripper"}],"items_purged_floors":[14,21,30,39],"is_endless":false,"potions_floor_spawned":[2,3,5,11,20,28,33,35,38,41],"killed_by":"Jaw Worm Horde","ascension_level":6}}