{"host":"yk98keyoflza93y0","time":1607815153,"event":{"mods":["AchievementEnabler","BaseMod","BetterRewards","Card Forge","Colored Map","DeckTracker","Minty Spire (QoL Compilation)","Shop Mod","StSLib","SuperFastMode"],"gold_per_floor":[118,118,133,133,58,91,159,159,159,159,190,190,190,115,115,208,208,232,232,248,248,271,271,271,127,154,175,206,206,249,272,272,366,366,379,398,398,413,479,513,537,572,572,572,572,17,17,58,58,58,58,58,58,58,94,94],"floor_reached":57,"playtime":1969,"items_purged":["Strike_P","Defend_P","Wireheading"],"score":4089,"play_id":"74648555-f143-4757-87dc-67d43740f019","local_time":"20201213081913","is_ascension_mode":true,"campfire_choices":[{"floor":8,"key":"REST"},{"data":"Vigilance","floor":10,"key":"SMITH"},{"data":"Adaptation","floor":12,"key":"SMITH"},{"floor":15,"key":"RECALL"},{"floor":23,"key":"REST"},{"floor":29,"key":"REST"},{"floor":32,"key":"REST"},{"floor":45,"key":"DIG"},{"floor":47,"key":"DIG"},{"floor":49,"key":"DIG"},{"floor":53,"key":"DIG"}],"circlet_count":0,"master_deck":["AscendersBane","Defend_P+1","Eruption+1","Vigilance+1","Wallop+1","Vault+1","Adaptation+1","Scrawl+1","MentalFortress+1","Adaptation+1","Tantrum+1","TalkToTheHand+1","Scrawl+1","FearNoEvil+1","Deep Breath+1"],"relics":["PureWater","Hammer of Thor","Seething Fire","Anvil of the Gods","TheAbacus","Anchor","Ice Cream","Lee\u0027s Waffle","Unceasing Top","Bag of Marbles","Orichalcum","Golden Idol","PreservedInsect","Art of War","Boot","War Paint","Fusion Hammer","MutagenicStrength","Akabeko","Potion Belt","Oddly Smooth Stone","VioletLotus","Shovel","Omamori","Blood Vial","Nunchaku","Bag of Preparation","InkBottle","Regal Pillow","Toxic Egg 2","Strawberry","Pantograph","Gremlin Horn"],"acts_visited":["Exordium","TheCity","TheBeyond","TheEnding"],"potions_floor_usage":[33,40,40,56],"damage_taken":[{"damage":0,"enemies":"Jaw Worm","floor":1,"turns":1},{"damage":0,"enemies":"Small Slimes","floor":3,"turns":4},{"damage":37,"enemies":"Lagavulin","floor":6,"turns":7},{"damage":0,"enemies":"Gremlin Nob","floor":7,"turns":3},{"damage":5,"enemies":"3 Sentries","floor":11,"turns":7},{"damage":0,"enemies":"The Guardian","floor":16,"turns":12},{"damage":0,"enemies":"2 Thieves","floor":18,"turns":3},{"damage":0,"enemies":"Spheric Guardian","floor":20,"turns":4},{"damage":0,"enemies":"Centurion and Healer","floor":22,"turns":6},{"damage":8,"enemies":"Snake Plant","floor":27,"turns":3},{"damage":0,"enemies":"Book of Stabbing","floor":28,"turns":3},{"damage":0,"enemies":"Gremlin Leader","floor":30,"turns":1},{"damage":0,"enemies":"Chosen and Byrds","floor":31,"turns":4},{"damage":0,"enemies":"Collector","floor":33,"turns":6},{"damage":0,"enemies":"3 Shapes","floor":35,"turns":3},{"damage":0,"enemies":"Orb Walker","floor":36,"turns":3},{"damage":0,"enemies":"Maw","floor":38,"turns":3},{"damage":0,"enemies":"2 Orb Walkers","floor":39,"turns":3},{"damage":42,"enemies":"Reptomancer","floor":40,"turns":3},{"damage":0,"enemies":"Jaw Worm Horde","floor":41,"turns":3},{"damage":0,"enemies":"Nemesis","floor":42,"turns":3},{"damage":0,"enemies":"Giant Head","floor":48,"turns":2},{"damage":0,"enemies":"Donu and Deca","floor":50,"turns":1},{"damage":0,"enemies":"Time Eater","floor":51,"turns":2},{"damage":0,"enemies":"Shield and Spear","floor":55,"turns":1},{"damage":39,"enemies":"The Heart","floor":56,"turns":8}],"seed_played":"8832156180427081161","potions_obtained":[{"floor":6,"key":"BottledMiracle"},{"floor":7,"key":"Fire Potion"},{"floor":30,"key":"LiquidMemories"},{"floor":33,"key":"SteroidPotion"},{"floor":39,"key":"ColorlessPotion"},{"floor":40,"key":"SkillPotion"},{"floor":42,"key":"Explosive Potion"}],"is_trial":false,"path_per_floor":["M","?","M","?","?","E","?","R","T","R","E","R","?","$","R","B",null,"M","?","M","?","M","R","?","$","T","M","E","R","E","M","R","B",null,"M","M","?","M","?","E","M","E","T","?","R","$","R","E","R","B","B",null,"R","$","E","B",null],"character_chosen":"WATCHER","items_purchased":["TheAbacus","Anchor","Lee\u0027s Waffle","Bag of Marbles","Orichalcum","Tantrum","Bag of Preparation","InkBottle"],"campfire_rested":4,"item_purchase_floors":[0,0,0,0,0,25,46,46],"current_hp_per_floor":[75,68,68,42,42,5,5,27,27,27,22,22,27,27,27,27,67,67,67,67,67,67,80,80,80,80,72,72,80,80,80,80,80,80,80,80,70,70,70,28,28,28,28,28,28,28,28,30,37,39,41,76,76,76,78,48],"gold":94,"neow_bonus":"","is_daily":false,"chose_seed":false,"campfire_upgraded":2,"win_rate":0.0,"timestamp":1607815153,"path_taken":["M","?","M","?","?","E","?","R","T","R","E","R","?","$","R","BOSS","M","?","M","?","M","R","?","$","T","?","E","R","E","M","R","BOSS","M","M","?","M","?","E","M","E","T","?","R","$","R","E","R","BOSS","BOSS","R","$","E","BOSS"],"items_purchased_type":["Relic","Relic","Relic","Relic","Relic","Card","Relic","Relic"],"build_version":"2020-11-30","purchased_purges":3,"victory":true,"max_hp_per_floor":[75,75,75,75,75,75,75,75,75,75,75,75,80,80,80,80,80,80,80,80,80,80,80,80,80,80,80,80,80,80,80,80,80,80,80,80,80,80,80,80,80,80,80,80,80,80,80,80,87,87,87,87,87,87,87,87],"card_choices":[{"not_picked":["Perseverance","Prostrate","Crescendo"],"picked":"SKIP","floor":1},{"not_picked":["BowlingBash","ForeignInfluence"],"picked":"Wallop","floor":3},{"not_picked":["Fasting2","ReachHeaven"],"picked":"Vault","floor":6},{"not_picked":["InnerPeace","CutThroughFate"],"picked":"Adaptation","floor":11},{"not_picked":["Establishment","Wish"],"picked":"Scrawl","floor":16},{"not_picked":["WheelKick","ThirdEye","SashWhip"],"picked":"SKIP","floor":18},{"not_picked":["Halt","FlyingSleeves+1","JustLucky"],"picked":"SKIP","floor":20},{"not_picked":["Crescendo","FlyingSleeves","BattleHymn"],"picked":"SKIP","floor":22},{"not_picked":["EmptyFist","Evaluate"],"picked":"TalkToTheHand","floor":27},{"not_picked":["Consecrate+1","Wish","Wireheading"],"picked":"SKIP","floor":28},{"not_picked":["FollowUp","CrushJoints","Consecrate"],"picked":"SKIP","floor":30},{"not_picked":["EmptyFist","Halt","BowlingBash"],"picked":"SKIP","floor":31},{"not_picked":["Omniscience","MasterReality"],"picked":"Scrawl","floor":33},{"not_picked":["ThirdEye","Meditate+1"],"picked":"FearNoEvil","floor":35},{"not_picked":["BowlingBash","Collect","Consecrate"],"picked":"SKIP","floor":36},{"not_picked":["PanicButton","Enlightenment"],"picked":"Deep Breath","floor":37},{"not_picked":["WaveOfTheHand+1","SashWhip","BowlingBash"],"picked":"SKIP","floor":38},{"not_picked":["PathToVictory+1","Prostrate+1","EmptyFist"],"picked":"SKIP","floor":40},{"not_picked":["FlurryOfBlows","LessonLearned","EmptyMind"],"picked":"SKIP","floor":41},{"not_picked":["Sanctity","PathToVictory","WindmillStrike"],"picked":"SKIP","floor":42},{"not_picked":["WheelKick","ReachHeaven+1","Prostrate+1"],"picked":"SKIP","floor":48},{"not_picked":["Protect+1","Pray+1","Swivel+1"],"picked":"SKIP","floor":55}],"player_experience":1458587,"relics_obtained":[{"floor":6,"key":"PreservedInsect"},{"floor":7,"key":"Art of War"},{"floor":9,"key":"Boot"},{"floor":11,"key":"War Paint"},{"floor":26,"key":"Akabeko"},{"floor":28,"key":"Potion Belt"},{"floor":30,"key":"Oddly Smooth Stone"},{"floor":39,"key":"Shovel"},{"floor":40,"key":"Omamori"},{"floor":42,"key":"Blood Vial"},{"floor":45,"key":"Nunchaku"},{"floor":47,"key":"Regal Pillow"},{"floor":48,"key":"Toxic Egg 2"},{"floor":49,"key":"Strawberry"},{"floor":53,"key":"Pantograph"},{"floor":55,"key":"Gremlin Horn"}],"event_choices":[{"cards_removed":["Strike_P"],"damage_healed":0,"gold_gain":0,"player_choice":"Card Removal","damage_taken":7,"max_hp_gain":0,"max_hp_loss":0,"event_name":"Golden Wing","floor":2,"gold_loss":0},{"damage_healed":0,"gold_gain":0,"player_choice":"Take Damage","damage_taken":26,"relics_obtained":["Golden Idol"],"max_hp_gain":0,"max_hp_loss":0,"event_name":"Golden Idol","floor":4,"gold_loss":0},{"cards_removed":["Defend_P"],"damage_healed":0,"gold_gain":0,"player_choice":"Card Removal","damage_taken":0,"max_hp_gain":0,"max_hp_loss":0,"event_name":"The Cleric","floor":5,"gold_loss":75},{"damage_healed":0,"gold_gain":30,"player_choice":"Searched \u00272\u0027 times","damage_taken":0,"max_hp_gain":0,"max_hp_loss":0,"event_name":"Dead Adventurer","floor":7,"gold_loss":0},{"damage_healed":0,"gold_gain":0,"player_choice":"Donut","damage_taken":0,"max_hp_gain":5,"max_hp_loss":0,"event_name":"Big Fish","floor":13,"gold_loss":0},{"damage_healed":0,"gold_gain":0,"player_choice":"Inject Mutagens","damage_taken":0,"relics_obtained":["MutagenicStrength"],"max_hp_gain":0,"max_hp_loss":0,"event_name":"Drug Dealer","floor":19,"gold_loss":0},{"damage_healed":0,"gold_gain":0,"player_choice":"Read","damage_taken":0,"max_hp_gain":0,"max_hp_loss":0,"event_name":"The Library","floor":21,"gold_loss":0,"cards_obtained":["MentalFortress"]},{"damage_healed":0,"gold_gain":0,"player_choice":"Copied","damage_taken":0,"max_hp_gain":0,"max_hp_loss":0,"event_name":"Duplicator","floor":24,"gold_loss":0,"cards_obtained":["Adaptation"]},{"damage_healed":0,"gold_gain":0,"player_choice":"Memory 3","damage_taken":10,"max_hp_gain":0,"max_hp_loss":0,"event_name":"SensoryStone","floor":37,"gold_loss":0},{"damage_healed":0,"gold_gain":0,"player_choice":"Fight","damage_taken":0,"max_hp_gain":0,"max_hp_loss":0,"event_name":"Mysterious Sphere","floor":39,"gold_loss":0},{"damage_healed":0,"gold_gain":0,"cards_transformed":["Defend_P"],"player_choice":"Transformed","damage_taken":0,"max_hp_gain":0,"max_hp_loss":0,"event_name":"Transmorgrifier","floor":44,"gold_loss":0,"cards_obtained":["Wireheading"]}],"is_beta":false,"boss_relics":[{"not_picked":["Empty Cage","Astrolabe"],"picked":"Fusion Hammer"},{"not_picked":["HolyWater","Black Star"],"picked":"VioletLotus"}],"items_purged_floors":[14,25,46],"is_endless":false,"potions_floor_spawned":[6,7,18,22,30,33,39,40,42,48,55],"ascension_level":20}}