{"host":"3rixevx6n8b56xaj","time":1607752925,"event":{"mods":["2.2 Compatiblity","AchievementEnabler","BaseMod","Better Third Choice","Colored Map","DeckTracker","Friendly Minions","Minty Spire (QoL Compilation)","StSLib","SuperFastMode"],"gold_per_floor":[111,10,23,23,23,52,52,65,65,78,97,126,126,136,136,232,232,245,259,274,274,274,274,301,301,354,354,369,729,761,775,775,879,879,898,913,927,927,946,956,981,492,492,442,512,531,541,553,553,553,553,553,48,81,81],"floor_reached":56,"playtime":2201,"items_purged":["Strike_B","Strike_B","Defend_B","All For One"],"score":1258,"play_id":"5a78340f-17ca-452a-9675-e26d89c00551","local_time":"20201212150205","is_ascension_mode":false,"campfire_choices":[{"data":"Chaos","floor":7.0,"key":"SMITH"},{"data":"Dualcast","floor":13.0,"key":"SMITH"},{"data":"Zap","floor":15.0,"key":"SMITH"},{"data":"Self Repair","floor":23.0,"key":"SMITH"},{"data":"Recycle","floor":32,"key":"SMITH"},{"floor":49,"key":"RECALL"},{"data":"Capacitor","floor":52,"key":"SMITH"}],"circlet_count":0,"master_deck":["Strike_B","Defend_B+1","Zap+1","Dualcast+1","Conserve Battery+1","Compile Driver","Chaos+1","Sweeping Beam","FTL","Ball Lightning","Electrodynamics","Recycle+1","Glacier","Self Repair+1","Coolheaded","Buffer","Meteor Strike","Echo Form","Barrage+1","Go for the Eyes+1","Steam+1","Chaos+1","Lockon+1","Coolheaded+1","Core Surge","Force Field+1","Double Energy+1","Reinforced Body+1","Undo","BootSequence","Capacitor+1","Creative AI","Panache","Heatsinks+1"],"relics":["FrozenCore","NeowsBlessing","Mummified Hand","Oddly Smooth Stone","Vajra","Coffee Dripper","Ancient Tea Set","Matryoshka","War Paint","Omamori","Centennial Puzzle","Meat on the Bone","Shuriken","Orrery","Smiling Mask","White Beast Statue","Membership Card","Happy Flower","Pocketwatch"],"acts_visited":["Exordium","TheCity","TheBeyond","TheEnding"],"potions_floor_usage":[31,33,33,33,33,41,50,50,55,55,55],"damage_taken":[{"damage":0.0,"enemies":"Cultist","floor":1.0,"turns":1.0},{"damage":0.0,"enemies":"Small Slimes","floor":3.0,"turns":1.0},{"damage":0.0,"enemies":"Gremlin Nob","floor":6.0,"turns":1.0},{"damage":9.0,"enemies":"Jaw Worm","floor":8.0,"turns":3.0},{"damage":5.0,"enemies":"Gremlin Gang","floor":10.0,"turns":5.0},{"damage":8.0,"enemies":"Blue Slaver","floor":11.0,"turns":3.0},{"damage":4.0,"enemies":"3 Sentries","floor":12.0,"turns":4.0},{"damage":0.0,"enemies":"Exordium Wildlife","floor":14.0,"turns":1.0},{"damage":28.0,"enemies":"The Guardian","floor":16.0,"turns":9.0},{"damage":2.0,"enemies":"Shell Parasite","floor":18.0,"turns":3.0},{"damage":0.0,"enemies":"Chosen","floor":19.0,"turns":3.0},{"damage":19.0,"enemies":"Shelled Parasite and Fungi","floor":20.0,"turns":4.0},{"damage":9.0,"enemies":"Book of Stabbing","floor":24.0,"turns":5.0},{"damage":0,"enemies":"Cultist and Chosen","floor":28,"turns":4},{"damage":4,"enemies":"Gremlin Leader","floor":30,"turns":4},{"damage":15,"enemies":"Snake Plant","floor":31,"turns":4},{"damage":23,"enemies":"Champ","floor":33,"turns":9},{"damage":20,"enemies":"3 Darklings","floor":35,"turns":4},{"damage":0,"enemies":"Orb Walker","floor":36,"turns":4},{"damage":0,"enemies":"Sphere and 2 Shapes","floor":37,"turns":3},{"damage":2,"enemies":"Writhing Mass","floor":39,"turns":6},{"damage":0,"enemies":"Maw","floor":40,"turns":7},{"damage":13,"enemies":"Giant Head","floor":41,"turns":7},{"damage":5,"enemies":"Sphere and 2 Shapes","floor":46,"turns":5},{"damage":5,"enemies":"Writhing Mass","floor":47,"turns":4},{"damage":0,"enemies":"Jaw Worm Horde","floor":48,"turns":4},{"damage":32,"enemies":"Awakened One","floor":50,"turns":12},{"damage":31,"enemies":"Shield and Spear","floor":54,"turns":6},{"damage":45,"enemies":"The Heart","floor":55,"turns":9}],"seed_played":"-5865511224537462620","potions_obtained":[{"floor":1.0,"key":"ColorlessPotion"},{"floor":11.0,"key":"SteroidPotion"},{"floor":12.0,"key":"Dexterity Potion"},{"floor":16.0,"key":"Fire Potion"},{"floor":18.0,"key":"Swift Potion"},{"floor":19.0,"key":"LiquidMemories"},{"floor":30,"key":"Strength Potion"},{"floor":31,"key":"SkillPotion"},{"floor":36,"key":"Swift Potion"},{"floor":46,"key":"Explosive Potion"},{"floor":47,"key":"CultistPotion"},{"floor":54,"key":"PowerPotion"}],"is_trial":false,"path_per_floor":["M","$","M","?","?","E","R","M","T","M","M","E","R","M","R","B",null,"M","M","M","?","?","R","E","?","T","?","M","?","E","M","R","B",null,"M","M","M","?","M","M","E","$","T","$","T","M","M","M","R","B",null,"R","$","E","B",null],"character_chosen":"DEFECT","items_purchased":["Compile Driver","Shuriken","Orrery","Membership Card","Creative AI","Happy Flower","Ancient Potion","BlessingOfTheForge","Panache"],"campfire_rested":0,"item_purchase_floors":[2,42,42,53,53,53,53,53,53],"current_hp_per_floor":[75,75,75,68,73,73,73,64,64,59,51,47,47,47,47,19,80,78,78,59,59,59,59,60,60,60,60,70,28,34,29,29,16,80,70,80,80,80,78,80,77,77,77,77,77,80,80,80,80,58,80,80,80,59,26],"gold":81,"neow_bonus":"THREE_ENEMY_KILL","is_daily":false,"chose_seed":false,"campfire_upgraded":6,"win_rate":0.0,"timestamp":1607752925,"path_taken":["M","$","M","?","?","E","R","?","T","M","?","E","R","M","R","BOSS","M","M","M","?","?","R","E","?","T","?","M","?","E","?","R","BOSS","M","M","M","?","M","M","E","$","T","$","?","?","M","M","R","BOSS","R","$","E","BOSS"],"items_purchased_type":["Card","Relic","Relic","Relic","Card","Relic","Potion","Potion","Card"],"build_version":"2020-11-30","purchased_purges":4,"victory":true,"max_hp_per_floor":[75,75,75,75,80,80,80,80,80,80,80,80,80,80,80,80,80,80,80,80,80,80,80,80,80,80,80,80,80,80,80,80,80,80,80,80,80,80,80,80,80,80,80,80,80,80,80,80,80,80,80,80,80,80,80],"card_choices":[{"not_picked":["White Noise","Go for the Eyes"],"picked":"Conserve Battery","floor":1.0},{"not_picked":["Turbo","Cold Snap"],"picked":"Chaos","floor":3.0},{"not_picked":["Rainbow","Skim"],"picked":"Sweeping Beam","floor":6.0},{"not_picked":["Stack","Go for the Eyes","Steam Power"],"picked":"SKIP","floor":8.0},{"not_picked":["Compile Driver","Rebound"],"picked":"FTL","floor":10.0},{"not_picked":["Steam","Skim"],"picked":"Ball Lightning","floor":11.0},{"not_picked":["Skim","Turbo","Redo"],"picked":"SKIP","floor":12.0},{"not_picked":["Skim","Turbo","Redo"],"picked":"SKIP","floor":12.0},{"not_picked":["Beam Cell","Blizzard","Redo"],"picked":"SKIP","floor":14.0},{"not_picked":["Core Surge","Thunder Strike"],"picked":"Electrodynamics","floor":16.0},{"not_picked":["Conserve Battery","Gash"],"picked":"Recycle","floor":18.0},{"not_picked":["Ball Lightning+1","Conserve Battery+1"],"picked":"Glacier","floor":19.0},{"not_picked":["Melter","Hologram","Doom and Gloom+1"],"picked":"SKIP","floor":20.0},{"not_picked":["Melter+1","BootSequence"],"picked":"Coolheaded","floor":24},{"not_picked":["FTL","Scrape"],"picked":"Meteor Strike","floor":28},{"not_picked":["Redo","Compile Driver","Stack"],"picked":"SKIP","floor":30},{"not_picked":["Sweeping Beam","Compile Driver","Cold Snap"],"picked":"SKIP","floor":31},{"not_picked":["Electrodynamics","Reboot"],"picked":"Echo Form","floor":33},{"not_picked":["Leap+1","Steam"],"picked":"Barrage+1","floor":35},{"not_picked":["Force Field","Gash"],"picked":"Go for the Eyes+1","floor":36},{"not_picked":["Hologram","Recycle"],"picked":"Steam+1","floor":37},{"not_picked":["Turbo","Darkness+1"],"picked":"Lockon+1","floor":39},{"not_picked":["Rip and Tear","Hologram"],"picked":"Coolheaded+1","floor":40},{"not_picked":["Sweeping Beam","Coolheaded","Barrage+1"],"picked":"SKIP","floor":41},{"not_picked":["Self Repair+1","Hologram+1"],"picked":"Core Surge","floor":42},{"not_picked":["Sweeping Beam+1","Go for the Eyes+1"],"picked":"Force Field+1","floor":42},{"not_picked":["Leap+1","Barrage"],"picked":"Double Energy+1","floor":42},{"not_picked":["Steam","Coolheaded+1"],"picked":"Reinforced Body+1","floor":42},{"not_picked":["Ball Lightning+1","Redo"],"picked":"Undo","floor":42},{"not_picked":["Melter+1","Compile Driver+1","Go for the Eyes"],"picked":"SKIP","floor":46},{"not_picked":["Conserve Battery","Gash+1"],"picked":"BootSequence","floor":47},{"not_picked":["Rip and Tear+1","Conserve Battery"],"picked":"Capacitor","floor":48},{"not_picked":["Conserve Battery","Rip and Tear+1"],"picked":"Heatsinks+1","floor":54}],"player_experience":503876,"relics_obtained":[{"floor":6.0,"key":"Mummified Hand"},{"floor":9.0,"key":"Oddly Smooth Stone"},{"floor":12.0,"key":"Vajra"},{"floor":24,"key":"Matryoshka"},{"floor":26,"key":"War Paint"},{"floor":26,"key":"Omamori"},{"floor":30,"key":"Centennial Puzzle"},{"floor":41,"key":"Meat on the Bone"},{"floor":43,"key":"Smiling Mask"},{"floor":45,"key":"White Beast Statue"},{"floor":54,"key":"Pocketwatch"}],"event_choices":[{"cards_removed":["Defend_B"],"damage_healed":0.0,"max_hp_gain":0.0,"max_hp_loss":0.0,"gold_gain":0.0,"event_name":"Golden Wing","player_choice":"Card Removal","floor":4.0,"gold_loss":0.0,"damage_taken":7.0},{"damage_healed":0.0,"max_hp_gain":5.0,"max_hp_loss":0.0,"gold_gain":0.0,"event_name":"Big Fish","player_choice":"Donut","floor":5.0,"gold_loss":0.0,"damage_taken":0.0},{"damage_healed":0.0,"max_hp_gain":0.0,"max_hp_loss":0.0,"gold_gain":0.0,"event_name":"The Library","player_choice":"Read","floor":21.0,"gold_loss":0.0,"damage_taken":0.0,"cards_obtained":["Self Repair"]},{"damage_healed":0.0,"max_hp_gain":0.0,"max_hp_loss":0.0,"gold_gain":0.0,"event_name":"The Mausoleum","player_choice":"Opened","floor":22.0,"gold_loss":0.0,"damage_taken":0.0,"relics_obtained":["Ancient Tea Set"]},{"damage_healed":0,"gold_gain":0,"cards_transformed":["Strike_B","Defend_B"],"player_choice":"Became Test Subject","damage_taken":0,"max_hp_gain":0,"max_hp_loss":0,"event_name":"Drug Dealer","floor":25,"gold_loss":0,"cards_obtained":["Buffer","All For One"]},{"damage_healed":0,"gold_gain":0,"player_choice":"Adaptability","damage_taken":0,"max_hp_gain":0,"max_hp_loss":0,"event_name":"betterThird:BetterWriting","floor":27,"gold_loss":0},{"damage_healed":0,"gold_gain":360,"player_choice":"GOLD GOLD POTION GOLD GOLD ","damage_taken":42,"max_hp_gain":0,"max_hp_loss":0,"event_name":"Knowing Skull","floor":29,"potions_obtained":["EntropicBrew"],"gold_loss":0,"cards_obtained":[]},{"damage_healed":0,"gold_gain":0,"player_choice":"Copied","damage_taken":0,"max_hp_gain":0,"max_hp_loss":0,"event_name":"Duplicator","floor":38,"gold_loss":0,"cards_obtained":["Chaos"]}],"is_beta":false,"boss_relics":[{"not_picked":["SacredBark","Busted Crown"],"picked":"Coffee Dripper"},{"not_picked":["Cursed Key","Fusion Hammer"],"picked":"FrozenCore"}],"items_purged_floors":[2,42,44,53],"is_endless":false,"potions_floor_spawned":[1,11,12,16,18,19,30,31,36,37,39,40,46,47,48,54],"ascension_level":0}}