{"host":"8z9pdspl1iu3cd7i","time":1607771591,"event":{"mods":["BaseMod","Colored Powertips","Highlight Path","Minty Spire (QoL Compilation)","StSLib"],"gold_per_floor":[110,122,122,45,45,100,100,142,196,245,280,330,330,405,405,405,405],"floor_reached":16,"playtime":576,"items_purged":[],"score":189,"play_id":"2d09b4c9-c449-42b2-910a-241c3b915d05","local_time":"20201212191311","is_ascension_mode":true,"campfire_choices":[{"data":"Wish","floor":7.0,"key":"SMITH"},{"data":"Vigilance","floor":13.0,"key":"SMITH"},{"data":"Wish","floor":15.0,"key":"SMITH"}],"circlet_count":0,"master_deck":["Strike_P","Strike_P","Strike_P","Strike_P","Defend_P","Defend_P","Defend_P","Defend_P","Eruption+1","Vigilance+1","Wish+1","EmptyMind","Wish+1"],"relics":["PureWater","NeowsBlessing","Nunchaku","Damaru"],"acts_visited":["Exordium"],"potions_floor_usage":[16],"damage_taken":[{"damage":0.0,"enemies":"Cultist","floor":1.0,"turns":1.0},{"damage":0.0,"enemies":"Small Slimes","floor":2.0,"turns":1.0},{"damage":10.0,"enemies":"3 Sentries","floor":6.0,"turns":4.0},{"damage":0.0,"enemies":"2 Louse","floor":8.0,"turns":4.0},{"damage":0.0,"enemies":"Large Slime","floor":10.0,"turns":3.0},{"damage":0.0,"enemies":"Lagavulin","floor":11.0,"turns":7.0},{"damage":13.0,"enemies":"2 Fungi Beasts","floor":12.0,"turns":6.0},{"damage":34,"enemies":"Hexaghost","floor":16,"turns":16}],"seed_played":"4656377532831924152","potions_obtained":[{"floor":6.0,"key":"ColorlessPotion"},{"floor":10.0,"key":"LiquidBronze"},{"floor":11.0,"key":"PowerPotion"},{"floor":12.0,"key":"FearPotion"}],"is_trial":false,"path_per_floor":["M","M","?","$","?","E","R","M","T","M","E","M","R","?","R","B"],"character_chosen":"WATCHER","items_purchased":["EmptyMind"],"campfire_rested":0,"item_purchase_floors":[4],"current_hp_per_floor":[65,65,65,65,70,60,60,60,60,60,60,47,47,36,36,2,2],"gold":405,"neow_bonus":"THREE_ENEMY_KILL","is_daily":false,"chose_seed":false,"campfire_upgraded":3,"win_rate":0.0,"timestamp":1607771591,"path_taken":["M","?","?","$","?","E","R","M","T","M","E","M","R","?","R","BOSS"],"items_purchased_type":["Card"],"build_version":"2020-11-30","purchased_purges":0,"victory":false,"max_hp_per_floor":[72,72,72,72,77,77,77,77,77,77,77,77,77,77,77,77,77],"card_choices":[{"not_picked":["Prostrate","Adaptation","ThirdEye"],"picked":"SKIP","floor":1.0},{"not_picked":["FlurryOfBlows","ThirdEye"],"picked":"Wish","floor":2.0},{"not_picked":["BowlingBash","Evaluate","Tantrum"],"picked":"SKIP","floor":6.0},{"not_picked":["LikeWater","PathToVictory","Worship"],"picked":"SKIP","floor":8.0},{"not_picked":["Crescendo","JustLucky"],"picked":"Wish","floor":10.0},{"not_picked":["Worship","Weave","FollowUp"],"picked":"SKIP","floor":11.0},{"not_picked":["Pray","Collect","CutThroughFate"],"picked":"SKIP","floor":12.0}],"player_experience":82516,"relics_obtained":[{"floor":6.0,"key":"Nunchaku"},{"floor":11.0,"key":"Damaru"}],"event_choices":[{"damage_healed":0.0,"max_hp_gain":0.0,"max_hp_loss":0.0,"gold_gain":0.0,"event_name":"Living Wall","player_choice":"Grow","floor":3.0,"gold_loss":0.0,"damage_taken":0.0,"cards_upgraded":["Eruption"]},{"damage_healed":0.0,"max_hp_gain":5.0,"max_hp_loss":0.0,"gold_gain":0.0,"event_name":"Big Fish","player_choice":"Donut","floor":5.0,"gold_loss":0.0,"damage_taken":0.0},{"damage_healed":0.0,"max_hp_gain":0.0,"max_hp_loss":0.0,"gold_gain":75.0,"event_name":"World of Goop","player_choice":"Gather Gold","floor":14.0,"gold_loss":0.0,"damage_taken":11.0}],"is_beta":false,"boss_relics":[],"items_purged_floors":[],"is_endless":false,"potions_floor_spawned":[6,10,11,12],"killed_by":"Hexaghost","ascension_level":8}}