{"host":"gt2xw11t93hs94eb","time":1607810662,"event":{"mods":["Act Like it!","Aspiration","BaseMod","Colored Powertips","Conspire","Downfall","Luminous","Minty Spire (QoL Compilation)","Pale of the Ancients","Relic Stats","Replay The Spire","Shop Mod","Spicy Shops","StSLib"],"gold_per_floor":[99,99,99,99,109,137,170,170],"floor_reached":7,"playtime":306,"items_purged":[],"score":289,"play_id":"804fe9b8-8aa7-4546-8de7-1c6126a43d1c","local_time":"20201212230422","daily_mods":["Draft","Specialized","Vintage","Allstar","Red Cards","Green Cards","Blue Cards","Colorless Cards","Heirloom","Flight","downfall:Lament"],"is_ascension_mode":true,"campfire_choices":[],"circlet_count":0,"master_deck":["AscendersBane","expansioncontent:LastStand","expansioncontent:LastStand","expansioncontent:LastStand","expansioncontent:LastStand","expansioncontent:LastStand","conspire:Charge","Hologram","Cleave","Luminous:Flash_Blink_Luminous","Sucker Punch","Conserve Battery","expansioncontent:Chronoboost","Pommel Strike","Luminous:Dark_Morning_Star","Luminous:Blinding_Pillar_Luminous","Twin Strike","Sunder","Flex","Doom and Gloom","Ghostly Armor","Sever Soul","Sever Soul","Sever Soul","Sever Soul","Sever Soul","Go for the Eyes","Luminous:Dark_Raid","Thunderclap","FTL","Thunderclap","Dagger Spray","expansioncontent:CaCaw","Turbo","Luminous:Light_Gather","Luminous:Light_Reflection","Replay:Poison Smokescreen","Luminous:Light_Disperse","Cleave","Hemokinesis","Coolheaded","Delirium","Burning Pact","Ball Lightning"],"relics":["Luminous:MirrorRelic","NeowsBlessing","Gambling Chip","Du-Vu Doll","PrismaticShard","Blue Candle"],"acts_visited":["Exordium"],"potions_floor_usage":[],"damage_taken":[{"damage":0,"enemies":"Jaw Worm","floor":5,"turns":1},{"damage":0,"enemies":"Replay:BlueRogue","floor":6,"turns":1},{"damage":0,"enemies":"Gremlin Nob","floor":7,"turns":1}],"seed_played":"5317283198915140825","potions_obtained":[{"floor":5,"key":"Explosive Potion"},{"floor":7,"key":"PowerPotion"}],"is_trial":true,"path_per_floor":["WH","?","WH","?","M","E","E"],"character_chosen":"LuminousClass","items_purchased":[],"campfire_rested":0,"item_purchase_floors":[],"current_hp_per_floor":[68,68,68,68,68,68,68,68],"gold":170,"neow_bonus":"","is_daily":false,"chose_seed":false,"campfire_upgraded":0,"win_rate":0.0,"timestamp":1607810662,"path_taken":["WH","?","WH","?","M","E","E"],"items_purchased_type":[],"build_version":"2020-11-30","purchased_purges":0,"victory":false,"max_hp_per_floor":[75,75,75,75,75,75,75,75],"relic_stats":{"counters":[3,3],"Gambling Chip":[2],"Blue Candle":[0],"obtain_stats":[{"Du-Vu Doll":1,"NeowsBlessing":0,"Gambling Chip":0,"Blue Candle":5,"Luminous:MirrorRelic":0,"PrismaticShard":2},{"Du-Vu Doll":0,"NeowsBlessing":0,"Gambling Chip":0,"Blue Candle":1,"Luminous:MirrorRelic":0,"PrismaticShard":0},{"Du-Vu Doll":0,"NeowsBlessing":0,"Gambling Chip":0,"Blue Candle":1,"Luminous:MirrorRelic":0,"PrismaticShard":0}]},"card_choices":[{"not_picked":["ReplayTheSpireMod:Dual Polarity","Scrape"],"picked":"conspire:Charge","floor":0},{"not_picked":["Leg Sweep","Abandon"],"picked":"Hologram","floor":0},{"not_picked":["Luminous:Concentrate_Luminous","PiercingWail"],"picked":"Cleave","floor":0},{"not_picked":["Luminous:Light_Glare","Beam Cell"],"picked":"Luminous:Flash_Blink_Luminous","floor":0},{"not_picked":["ReplayTheSpireMod:Speed Training","Barrage"],"picked":"Sucker Punch","floor":0},{"not_picked":["Compile Driver","Streamline"],"picked":"Conserve Battery","floor":0},{"not_picked":["Dagger Throw","Chaos"],"picked":"expansioncontent:Chronoboost","floor":0},{"not_picked":["Noxious Fumes","Barrage"],"picked":"Pommel Strike","floor":0},{"not_picked":["expansioncontent:TimeRipple","Luminous:Dark_Pressure_Void"],"picked":"Luminous:Dark_Morning_Star","floor":0},{"not_picked":["Ball Lightning","Bouncing Flask"],"picked":"Luminous:Blinding_Pillar_Luminous","floor":0},{"not_picked":["Sentinel","Ball Lightning"],"picked":"Twin Strike","floor":0},{"not_picked":["Anger","Underhanded Strike"],"picked":"Sunder","floor":0},{"not_picked":["Luminous:Accumulation_Luminous","Entrench"],"picked":"Flex","floor":0},{"not_picked":["Bane","Heavy Blade"],"picked":"Doom and Gloom","floor":0},{"not_picked":["Luminous:Light_Sylvan_Lance","Streamline"],"picked":"Ghostly Armor","floor":0},{"not_picked":["Redo","ReplayTheSpireMod:Speed Training"],"picked":"Go for the Eyes","floor":1},{"not_picked":["Go for the Eyes","Underhanded Strike"],"picked":"Luminous:Dark_Raid","floor":1},{"not_picked":["Sweeping Beam","Luminous:Light_Wash_Luminous"],"picked":"Thunderclap","floor":1},{"not_picked":["Dark Shackles","Leap"],"picked":"FTL","floor":1},{"not_picked":["Quick Slash","Time Bomb"],"picked":"Thunderclap","floor":1},{"not_picked":["expansioncontent:Sear","Ball Lightning"],"picked":"Dagger Spray","floor":1},{"not_picked":["Backflip","Perfected Strike"],"picked":"expansioncontent:CaCaw","floor":1},{"not_picked":["Iron Wave","Streamline"],"picked":"Turbo","floor":1},{"not_picked":["Sneak Up","expansioncontent:AwakenDeath"],"picked":"Luminous:Light_Gather","floor":1},{"not_picked":["Tempest","Leap"],"picked":"Luminous:Light_Reflection","floor":1},{"not_picked":["Anger","Gash"],"picked":"Replay:Poison Smokescreen","floor":1},{"not_picked":["Blade Dance","Rip and Tear"],"picked":"Luminous:Light_Disperse","floor":1},{"not_picked":["expansioncontent:DecasProtection","Hologram"],"picked":"Cleave","floor":1},{"not_picked":["Havoc","Stack"],"picked":"Hemokinesis","floor":1},{"not_picked":["expansioncontent:FaceSlap","Impatience"],"picked":"Coolheaded","floor":1},{"not_picked":["Dodge and Roll","Slimebound:SplitBruiser"],"picked":"Burning Pact","floor":6},{"not_picked":["Reflex","ClearTheMind"],"picked":"Ball Lightning","floor":7}],"player_experience":273453,"relics_obtained":[{"floor":5,"key":"Blue Candle"}],"event_choices":[{"damage_healed":0,"gold_gain":0,"player_choice":"Agree","damage_taken":0,"max_hp_gain":0,"max_hp_loss":0,"event_name":"conspire:LoneGhost","floor":4,"gold_loss":0}],"is_beta":false,"boss_relics":[],"items_purged_floors":[],"is_endless":true,"potions_floor_spawned":[5,7],"killed_by":"Gremlin Nob","ascension_level":20}}