{"host":"ftc0tgnuzn0d2s6e","time":1607786991,"event":{"mods":["Act Like it!","Ascension Reborn","BaseMod","CapriCore","Colored Powertips","Conspire","Downfall","Gensokyo","GifTheSpireLib","KinomotoSakuraMod(ƒæ÷Æ±æ”£)","Lobotomy","LobotomyExtend","Marisa£®ÏF”Í°°ƒß¿Ì…≥£©","Minty Spire (QoL Compilation)","Quick Restart","Reimu£®≤©¿ˆ¡È√Œ£©","Replay The Spire","Shop Mod","StSLib","TestMod","The Administrix","The Animator","The Immortal","The Jungle","The Servant 0.9.4","vexMod"],"gold_per_floor":[122,144,160,160,160,201,219,219,315,33,49,66,86,105,105,220,220,242,242,261,280,300,300,300],"floor_reached":23,"playtime":895,"items_purged":["Apo_Charge"],"score":324,"play_id":"9e5d9759-8d22-4776-92cb-848135a9079e","local_time":"20201212232951","is_ascension_mode":true,"campfire_choices":[{"data":"Berserk","floor":15,"key":"SMITH"}],"circlet_count":0,"master_deck":["Apo_Pray","Apo_SoulSlash","Apo_Charge","Apo_Charge","Apo_Charge","Apo_Beam","Apo_Beam","Apo_Beam","Apo_Execute","Apo_Slash","Apo_Slash","Apo_SoulSlash","PunishingBird","OSAHOGD","ReplayTheSpireMod:LeadingStrike+1","Power Through+1","Dark Embrace","Dark Embrace+1","DespairKnight","Rudolta","Berserk+1","Offering","QueenOfHatred","Seeing Red+1"],"relics":["Burning Blood","testmod-TestBox","testmod-Prudence","CogitoBucket","RabbitCall","LetterFromLob","ApostleMask","vexMod:PlasmaPancake","HellTrain","InkBottle","Replay:Bottled Flurry","Whetstone","MerchantsRug","testmod-Nyarlathotep","Mark of Pain","Replay:Ringing Soul","MagicBullet_r"],"acts_visited":["Exordium","Gensokyo:Gensokyo"],"potions_floor_usage":[],"damage_taken":[{"damage":0,"enemies":"Gensokyo:3_Fairies","floor":1,"turns":2},{"damage":0,"enemies":"Gensokyo:Python","floor":2,"turns":1},{"damage":0,"enemies":"Gensokyo:Gryphon","floor":3,"turns":1},{"damage":0,"enemies":"Gensokyo:Mamizou","floor":6,"turns":2},{"damage":7,"enemies":"Gensokyo:2_Rabbits","floor":7,"turns":2},{"damage":0,"enemies":"Gensokyo:Python_and_Kodama","floor":11,"turns":1},{"damage":0,"enemies":"Gensokyo:3_Kodama","floor":12,"turns":1},{"damage":53,"enemies":"Gensokyo:5_Fairies","floor":13,"turns":5},{"damage":0,"enemies":"Gensokyo:VengefulSpirit","floor":14,"turns":1},{"damage":0,"enemies":"Gensokyo:Yukari","floor":16,"turns":2},{"damage":34,"enemies":"Gensokyo:CosmicMonolith","floor":18,"turns":3},{"damage":6,"enemies":"Gensokyo:3_Dogs","floor":20,"turns":2},{"damage":0,"enemies":"Gensokyo:3_Gloops","floor":21,"turns":2},{"damage":0,"enemies":"Gensokyo:Monolith_and_Dog","floor":22,"turns":1}],"seed_played":"7328646391652238758","potions_obtained":[{"floor":1,"key":"PowerPotion"},{"floor":1,"key":"SmokeBomb"},{"floor":2,"key":"hexamod:EctoCoolerPotion"}],"is_trial":false,"path_per_floor":["M","M","M","?","M","E","M","?","T","$","M","M","M","M","R","B",null,"M","?","M","M","M","E"],"character_chosen":"IRONCLAD","items_purchased":["Whetstone","Dark Embrace","MerchantsRug"],"campfire_rested":0,"item_purchase_floors":[10,10,10],"current_hp_per_floor":[85,85,85,85,85,85,78,78,78,78,78,78,91,91,91,91,91,57,57,51,51,51,0,0],"gold":300,"neow_bonus":"","is_daily":false,"chose_seed":false,"campfire_upgraded":1,"win_rate":0.0,"timestamp":1607786991,"path_taken":["M","M","M","?","M","E","M","?","T","$","M","M","M","M","R","BOSS","M","?","M","M","M","E"],"items_purchased_type":["Relic","Card","Relic"],"build_version":"2020-11-30","purchased_purges":1,"victory":false,"max_hp_per_floor":[85,85,85,85,85,91,91,91,91,91,91,91,91,91,91,96,96,96,96,96,96,96,96,96],"card_choices":[{"not_picked":["WallGazer","PunishingBird"],"picked":"Scorched","floor":1},{"not_picked":["Shrug It Off","Intimidate","Replay:Undeath\u0027s Touch"],"picked":"SKIP","floor":1},{"not_picked":["BigBadWolf","Funeral","SpiderBud"],"picked":"Singing Bowl","floor":2},{"not_picked":["Heavy Blade","Replay:Undeath\u0027s Touch","Run Through"],"picked":"SKIP","floor":2},{"not_picked":["UniverseFragment","ShyLook"],"picked":"WhiteNight","floor":3},{"not_picked":["Heavy Blade","Dropkick","True Grit"],"picked":"SKIP","floor":3},{"not_picked":["BeautyBeast","ShyLook","HeroicMonk"],"picked":"Singing Bowl","floor":6},{"not_picked":["LittlePrince","RedShoes"],"picked":"PunishingBird","floor":6},{"not_picked":["Flame Barrier","Eclipse","ReplayTheSpireMod:LeadingStrike"],"picked":"SKIP","floor":6},{"not_picked":["CherryBlossoms","ShyLook"],"picked":"OSAHOGD","floor":7},{"not_picked":["Battle Trance","Cleave"],"picked":"ReplayTheSpireMod:LeadingStrike","floor":7},{"not_picked":["MeatLantern","CherryBlossoms","Wellcheers"],"picked":"Singing Bowl","floor":11},{"not_picked":["Twin Strike","Armaments","Uppercut"],"picked":"SKIP","floor":11},{"not_picked":["Murderer","Wellcheers"],"picked":"DespairKnight","floor":12},{"not_picked":["ReplayTheSpireMod:LeadingStrike","ReplayTheSpireMod:Muscle Training","Armaments"],"picked":"SKIP","floor":12},{"not_picked":["NakedNest","MeatLantern","GreedKing"],"picked":"Singing Bowl","floor":13},{"not_picked":["Dropkick","Clothesline","Intimidate"],"picked":"SKIP","floor":13},{"not_picked":["FairyFestival","UniverseFragment","Murderer"],"picked":"Singing Bowl","floor":14},{"not_picked":["LongBird","Scorched"],"picked":"Rudolta","floor":14},{"not_picked":["Clash","Sentinel"],"picked":"Berserk","floor":14},{"not_picked":["HappyTeddy","BlackSwan","Scarecrow"],"picked":"Singing Bowl","floor":16},{"not_picked":["Feed","Corruption"],"picked":"Offering","floor":16},{"not_picked":["Porccubus","CENSORED"],"picked":"QueenOfHatred","floor":18},{"not_picked":["Anger+1","Havoc"],"picked":"Seeing Red","floor":18},{"not_picked":["GalaxyChild","Funeral","Bloodbath"],"picked":"Singing Bowl","floor":20},{"not_picked":["Clothesline","Twin Strike","Disarm"],"picked":"SKIP","floor":20},{"not_picked":["QueenBee","BodiesMountain","Woodsman"],"picked":"Singing Bowl","floor":21},{"not_picked":["Havoc+1","Pummel","Anger+1"],"picked":"SKIP","floor":21},{"not_picked":["UniverseFragment","Mercenary","SingingMachine"],"picked":"Singing Bowl","floor":22},{"not_picked":["Replay:Undeath\u0027s Touch+1","Combust","Anger"],"picked":"SKIP","floor":22}],"player_experience":172351,"relics_obtained":[{"floor":1,"key":"LetterFromLob"},{"floor":6,"key":"vexMod:PlasmaPancake"},{"floor":7,"key":"Toy Ornithopter"},{"floor":9,"key":"InkBottle"},{"floor":9,"key":"Replay:Bottled Flurry"},{"floor":16,"key":"testmod-Nyarlathotep"},{"floor":21,"key":"Replay:Ringing Soul"}],"event_choices":[{"damage_healed":0,"gold_gain":0,"player_choice":"Leave","damage_taken":0,"max_hp_gain":0,"max_hp_loss":0,"event_name":"conspire:Investor","floor":4,"gold_loss":0}],"is_beta":false,"boss_relics":[{"not_picked":["Velvet Choker","testmod-SaigiyounoYou"],"picked":"Mark of Pain"}],"items_purged_floors":[10],"is_endless":false,"potions_floor_spawned":[1,12,13,14],"ascension_level":0}}