{"host":"121m0oxswv9tg9hk","time":1607787117,"event":{"mods":["AchievementEnabler","Aspiration","BaseMod","Better Third Choice","Downfall","Hermit","Hubris","Infinite Spire","MarisaÅiñ∂âJÅ@ñÇóùçπÅj","Minty Spire (QoL Compilation)","Replay The Spire","Shade Mod","StSLib","The Construct","The Cursed","The Dragon Tamer","The Gatherer","The Hierophant","The Mystic"],"gold_per_floor":[114,126,14,34,34,34,68,68,94,119,194,205,205,24,24,122,122,135,154,165,178,194,220,239,258,258,258,258,258,258,1,1,98,98,112,129,0,0,0,0],"floor_reached":39,"playtime":2596,"items_purged":["Strike_MRS","Looming Evil","CommonCold"],"score":583,"play_id":"2b198fcb-2622-4f77-9690-083352803a48","local_time":"20201212163157","is_ascension_mode":true,"campfire_choices":[{"data":"NonDirectionalLaser","floor":6,"key":"SMITH"},{"data":"MasterSpark","floor":8,"key":"SMITH"},{"data":"MilkyWay","floor":13,"key":"SMITH"},{"data":"MillisecondPulsars","floor":15,"key":"SMITH"},{"data":"EnergyRecoil","floor":27,"key":"SMITH"},{"data":"MilkyWay","floor":29,"key":"SMITH"},{"data":"Occultation","floor":32,"key":"SMITH"}],"circlet_count":0,"master_deck":["Strike_MRS","Defend_MRS","Defend_MRS","Defend_MRS","MasterSpark+1","UpSweep","GravityBeat","Occultation+1","OortCloud","NonDirectionalLaser+1","6A","MillisecondPulsars+1","MilkyWay+1","FairyDestructionRay","EscapeVelocity","DoubleSpark+1","ShootTheMoon+1","MeteoricShower","ShootTheMoon","EnergyRecoil+1","MilkyWay+1","Acceleration","OortCloud","FinalSpark","ShootingEcho+1","MagicAbsorber+1","EscapeVelocity+1","EnergyRecoil+1","SporeBomb"],"relics":["MiniHakkero","Cursed Key","hubris:VirtuousBlindfold","Ring of Peace","infinitespire:FocusingShard","Bag of Marbles","Pantograph","Velvet Choker","White Beast Statue","AmplifyWand","Astrolabe","Red Mask","hubris:ScarierMask","Frozen Egg 2"],"acts_visited":["Exordium","TheCity","TheBeyond"],"potions_floor_usage":[10,10,16,18,20,23,39],"damage_taken":[{"damage":0,"enemies":"Jaw Worm","floor":1,"turns":2},{"damage":5,"enemies":"Cultist","floor":2,"turns":4},{"damage":3,"enemies":"2 Louse","floor":4,"turns":2},{"damage":9,"enemies":"Lagavulin","floor":7,"turns":7},{"damage":0,"enemies":"3 Sentries","floor":10,"turns":5},{"damage":0,"enemies":"Exordium Wildlife","floor":12,"turns":4},{"damage":17,"enemies":"Fading Forest","floor":16,"turns":11},{"damage":0,"enemies":"3 Byrds","floor":18,"turns":2},{"damage":11,"enemies":"Spheric Guardian","floor":19,"turns":4},{"damage":8,"enemies":"Snake Plant","floor":20,"turns":5},{"damage":8,"enemies":"Snecko","floor":21,"turns":5},{"damage":0,"enemies":"3 Cultists","floor":22,"turns":4},{"damage":1,"enemies":"Slavers","floor":23,"turns":5},{"damage":0,"enemies":"Snake Plant","floor":24,"turns":4},{"damage":0,"enemies":"Centurion and Healer","floor":25,"turns":5},{"damage":0,"enemies":"Collector","floor":33,"turns":9},{"damage":0,"enemies":"3 Shapes","floor":35,"turns":3},{"damage":0,"enemies":"Orb Walker","floor":36,"turns":3},{"damage":81,"enemies":"Transient","floor":39,"turns":6}],"seed_played":"3699228836979588717","potions_obtained":[{"floor":2,"key":"Energy Potion"},{"floor":4,"key":"AttackPotion"},{"floor":7,"key":"Toxic Potion"},{"floor":12,"key":"Death Potion"},{"floor":19,"key":"GamblersBrew"},{"floor":22,"key":"FearPotion"},{"floor":23,"key":"Flashbang"},{"floor":24,"key":"BottledSpark"},{"floor":25,"key":"Elixir"},{"floor":33,"key":"Reflective Coating"},{"floor":35,"key":"SteroidPotion"}],"is_trial":false,"path_per_floor":["M","M","$","M","?","R","E","R","T","E","?","M","R","$","R","B",null,"M","M","M","M","M","E","M","M","T","R","T","R","?","$","R","B",null,"M","M","?","AVR","M"],"character_chosen":"MARISA","items_purchased":["OortCloud","FairyDestructionRay","AmplifyWand"],"campfire_rested":0,"item_purchase_floors":[3,14,31],"current_hp_per_floor":[75,70,70,67,67,67,58,58,58,58,51,51,51,51,51,58,75,75,64,56,48,48,47,47,47,47,47,47,47,72,72,72,75,75,75,75,75,75,0,0],"gold":0,"neow_bonus":"DOUBLE_BOSS_RELIC","is_daily":false,"chose_seed":false,"campfire_upgraded":7,"win_rate":0.0,"timestamp":1607787117,"path_taken":["M","M","$","M","?","R","E","R","T","E","?","M","R","$","R","BOSS","M","M","M","M","M","E","M","M","T","R","?","R","?","$","R","BOSS","M","M","?","AVR","M"],"items_purchased_type":["Card","Card","Relic"],"build_version":"2020-11-30","purchased_purges":3,"victory":false,"max_hp_per_floor":[75,75,75,75,75,75,75,75,75,75,75,75,75,75,75,75,75,75,75,75,75,75,75,75,75,75,75,75,75,75,75,75,75,75,75,75,75,75,75,75],"card_choices":[{"not_picked":["IllusionStar","DeepEcoloBomb"],"picked":"GravityBeat","floor":1},{"not_picked":["IllusionStar","EnergyRecoil"],"picked":"Occultation","floor":2},{"not_picked":["AsteroidBelt","Acceleration"],"picked":"NonDirectionalLaser","floor":4},{"not_picked":["Occultation","ChargingUp"],"picked":"6A","floor":7},{"not_picked":["EarthLightRay","FairyDestructionRay"],"picked":"MillisecondPulsars","floor":10},{"not_picked":["MagicChant","AsteroidBelt"],"picked":"MilkyWay","floor":12},{"not_picked":["SatelliteIllusion","TreasureHunter"],"picked":"EscapeVelocity","floor":16},{"not_picked":["UnstableBomb","IllusionStar"],"picked":"DoubleSpark+1","floor":18},{"not_picked":["OpenUniverse","OrrerysSun"],"picked":"ShootTheMoon+1","floor":19},{"not_picked":["MillisecondPulsars","ShootTheMoon"],"picked":"MeteoricShower","floor":20},{"not_picked":["LuminesStrike+1","EarthLightRay"],"picked":"ShootTheMoon","floor":21},{"not_picked":["LuminesStrike","WitchOfGreed"],"picked":"EnergyRecoil","floor":22},{"not_picked":["Singularity+1","MysteriousBeam+1"],"picked":"MilkyWay","floor":23},{"not_picked":["MaximisePower","6A"],"picked":"Acceleration","floor":24},{"not_picked":["MysteriousBeam","GasGiant+1"],"picked":"OortCloud","floor":25},{"not_picked":["JA","BigCrunch"],"picked":"FinalSpark","floor":33},{"not_picked":["NonDirectionalLaser+1","LuminesStrike"],"picked":"EnergyRecoil+1","floor":35},{"not_picked":["Singularity+1","EnergyRecoil"],"picked":"SporeBomb","floor":36}],"player_experience":2814678,"relics_obtained":[{"floor":5,"key":"Ring of Peace"},{"floor":7,"key":"infinitespire:FocusingShard"},{"floor":9,"key":"Bag of Marbles"},{"floor":10,"key":"Pantograph"},{"floor":23,"key":"White Beast Statue"}],"event_choices":[{"damage_healed":0,"gold_gain":75,"player_choice":"Touch","damage_taken":7,"max_hp_gain":0,"max_hp_loss":0,"event_name":"FaceTrader","floor":11,"gold_loss":0},{"damage_healed":25,"gold_gain":0,"player_choice":"Heal","damage_taken":0,"max_hp_gain":0,"max_hp_loss":0,"event_name":"The Library","floor":30,"gold_loss":0},{"damage_healed":0,"gold_gain":0,"player_choice":"Paid","damage_taken":0,"relics_obtained":["Red Mask"],"max_hp_gain":0,"max_hp_loss":0,"event_name":"Tomb of Lord Red Mask","floor":37,"gold_loss":129}],"is_beta":false,"boss_relics":[{"not_picked":["RampagingMagicTools","Pandora\u0027s Box"],"picked":"Velvet Choker"},{"not_picked":["Honey Jar","Replay:Bronze Core"],"picked":"Astrolabe"}],"items_purged_floors":[3,14,38],"is_endless":false,"potions_floor_spawned":[2,4,7,12,19,22,23,24,25,33,35,36],"killed_by":"Transient","ascension_level":4}}