{"host":"k6qwgpygxbgz06bg","time":1607815398,"event":{"mods":["BaseMod","Beaked The Cultist","Better Third Choice","BetterRewards","Clockwork Mod","Colored Map","Friendly Minions","Infinite Spire","Marisa????????","Minty Spire (QoL Compilation)","Replay The Spire","StSLib","The Administrix","The Bug Knight","The Cursed","The Gatherer","The Mystic","The Witch"],"gold_per_floor":[20,20,32,49,61,61,92,112,112,112,132,332,350,361,361,463,463,479,479,496,507,507,539,539,639,639,655,665,665,677,691,691,787,787,850,760,821,416,416,416,459,459,512,512,565,619,619,297,297,417,417,431,229,238,253,253,246,257,257,257,259,276,294,294,254,254,330,330,340,342,119,107,96,96,90,64,137,130,55,55,67,58,58,108,108,111,107,107,107,86,44,44,44,44,44,44,44,42,42,42,95,95,104,99,152,152,152,152,152,152,170,211,211,223,223,228,236,242,242,279,279,291,291,326,339,699,678,696,696,720,743,438,433,433,455,455,523,523,546,354,354,359,359,359,392,397,397,383,392,392,123,109,109,102,102,102,102,91,120],"floor_reached":160,"playtime":15527,"items_purged":["Strike_B","Defend_B","Regret","Decay","Writhe","Parasite","Clumsy","Clumsy","Defend_B","ReplayTheSpireMod:Splinters","Madness"],"score":4171,"play_id":"d4e05b64-afc3-47f8-bb20-6d38a9e47de6","local_time":"20201213002318","is_ascension_mode":false,"campfire_choices":[{"data":"Panache","floor":6.0,"key":"SMITH"},{"data":"Self Repair","floor":10.0,"key":"SMITH"},{"data":"Beam Cell","floor":15.0,"key":"SMITH"},{"data":"infinitespire:UltimateForm","floor":24.0,"key":"SMITH"},{"data":"ReplaySolidLightProjector","floor":29.0,"key":"SMITH"},{"data":"Hologram","floor":32.0,"key":"SMITH"},{"data":"Echo Form","floor":40.0,"key":"SMITH"},{"data":"Buffer","floor":42.0,"key":"SMITH"},{"data":"Machine Learning","floor":44.0,"key":"SMITH"},{"data":"infinitespire:NeuralNetwork","floor":49.0,"key":"SMITH"},{"data":"ReplayTheSpireMod:Chaos Vortex","floor":59.0,"key":"SMITH"},{"data":"Amplify","floor":66.0,"key":"SMITH"},{"data":"ReplayTheSpireMod:??????????????????????","floor":74.0,"key":"SMITH"},{"data":"infinitespire:Collect","floor":83.0,"key":"SMITH"},{"data":"Seek","floor":92,"key":"SMITH"},{"data":"infinitespire:Oblivion","floor":95,"key":"SMITH"},{"data":"infinitespire:Gouge","floor":97,"key":"SMITH"},{"data":"ReplayTheSpireMod:Brewmster","floor":100,"key":"SMITH"},{"data":"Replay:Fractal Strike","floor":108,"key":"SMITH"},{"data":"infinitespire:SevenWalls","floor":115,"key":"SMITH"},{"data":"Amplify","floor":119,"key":"SMITH"},{"data":"infinitespire:UltimateForm","floor":129,"key":"SMITH"},{"data":"Creative AI","floor":134,"key":"SMITH"},{"data":"Consume","floor":136,"key":"SMITH"},{"data":"Mirror Shield","floor":144,"key":"SMITH"},{"data":"ReplayTheSpireMod:Fabricate Wheel","floor":150,"key":"SMITH"},{"floor":153,"key":"RECALL"},{"data":"Languid","floor":156,"key":"PURGE"}],"circlet_count":0,"master_deck":["Zap","Dualcast+1","Panache+1","Ball Lightning","Heatsinks","Sweeping Beam+1","Heatsinks","Self Repair+1","Machine Learning+1","Cold Snap+1","Beam Cell+1","White Noise","Echo Form+1","infinitespire:UltimateForm+1","ReplaySolidLightProjector+1","Coolheaded","Crystallizer","Hologram+1","Loop+1","Buffer+1","Heatsinks","ReplayTheSpireMod:Brewmster+1","Lockon+1","infinitespire:NeuralNetwork+1","Amplify+1","Defragment","Capacitor","infinitespire:Oblivion+1","ReplayTheSpireMod:Chaos Vortex+1","Skim","Amplify+1","Burn","ReplayTheSpireMod:??????????????????????+1","Electrodynamics","FIFO Queue","infinitespire:Collect+1","Seek+1","Force Field+1","Madness","Doom and Gloom+1","Chaos+1","Go for the Eyes","infinitespire:Gouge+1","Static Discharge+1","Creative AI+1","Capacitor","Reboot","FIFO Queue","Replay:Fractal Strike+1","Consume+1","infinitespire:SevenWalls+1","Defragment","Core Surge","Self Repair","Capacitor","Replay:Bootleg Shield Generator","infinitespire:UltimateForm+1","White Noise+1","Defragment","BootSequence+1","Meteor Strike+1","Creative AI+1","Mirror Shield+1","Double Energy+1","Loop+1","Core Surge+1","Chaos+1","Pain","Recycle","Echo Form","Double Energy+1","Rainbow","Echo Form","Thunder Strike+1"],"relics":["Cracked Core","Replay:Rubber Ducky","ReplayTheSpireMod:Ninjato","Replay:Grab Bag","Cursed Key","Philosopher\u0027s Stone","Nuclear Battery","beaked:SacredDeck","Torii","infinitespire:Freezer","InkBottle","infinitespire:EvilPickle","Coffee Dripper","ReplayTheSpireMod:TigerMarble","Eternal Feather","Omamori","OrangePellets","Replay:Frozen Program","Inserter","White Beast Statue","Art of War","betterThird:SlimedRelic","SlaversCollar","Geode","Cables","Iron Hammer","Honey Jar","Durian","Mango","Replay:Accelerometer","Counterbalance","Centennial Puzzle","ChewingGum","Calipers","Nunchaku","Meat on the Bone","beaked:SacredNecklace","infinitespire:WardingShard","Molten Egg 2","Oddly Smooth Stone","Membership Card","Bronze Scales","Astrolabe","Prayer Wheel","Kunai","Pen Nib","Replay:Drink Me","Question Card","Gremlin Food","Whetstone","Replay:Multitool","Replay:Bottled Snecko","Prayer Wheel","SacredBark","Singing Bowl"],"acts_visited":["Exordium","TheCity","TheBeyond","Exordium","TheCity","TheBeyond","Exordium","TheCity","TheBeyond","TheEnding"],"potions_floor_usage":[84,84,84,89,90,90,91,91,91,101,101,101,101,106,111,118,120,120,120,120,128,128,131,133,135,135,135,137,139,148,148,154,154,154,158,158,158,159],"damage_taken":[{"damage":1.0,"enemies":"Jaw Worm","floor":1.0,"turns":4.0},{"damage":0.0,"enemies":"2 Louse","floor":3.0,"turns":1.0},{"damage":1.0,"enemies":"Cultist","floor":4.0,"turns":3.0},{"damage":11.0,"enemies":"2 Fungi Beasts","floor":5.0,"turns":3.0},{"damage":16.0,"enemies":"Replay:BlueRogue","floor":7.0,"turns":5.0},{"damage":4.0,"enemies":"Red Slaver","floor":8.0,"turns":4.0},{"damage":0.0,"enemies":"Blue Slaver","floor":11.0,"turns":5.0},{"damage":10.0,"enemies":"Exordium Thugs","floor":13.0,"turns":5.0},{"damage":11.0,"enemies":"Exordium Wildlife","floor":14.0,"turns":5.0},{"damage":19.0,"enemies":"Hexaghost","floor":16.0,"turns":9.0},{"damage":30.0,"enemies":"3 Byrds","floor":18.0,"turns":3.0},{"damage":0.0,"enemies":"Chosen","floor":20.0,"turns":4.0},{"damage":23.0,"enemies":"Snake Plant","floor":21.0,"turns":4.0},{"damage":38.0,"enemies":"Nightmare","floor":23.0,"turns":6.0},{"damage":1.0,"enemies":"Centurion and Healer","floor":27.0,"turns":4.0},{"damage":0.0,"enemies":"3 Cultists","floor":28.0,"turns":5.0},{"damage":0.0,"enemies":"Cultist and Chosen","floor":30.0,"turns":5.0},{"damage":7.0,"enemies":"Snake Plant","floor":31.0,"turns":4.0},{"damage":3.0,"enemies":"Pondfish","floor":33.0,"turns":7.0},{"damage":0.0,"enemies":"3 Shapes","floor":35.0,"turns":5.0},{"damage":0.0,"enemies":"Orb Walker","floor":37.0,"turns":5.0},{"damage":8.0,"enemies":"Writhing Mass","floor":41.0,"turns":6.0},{"damage":0.0,"enemies":"Spire Growth","floor":45.0,"turns":5.0},{"damage":19.0,"enemies":"4 Shapes","floor":46.0,"turns":4.0},{"damage":13.0,"enemies":"Replay:Hell Engine","floor":50.0,"turns":7.0},{"damage":0.0,"enemies":"Cultist","floor":52.0,"turns":4.0},{"damage":0.0,"enemies":"Jaw Worm","floor":54.0,"turns":3.0},{"damage":0.0,"enemies":"Small Slimes","floor":55.0,"turns":3.0},{"damage":8.0,"enemies":"Nightmare","floor":57.0,"turns":6.0},{"damage":0.0,"enemies":"3 Louse","floor":58.0,"turns":2.0},{"damage":10.0,"enemies":"Lots of Slimes","floor":61.0,"turns":3.0},{"damage":0.0,"enemies":"3 Sentries","floor":62.0,"turns":4.0},{"damage":6.0,"enemies":"2 Fungi Beasts","floor":63.0,"turns":2.0},{"damage":15.0,"enemies":"Hexaghost","floor":67.0,"turns":5.0},{"damage":12.0,"enemies":"2 Thieves","floor":69.0,"turns":3.0},{"damage":0.0,"enemies":"Shell Parasite","floor":70.0,"turns":5.0},{"damage":0.0,"enemies":"Snecko","floor":72.0,"turns":4.0},{"damage":0.0,"enemies":"Chosen and Byrds","floor":73.0,"turns":5.0},{"damage":1.0,"enemies":"Snake Plant","floor":75.0,"turns":3.0},{"damage":21.0,"enemies":"Nightmare_Alpha","floor":76.0,"turns":6.0},{"damage":0.0,"enemies":"Centurion and Healer","floor":78.0,"turns":2.0},{"damage":0.0,"enemies":"Slavers","floor":81.0,"turns":2.0},{"damage":0.0,"enemies":"Sentry and Sphere","floor":82.0,"turns":4.0},{"damage":0,"enemies":"Collector","floor":84,"turns":5},{"damage":0,"enemies":"3 Shapes","floor":86,"turns":3},{"damage":0,"enemies":"3 Darklings","floor":87,"turns":2},{"damage":0,"enemies":"Mind Bloom Boss Battle","floor":89,"turns":4},{"damage":25,"enemies":"Transient","floor":90,"turns":5},{"damage":0,"enemies":"Nightmare_Alpha","floor":91,"turns":6},{"damage":0,"enemies":"4 Shapes","floor":98,"turns":3},{"damage":16,"enemies":"Awakened One","floor":101,"turns":6},{"damage":0,"enemies":"Small Slimes","floor":103,"turns":2},{"damage":0,"enemies":"Cultist","floor":104,"turns":3},{"damage":1,"enemies":"Jaw Worm","floor":106,"turns":2},{"damage":13,"enemies":"3 Louse","floor":111,"turns":2},{"damage":0,"enemies":"Nightmare_Alpha","floor":112,"turns":1},{"damage":0,"enemies":"Blue Slaver","floor":114,"turns":2},{"damage":0,"enemies":"Gremlin Gang","floor":116,"turns":3},{"damage":0,"enemies":"Large Slime","floor":117,"turns":3},{"damage":0,"enemies":"Looter","floor":118,"turns":2},{"damage":0,"enemies":"Fading Forest","floor":120,"turns":8},{"damage":0,"enemies":"Spheric Guardian","floor":122,"turns":3},{"damage":0,"enemies":"Centurion and Healer","floor":124,"turns":1},{"damage":1,"enemies":"Cultist and Chosen","floor":125,"turns":3},{"damage":11,"enemies":"Nightmare_Alpha","floor":127,"turns":8},{"damage":0,"enemies":"Sentry and Sphere","floor":128,"turns":3},{"damage":0,"enemies":"Snake Plant","floor":131,"turns":3},{"damage":0,"enemies":"Chosen and Byrds","floor":133,"turns":4},{"damage":0,"enemies":"Snecko","floor":135,"turns":4},{"damage":0,"enemies":"Collector","floor":137,"turns":5},{"damage":0,"enemies":"3 Shapes","floor":139,"turns":4},{"damage":1,"enemies":"3 Darklings","floor":142,"turns":3},{"damage":0,"enemies":"Sphere and 2 Shapes","floor":145,"turns":1},{"damage":1,"enemies":"Nightmare_Alpha","floor":146,"turns":7},{"damage":5,"enemies":"Transient","floor":148,"turns":5},{"damage":0,"enemies":"3 Darklings","floor":149,"turns":4},{"damage":0,"enemies":"Maw","floor":152,"turns":3},{"damage":64,"enemies":"infinitespire:LordOfFortification","floor":154,"turns":9},{"damage":0,"enemies":"Shield and Spear","floor":158,"turns":5},{"damage":7,"enemies":"The Heart","floor":159,"turns":8}],"seed_played":"-7750560266955818700","potions_obtained":[{"floor":1.0,"key":"BlessingOfTheForge"},{"floor":5.0,"key":"DuplicationPotion"},{"floor":13.0,"key":"Dexterity Potion"},{"floor":18.0,"key":"Adrenaline Potion"},{"floor":20.0,"key":"DistilledChaos"},{"floor":23.0,"key":"Elixir"},{"floor":30.0,"key":"Regen Potion"},{"floor":41.0,"key":"Block Potion"},{"floor":46.0,"key":"Dexterity Potion"},{"floor":50.0,"key":"Block Potion"},{"floor":54.0,"key":"Energy Potion"},{"floor":58.0,"key":"Energy Potion"},{"floor":61.0,"key":"DuplicationPotion"},{"floor":67.0,"key":"SpeedPotion"},{"floor":69.0,"key":"Reflective Coating"},{"floor":72.0,"key":"FearPotion"},{"floor":73.0,"key":"Milkshake"},{"floor":75.0,"key":"PowerPotion"},{"floor":78.0,"key":"Fire Potion"},{"floor":81.0,"key":"Energy Potion"},{"floor":82.0,"key":"FocusPotion"},{"floor":84,"key":"Strength Potion"},{"floor":86,"key":"FocusPotion"},{"floor":87,"key":"EssenceOfSteel"},{"floor":89,"key":"Dexterity Potion"},{"floor":90,"key":"Adrenaline Potion"},{"floor":91,"key":"SteroidPotion"},{"floor":98,"key":"Elixir"},{"floor":101,"key":"Elixir"},{"floor":103,"key":"PowerPotion"},{"floor":104,"key":"Adrenaline Potion"},{"floor":106,"key":"FocusPotion"},{"floor":111,"key":"Swift Potion"},{"floor":114,"key":"FearPotion"},{"floor":116,"key":"Fire Potion"},{"floor":117,"key":"Toxic Potion"},{"floor":118,"key":"Dexterity Potion"},{"floor":120,"key":"DuplicationPotion"},{"floor":122,"key":"PowerPotion"},{"floor":124,"key":"Swift Potion"},{"floor":125,"key":"FearPotion"},{"floor":128,"key":"DuplicationPotion"},{"floor":135,"key":"SkillPotion"},{"floor":137,"key":"ColorlessPotion"},{"floor":139,"key":"FairyPotion"},{"floor":149,"key":"BlessingOfTheForge"},{"floor":159,"key":"FocusPotion"}],"is_trial":false,"path_per_floor":["M","?","M","M","M","R","E","M","T","R","M","?","M","M","R","B",null,"M","AVR","M","M","?","NM","R","?","T","M","M","R","M","M","R","B",null,"M","?","M","$","T","R","M","R","T","R","M","M","AVR","$","R","B",null,"M","$","M","M","?","NM","M","R","T","M","E","M","?","?","R","B",null,"M","M","$","M","M","R","M","NM","T","M","?","?","E","M","R","B",null,"M","M","?","?","M","NM","R","$","T","R","AVR","R","M","T","R","B",null,"M","M","?","M","AVR","R","PTL","PTL","M","NM","T","M","R","M","M","M","R","B",null,"M","AVR","M","M","?","NM","M","R","T","M","$","M","R","M","R","B",null,"M","$","?","M","AVR","R","M","NM","T","M","M","R","$","M","R","B",null,"R","$","E","B",null],"character_chosen":"DEFECT","items_purchased":["ReplayTheSpireMod:TigerMarble","ReplayTheSpireMod:Brewmster","Replay:Frozen Program","Crystallizer","Capacitor","FIFO Queue","Membership Card","Bronze Scales","Kunai","Pen Nib","Replay:Multitool","Replay:Bottled Snecko"],"campfire_rested":0,"item_purchase_floors":[38,38,48,48,53,71,132,132,140,140,151,151],"current_hp_per_floor":[74,74,74,73,62,62,46,49,49,49,59,41,41,40,40,21,75,55,55,75,62,62,44,44,44,44,53,63,63,73,66,66,73,75,75,75,75,75,75,75,75,75,75,75,75,71,71,71,75,72,75,75,75,75,75,58,70,70,75,75,75,75,75,75,64,75,70,75,73,75,72,72,72,72,72,61,61,66,66,66,66,72,72,72,72,72,72,63,77,77,91,91,91,91,91,91,91,91,91,91,75,91,91,91,91,90,90,91,91,91,78,78,78,78,91,91,91,91,91,91,91,91,91,91,91,49,90,91,91,91,91,91,91,91,91,91,91,91,91,91,91,90,69,69,69,69,69,69,69,69,69,69,69,37,69,69,69,71,64],"gold":120,"neow_bonus":"RANDOM_COLORLESS_2","is_daily":false,"chose_seed":false,"campfire_upgraded":26,"win_rate":0.0,"timestamp":1607815398,"path_taken":["M","?","M","M","M","R","E","M","T","R","M","?","?","M","R","BOSS","M","AVR","M","M","?","NM","R","?","T","M","M","R","?","M","R","BOSS","M","?","M","$","?","R","M","R","T","R","M","M","AVR","?","R","BOSS","M","$","M","M","?","NM","M","R","T","M","E","M","?","?","R","BOSS","M","M","$","M","M","R","M","NM","T","M","?","?","E","M","R","BOSS","M","M","?","?","M","NM","R","$","T","R","AVR","R","M","?","R","BOSS","M","M","?","M","AVR","R","PTL","PTL","M","NM","T","M","R","M","M","M","R","BOSS","M","AVR","M","M","?","NM","M","R","T","M","$","?","R","?","R","BOSS","M","$","?","M","AVR","R","M","NM","T","M","M","R","$","M","R","BOSS","R","$","E","BOSS"],"items_purchased_type":["Relic","Card","Relic","Card","Card","Card","Relic","Relic","Relic","Relic","Relic","Relic"],"build_version":"2020-11-30","purchased_purges":11,"victory":true,"max_hp_per_floor":[75,75,75,75,75,75,75,75,75,75,75,75,75,75,75,75,75,75,75,75,75,75,75,75,75,75,75,75,75,75,75,75,75,75,75,75,75,75,75,75,75,75,75,75,75,75,75,75,75,75,75,75,75,75,75,75,75,75,75,75,75,75,75,75,75,75,75,75,75,75,72,72,72,72,72,72,72,72,72,72,72,72,72,72,72,72,72,72,77,77,91,91,91,91,91,91,91,91,91,91,91,91,91,91,91,91,91,91,91,91,91,91,91,91,91,91,91,91,91,91,91,91,91,91,91,91,91,91,91,91,91,91,91,91,91,91,91,91,91,91,91,91,69,69,69,69,69,69,69,69,69,69,69,69,69,69,69,71,71],"card_choices":[{"not_picked":["Metamorphosis","Replay:Dark Deal"],"picked":"Panache","floor":0.0},{"not_picked":["Redo","Reinforced Body"],"picked":"Ball Lightning","floor":1.0},{"not_picked":["Aggregate","Hologram"],"picked":"Heatsinks","floor":3.0},{"not_picked":["Barrage","Streamline"],"picked":"Sweeping Beam","floor":4.0},{"not_picked":["Beam Cell","Steam"],"picked":"Heatsinks","floor":5.0},{"not_picked":["Steam","Sunder"],"picked":"Self Repair","floor":7.0},{"not_picked":["Hologram","Cold Snap"],"picked":"Machine Learning","floor":8.0},{"not_picked":["Sweeping Beam","Go for the Eyes"],"picked":"Cold Snap","floor":11.0},{"not_picked":["Doom and Gloom","ReplayTheSpireMod:Repulse"],"picked":"Beam Cell","floor":12.0},{"not_picked":["All For One","Steam"],"picked":"Crystallizer","floor":13.0},{"not_picked":["BasicCrystalCard","Rebound"],"picked":"White Noise","floor":14.0},{"not_picked":["Meteor Strike","All For One"],"picked":"Echo Form","floor":16.0},{"not_picked":["Sweeping Beam","Turbo"],"picked":"ReplaySolidLightProjector","floor":18.0},{"not_picked":["Redo","Leap+1","Steam"],"picked":"SKIP","floor":20.0},{"not_picked":["Turbo","Beam Cell"],"picked":"Panic Button+1","floor":21.0},{"not_picked":["Biased Cognition","Gash","Steam Power+1"],"picked":"SKIP","floor":23.0},{"not_picked":["Biased Cognition","Gash","Steam Power+1"],"picked":"SKIP","floor":23.0},{"not_picked":["Sweeping Beam","Rebound+1"],"picked":"Coolheaded","floor":27.0},{"not_picked":["ReplayTheSpireMod:Repulse","Darkness+1"],"picked":"Crystallizer","floor":28.0},{"not_picked":["Panic Button","Go for the Eyes"],"picked":"Hologram","floor":30.0},{"not_picked":["Doom and Gloom","Compile Driver"],"picked":"Loop+1","floor":31.0},{"not_picked":["Core Surge","Fission"],"picked":"Buffer","floor":33.0},{"not_picked":["Beam Cell","Panic Button+1","BootSequence+1"],"picked":"SKIP","floor":35.0},{"not_picked":["Redo","Leap"],"picked":"Heatsinks","floor":37.0},{"not_picked":["Hologram","Sweeping Beam+1","Gash+1"],"picked":"SKIP","floor":41.0},{"not_picked":["Hologram","Sweeping Beam+1","Gash+1"],"picked":"SKIP","floor":41.0},{"not_picked":["Cold Snap","Go for the Eyes","Sunder+1"],"picked":"SKIP","floor":45.0},{"not_picked":["Beam Cell","Reprogram+1"],"picked":"Lockon+1","floor":46.0},{"not_picked":["Fission","Multi-Cast"],"picked":"Amplify","floor":50.0},{"not_picked":["Redo","Double Energy"],"picked":"Defragment","floor":52.0},{"not_picked":["BasicCrystalCard","Barrage","Cold Snap"],"picked":"SKIP","floor":54.0},{"not_picked":["ReplaySolidLightProjector","Conserve Battery","Streamline"],"picked":"SKIP","floor":55.0},{"not_picked":["ReplayTheSpireMod:Echoes of Time","infinitespire:TheBestDefense"],"picked":"infinitespire:Oblivion","floor":56.0},{"not_picked":["infinitespire:NeuralNetwork","Replay:Fractal Strike"],"picked":"ReplayTheSpireMod:Chaos Vortex","floor":57.0},{"not_picked":["Compile Driver","Beam Cell","Tempest"],"picked":"SKIP","floor":57.0},{"not_picked":["Redo","Cold Snap"],"picked":"Skim","floor":58.0},{"not_picked":["ReplaySolidLightProjector","Compile Driver","Turbo"],"picked":"SKIP","floor":61.0},{"not_picked":["Chill","Hello World"],"picked":"Amplify","floor":62.0},{"not_picked":["Barrage","Redo","Beam Cell"],"picked":"SKIP","floor":63.0},{"not_picked":["infinitespire:Gouge","Replay:Fractal Strike"],"picked":"ReplayTheSpireMod:??????????????????????","floor":67.0},{"not_picked":["Amplify","Core Surge"],"picked":"Electrodynamics","floor":67.0},{"not_picked":["Glacier","ReplayTheSpireMod:GoodbyeWorld+1","Go for the Eyes"],"picked":"SKIP","floor":69.0},{"not_picked":["Rebound","Conserve Battery","Sweeping Beam+1"],"picked":"SKIP","floor":70.0},{"not_picked":["Rebound+1","Stack","Compile Driver+1"],"picked":"SKIP","floor":72.0},{"not_picked":["Glacier+1","BasicCrystalCard","Self Repair"],"picked":"SKIP","floor":73.0},{"not_picked":["Barrage","Streamline+1","Stack"],"picked":"SKIP","floor":75.0},{"not_picked":["infinitespire:Gouge","ReplayTheSpireMod:Echoes of Time"],"picked":"infinitespire:Collect","floor":76.0},{"not_picked":["ReplayGash","Conserve Battery","ReplayTheSpireMod:GoodbyeWorld"],"picked":"SKIP","floor":76.0},{"not_picked":["Redo","Rebound","Beam Cell+1"],"picked":"SKIP","floor":78.0},{"not_picked":["Leap","Conserve Battery","Sweeping Beam"],"picked":"SKIP","floor":81.0},{"not_picked":["Sunder","Go for the Eyes","Conserve Battery"],"picked":"SKIP","floor":82.0},{"not_picked":["Electrodynamics","Buffer"],"picked":"Seek","floor":84},{"not_picked":["Go for the Eyes+1","Beam Cell+1","Leap"],"picked":"Panic Button+1","floor":86},{"not_picked":["Conserve Battery+1","Redo+1","Stack"],"picked":"Force Field+1","floor":87},{"not_picked":["BasicCrystalCard+1","ReplayGash","Barrage+1"],"picked":"Doom and Gloom+1","floor":89},{"not_picked":["Stack","Compile Driver+1","Rebound"],"picked":"Chaos+1","floor":90},{"not_picked":["BasicCrystalCard+1","Rebound+1","Hyperbeam"],"picked":"Go for the Eyes","floor":91},{"not_picked":["Coolheaded","Barrage","Sweeping Beam+1"],"picked":"Static Discharge+1","floor":98},{"not_picked":["Thunder Strike","Rainbow","Core Surge"],"picked":"Creative AI","floor":101},{"not_picked":["Barrage","Lockon","Compile Driver"],"picked":"Capacitor","floor":103},{"not_picked":["ReplayTheSpireMod:Reroute Power","BasicCrystalCard","Leap"],"picked":"Reboot","floor":104},{"not_picked":["Turbo","Glacier","Leap"],"picked":"FIFO Queue","floor":106},{"not_picked":["Sweeping Beam","Undo","Gash"],"picked":"Consume","floor":111},{"not_picked":["infinitespire:Gouge","Replay:Fractal Strike"],"picked":"infinitespire:SevenWalls","floor":112},{"not_picked":["BasicCrystalCard","Rebound","Barrage","Sweeping Beam"],"picked":"SKIP","floor":112},{"not_picked":["BasicCrystalCard","Rebound","Barrage","Sweeping Beam"],"picked":"SKIP","floor":112},{"not_picked":["Turbo","Redo","Conserve Battery","Ball Lightning"],"picked":"SKIP","floor":114},{"not_picked":["Undo","Stack","Steam Power"],"picked":"Defragment","floor":116},{"not_picked":["Reinforced Body","Turbo","Conserve Battery"],"picked":"Panic Button","floor":117},{"not_picked":["Streamline","Redo","Rip and Tear","Hologram"],"picked":"SKIP","floor":118},{"not_picked":["All For One","Multi-Cast","Hyperbeam"],"picked":"Core Surge","floor":120},{"not_picked":["Double Energy","Reinforced Body","Turbo+1"],"picked":"Self Repair","floor":122},{"not_picked":["Barrage","ReplayTheSpireMod:Calculation Training","BasicCrystalCard"],"picked":"Capacitor","floor":124},{"not_picked":["Chaos","Compile Driver+1","Barrage","Stack"],"picked":"SKIP","floor":125},{"not_picked":["ReplayTheSpireMod:Echoes of Time","infinitespire:TheBestDefense"],"picked":"infinitespire:UltimateForm","floor":127},{"not_picked":["BasicCrystalCard","Go for the Eyes+1","ReplayTheSpireMod:Calculation Training","Biased Cognition"],"picked":"SKIP","floor":127},{"not_picked":["Reprogram","Chaos","ReplayGash+1"],"picked":"White Noise+1","floor":128},{"not_picked":["Barrage+1","Go for the Eyes+1","Rebound+1"],"picked":"Defragment","floor":131},{"not_picked":["Stack+1","Turbo+1","ReplayTheSpireMod:Calculation Training","Sweeping Beam+1"],"picked":"SKIP","floor":133},{"not_picked":["Beam Cell+1","Chaos","ReplaySort","BasicCrystalCard"],"picked":"SKIP","floor":135},{"not_picked":["All For One+1","Meteor Strike+1","Amplify"],"picked":"ReplayTheSpireMod:Fabricate Wheel","floor":137},{"not_picked":["Doom and Gloom+1","Fusion","Beam Cell+1"],"picked":"Double Energy+1","floor":139},{"not_picked":["Beam Cell+1","Gash+1","Cold Snap+1"],"picked":"Loop+1","floor":139},{"not_picked":["Barrage+1","Compile Driver+1","Doom and Gloom+1"],"picked":"Core Surge+1","floor":142},{"not_picked":["Gash+1","Steam","ReplayTheSpireMod:Repulse","Barrage+1"],"picked":"SKIP","floor":142},{"not_picked":["Leap+1","Steam+1","FIFO Queue","Sunder+1"],"picked":"Chaos+1","floor":145},{"not_picked":["Scrape+1","BasicCrystalCard+1","Heatsinks","Cold Snap+1","Force Field+1"],"picked":"SKIP","floor":145},{"not_picked":["Go for the Eyes+1","Streamline+1","Reinforced Body","Coolheaded+1","Scrape+1"],"picked":"SKIP","floor":146},{"not_picked":["BootSequence","Chaos","Chill","Consume+1"],"picked":"ReplayTheSpireMod:Fabricate Wheel","floor":148},{"not_picked":["Self Repair+1","BasicCrystalCard+1","Hologram+1","Cold Snap+1","Barrage+1"],"picked":"SKIP","floor":148},{"not_picked":["Rebound+1","Streamline+1","Sweeping Beam+1","Steam Power"],"picked":"Recycle","floor":149},{"not_picked":["Sweeping Beam+1","ReplayTheSpireMod:GoodbyeWorld","Leap+1","Stack+1","Rip and Tear+1"],"picked":"SKIP","floor":149},{"not_picked":["Streamline+1","Hello World+1","Panic Button","Hologram"],"picked":"Echo Form","floor":152},{"not_picked":["Genetic Algorithm+1","Consume","Sweeping Beam+1","Coolheaded+1"],"picked":"Double Energy+1","floor":152},{"not_picked":["Rainbow","Machine Learning","Core Surge+1","Buffer"],"picked":"Echo Form","floor":154},{"not_picked":["Leap+1","Doom and Gloom+1","Redo","Conserve Battery","Chaos"],"picked":"Singing Bowl","floor":158},{"not_picked":["ReplayTheSpireMod:Omega Cannon+1","Seek","Machine Learning","Core Surge+1"],"picked":"Thunder Strike+1","floor":159}],"player_experience":159887,"relics_obtained":[{"floor":7.0,"key":"Replay:Rubber Ducky"},{"floor":9.0,"key":"ReplayTheSpireMod:Ninjato"},{"floor":23.0,"key":"infinitespire:Freezer"},{"floor":26.0,"key":"InkBottle"},{"floor":39.0,"key":"Eternal Feather"},{"floor":43.0,"key":"Omamori"},{"floor":57.0,"key":"White Beast Statue"},{"floor":62.0,"key":"Art of War"},{"floor":76.0,"key":"Geode"},{"floor":77.0,"key":"Cables"},{"floor":81.0,"key":"Iron Hammer"},{"floor":89,"key":"Durian"},{"floor":91,"key":"Mango"},{"floor":94,"key":"Replay:Accelerometer"},{"floor":99,"key":"Centennial Puzzle"},{"floor":112,"key":"Nunchaku"},{"floor":113,"key":"Meat on the Bone"},{"floor":127,"key":"Molten Egg 2"},{"floor":130,"key":"Oddly Smooth Stone"},{"floor":146,"key":"Gremlin Food"},{"floor":147,"key":"Whetstone"},{"floor":158,"key":"Singing Bowl"}],"event_choices":[{"damage_healed":0.0,"max_hp_gain":0.0,"max_hp_loss":0.0,"gold_gain":0.0,"event_name":"Ghosts","player_choice":"Ignored","floor":22.0,"gold_loss":0.0,"damage_taken":0.0},{"damage_healed":0.0,"max_hp_gain":0.0,"max_hp_loss":0.0,"gold_gain":100.0,"event_name":"Golden Shrine","player_choice":"Pray","floor":25.0,"gold_loss":0.0,"damage_taken":0.0},{"cards_removed":["Strike_B"],"damage_healed":0.0,"max_hp_gain":0.0,"max_hp_loss":0.0,"gold_gain":0.0,"event_name":"Designer","player_choice":"Upgrade and Remove","floor":36.0,"gold_loss":90.0,"damage_taken":0.0,"cards_upgraded":["Dualcast"]},{"damage_healed":75.0,"max_hp_gain":0.0,"max_hp_loss":75.0,"gold_gain":0.0,"event_name":"betterThird:BetterShining","player_choice":"Embrace Burn","floor":64.0,"gold_loss":0.0,"damage_taken":0.0},{"damage_healed":0.0,"max_hp_gain":0.0,"max_hp_loss":0.0,"gold_gain":0.0,"event_name":"betterThird:BetterGoop","player_choice":"Slimed","floor":65.0,"gold_loss":40.0,"damage_taken":11.0},{"cards_removed":["Strike_B"],"damage_healed":0.0,"max_hp_gain":0.0,"max_hp_loss":0.0,"gold_gain":0.0,"event_name":"Beggar","player_choice":"Gave Gold","floor":79.0,"gold_loss":75.0,"damage_taken":0.0},{"damage_healed":0,"gold_gain":0,"player_choice":"Embrace Madness","damage_taken":9,"max_hp_gain":0,"max_hp_loss":0,"event_name":"Winding Halls","floor":88,"gold_loss":0,"cards_obtained":["Madness","Madness"]},{"damage_healed":0,"gold_gain":0,"player_choice":"Fight","damage_taken":0,"max_hp_gain":0,"max_hp_loss":0,"event_name":"MindBloom","floor":89,"gold_loss":0},{"damage_healed":0,"gold_gain":53,"player_choice":"Gained Gold","damage_taken":0,"max_hp_gain":0,"max_hp_loss":0,"event_name":"Golden Wing","floor":105,"gold_loss":0},{"damage_healed":0,"gold_gain":360,"player_choice":"GOLD GOLD GOLD CARD GOLD ","damage_taken":42,"max_hp_gain":0,"max_hp_loss":0,"event_name":"Knowing Skull","floor":126,"potions_obtained":[],"gold_loss":0,"cards_obtained":["Replay:Bootleg Shield Generator"]},{"cards_removed":["Panic Button"],"damage_healed":0,"gold_gain":0,"player_choice":"Removed Skill","damage_taken":0,"max_hp_gain":0,"max_hp_loss":0,"event_name":"Falling","floor":141,"gold_loss":0}],"is_beta":false,"boss_relics":[{"not_picked":["Snecko Eye","Pandora\u0027s Box"],"picked":"Replay:Grab Bag"},{"not_picked":["Painkiller Herb","Fusion Hammer"],"picked":"Cursed Key"},{"not_picked":["Replay:Wanted Poster","infinitespire:Cupcake"],"picked":"Philosopher\u0027s Stone"},{"not_picked":["SacredBark","Kintsugi"],"picked":"Nuclear Battery"},{"not_picked":["Empty Cage","Calling Bell"],"picked":"beaked:SacredDeck"},{"not_picked":["FrozenCore","Replay:Ancient Bell"],"picked":"Coffee Dripper"},{"not_picked":["Replay:Bronze Core","ReplayTheSpireMod:DimensionalGlitch"],"picked":"Inserter"},{"not_picked":["Black Star","Snecko Eye"],"picked":"SlaversCollar"},{"not_picked":["ReplayTheSpireMod:DimensionalGlitch","beaked:MawFillet"],"picked":"Honey Jar"},{"not_picked":["Kintsugi","Abe\u0027s Treasure"],"picked":"ChewingGum"},{"not_picked":["Tiny House","Replay:Bronze Core"],"picked":"beaked:SacredNecklace"},{"not_picked":["Painkiller Herb","Abe\u0027s Treasure"],"picked":"Astrolabe"},{"not_picked":["ReplayTheSpireMod:SealedPack","beaked:MawFillet"],"picked":"SacredBark"}],"items_purged_floors":[19,38,47,48,53,71,96,107,123,132,143],"is_endless":true,"potions_floor_spawned":[1,5,13,18,20,23,30,41,46,50,54,58,61,62,63,67,69,70,72,73,75,78,81,82,84,86,87,89,90,91,98,101,103,104,106,111,114,116,117,118,120,122,124,125,128,131,133,135,137,139,142,145,146,148,149,152,154,158,159],"ascension_level":0}}