{"host":"6ko66ogg91i6g7xq","time":1607743081,"event":{"mods":["AchievementEnabler","Act Like it!","BaseMod","Colored Map","Colored Powertips","Downfall","Hermit","Minty Spire (QoL Compilation)","Quick Restart","Relic Stats","StSLib","The Jungle","everything is the same but u backflip on backflip"],"gold_per_floor":[114,134,309,309,11,38,54,73,118,130,148,177,177,196,196,297,297,312,312,325,336,611,611,639,650,650,682,702,702,233,273,273,384,384,395,238,238,256,275,303,303,322,348,348,362,386,386,413,413,413,413,413,75,110,110,110],"floor_reached":55,"playtime":3158,"items_purged":["Doubt"],"score":976,"play_id":"26f4d257-ff6a-4ef4-a5fd-50ff7c926105","local_time":"20201211221801","is_ascension_mode":false,"campfire_choices":[{"floor":13,"key":"RECALL"},{"data":"Envenom","floor":15,"key":"SMITH"},{"data":"Terror","floor":23,"key":"SMITH"},{"data":"Malaise","floor":29,"key":"SMITH"},{"data":"Accuracy","floor":32,"key":"SMITH"},{"data":"Infinite Blades","floor":41,"key":"SMITH"},{"data":"Die Die Die","floor":44,"key":"SMITH"},{"floor":49,"key":"REST"},{"data":"Storm of Steel","floor":52,"key":"SMITH"}],"circlet_count":0,"master_deck":["Strike_G+1","Strike_G+1","Strike_G+1","Strike_G+1","Strike_G+1","Defend_G+1","Defend_G+1","Defend_G+1","Defend_G+1","Defend_G+1","Survivor+1","Neutralize","Blade Dance+1","Accuracy+1","Dagger Spray","Envenom+1","Blade Dance","Infinite Blades+1","Terror+1","Venomology+1","Blade Dance","Blade Dance+1","Leg Sweep+1","Dodge and Roll","Malaise+1","Blur+1","Die Die Die+1","Cloak And Dagger","Corpse Explosion","Blade Dance+1","Storm of Steel+1","Footwork","Phantasmal Killer","Accuracy","Cloak And Dagger+1","Backstab","Dash+1"],"relics":["Ring of the Snake","NeowsBlessing","Omamori","Shuriken","Ancient Tea Set","Bronze Scales","WristBlade","Question Card","Bag of Marbles","War Paint","Ninja Scroll","Lantern","CeramicFish","SlaversCollar","Akabeko","Centennial Puzzle","Mercury Hourglass","Oddly Smooth Stone","Orrery","Toy Ornithopter"],"acts_visited":["Exordium","TheCity","TheBeyond","TheEnding"],"potions_floor_usage":[8,12,18,18,21,24,25,27,28,31,33,39,46,50,50,54,55],"damage_taken":[{"damage":0,"enemies":"Small Slimes","floor":1,"turns":1},{"damage":0,"enemies":"Cultist","floor":2,"turns":1},{"damage":0,"enemies":"3 Sentries","floor":6,"turns":1},{"damage":0,"enemies":"Jaw Worm","floor":7,"turns":2},{"damage":6,"enemies":"Lots of Slimes","floor":8,"turns":3},{"damage":2,"enemies":"Blue Slaver","floor":10,"turns":4},{"damage":2,"enemies":"Gremlin Gang","floor":11,"turns":3},{"damage":0,"enemies":"Lagavulin","floor":12,"turns":4},{"damage":0,"enemies":"Looter","floor":14,"turns":2},{"damage":23,"enemies":"Hexaghost","floor":16,"turns":5},{"damage":0,"enemies":"2 Thieves","floor":18,"turns":4},{"damage":0,"enemies":"Spheric Guardian","floor":20,"turns":1},{"damage":4,"enemies":"Centurion and Healer","floor":21,"turns":2},{"damage":0,"enemies":"Gremlin Leader","floor":24,"turns":2},{"damage":5,"enemies":"Snake Plant","floor":25,"turns":3},{"damage":8,"enemies":"Book of Stabbing","floor":27,"turns":3},{"damage":3,"enemies":"3 Cultists","floor":28,"turns":2},{"damage":0,"enemies":"Slavers","floor":31,"turns":3},{"damage":0,"enemies":"Champ","floor":33,"turns":4},{"damage":0,"enemies":"Orb Walker","floor":35,"turns":1},{"damage":1,"enemies":"3 Shapes","floor":38,"turns":2},{"damage":0,"enemies":"Sphere and 2 Shapes","floor":39,"turns":1},{"damage":11,"enemies":"Nemesis","floor":40,"turns":3},{"damage":0,"enemies":"Writhing Mass","floor":42,"turns":1},{"damage":0,"enemies":"Transient","floor":45,"turns":5},{"damage":1,"enemies":"3 Darklings","floor":46,"turns":2},{"damage":13,"enemies":"Giant Head","floor":48,"turns":4},{"damage":54,"enemies":"Time Eater","floor":50,"turns":7},{"damage":3,"enemies":"Shield and Spear","floor":54,"turns":3},{"damage":92,"enemies":"The Heart","floor":55,"turns":3}],"seed_played":"2116879577683522790","potions_obtained":[{"floor":2,"key":"SpeedPotion"},{"floor":6,"key":"BlessingOfTheForge"},{"floor":8,"key":"Dexterity Potion"},{"floor":11,"key":"AttackPotion"},{"floor":16,"key":"SkillPotion"},{"floor":21,"key":"Strength Potion"},{"floor":31,"key":"Fire Potion"},{"floor":40,"key":"Guardian:BlockOnCardUsePotion"},{"floor":45,"key":"AttackPotion"},{"floor":48,"key":"FearPotion"}],"is_trial":false,"path_per_floor":["M","M","?","?","$","E","M","M","T","M","M","E","R","M","R","B",null,"M","?","M","M","?","R","E","M","T","E","M","R","$","E","R","B",null,"M","$","?","M","M","E","R","M","T","R","M","M","$","E","R","B",null,"R","$","E","B"],"character_chosen":"THE_SILENT","items_purchased":["Accuracy","Omamori","Ninja Scroll","Lantern","Die Die Die","Akabeko","Oddly Smooth Stone","Footwork","Orrery"],"campfire_rested":1,"item_purchase_floors":[5,5,30,30,30,36,53,53,53],"current_hp_per_floor":[70,70,70,70,70,70,70,64,64,62,60,60,60,60,60,37,70,70,70,70,66,66,66,66,61,61,53,50,50,50,50,50,50,70,70,70,70,69,69,58,58,58,58,58,58,57,57,44,65,11,70,70,70,67,0,0],"gold":110,"neow_bonus":"THREE_ENEMY_KILL","is_daily":false,"chose_seed":false,"campfire_upgraded":7,"win_rate":0.0,"timestamp":1607743081,"path_taken":["M","M","?","?","$","E","?","M","T","M","M","E","R","M","R","BOSS","M","?","M","M","?","R","E","M","T","E","M","R","$","E","R","BOSS","M","?","?","?","M","E","R","M","T","R","M","M","$","E","R","BOSS","R","$","E","BOSS"],"items_purchased_type":["Card","Relic","Relic","Relic","Card","Relic","Relic","Card","Relic"],"build_version":"2020-11-30","purchased_purges":1,"victory":false,"max_hp_per_floor":[70,70,70,70,70,70,70,70,70,70,70,70,70,70,70,70,70,70,70,70,70,70,70,70,70,70,70,70,70,70,70,70,70,70,70,70,70,70,70,70,70,70,70,70,70,70,70,70,70,70,70,70,70,70,70,70],"relic_stats":{"Centennial Puzzle":[13],"counters":[30,82],"Shuriken":[89],"Bronze Scales":[193],"CeramicFish":90,"War Paint":["Survivor","Venomology"],"Question Card":19,"obtain_stats":[{"Lantern":30,"NeowsBlessing":0,"CeramicFish":31,"Oddly Smooth Stone":53,"Omamori":5,"War Paint":27,"Ancient Tea Set":9,"Question Card":24,"Akabeko":36,"Mercury Hourglass":48,"SlaversCollar":34,"Centennial Puzzle":40,"WristBlade":17,"Shuriken":6,"Ninja Scroll":30,"Bronze Scales":12,"Orrery":53,"Bag of Marbles":26,"Toy Ornithopter":54,"Ring of the Snake":0},{"Lantern":17,"NeowsBlessing":0,"CeramicFish":18,"Oddly Smooth Stone":28,"Omamori":2,"War Paint":16,"Ancient Tea Set":5,"Question Card":14,"Akabeko":20,"Mercury Hourglass":27,"SlaversCollar":19,"Centennial Puzzle":23,"WristBlade":10,"Shuriken":3,"Ninja Scroll":17,"Bronze Scales":8,"Orrery":28,"Bag of Marbles":15,"Toy Ornithopter":29,"Ring of the Snake":0},{"Lantern":43,"NeowsBlessing":0,"CeramicFish":46,"Oddly Smooth Stone":76,"Omamori":2,"War Paint":41,"Ancient Tea Set":8,"Question Card":35,"Akabeko":51,"Mercury Hourglass":69,"SlaversCollar":50,"Centennial Puzzle":57,"WristBlade":26,"Shuriken":3,"Ninja Scroll":43,"Bronze Scales":19,"Orrery":76,"Bag of Marbles":38,"Toy Ornithopter":79,"Ring of the Snake":0}],"Toy Ornithopter":3,"Ring of the Snake":[60],"Mercury Hourglass":[39]},"card_choices":[{"not_picked":["Dash","Poisoned Stab"],"picked":"Blade Dance","floor":1},{"not_picked":["PiercingWail","Acrobatics","Flying Knee"],"picked":"SKIP","floor":2},{"not_picked":["Prepared","Crippling Poison"],"picked":"Dagger Spray","floor":6},{"not_picked":["Bane","Backstab"],"picked":"Envenom","floor":7},{"not_picked":["Slice","Quick Slash"],"picked":"Blade Dance","floor":8},{"not_picked":["Caltrops","Cloak And Dagger"],"picked":"Infinite Blades","floor":10},{"not_picked":["PiercingWail","Poisoned Stab","Endless Agony"],"picked":"SKIP","floor":11},{"not_picked":["After Image","Concentrate"],"picked":"Terror","floor":12},{"not_picked":["Well Laid Plans","Escape Plan","Deflect"],"picked":"SKIP","floor":14},{"not_picked":["Unload","Malaise"],"picked":"Venomology","floor":16},{"not_picked":["Skewer+1","Cloak And Dagger"],"picked":"Blade Dance","floor":18},{"not_picked":["Flechettes","Eviscerate+1","Flying Knee"],"picked":"SKIP","floor":20},{"not_picked":["Bane","Backflip"],"picked":"Blade Dance+1","floor":21},{"not_picked":["Caltrops+1","Expertise"],"picked":"Leg Sweep+1","floor":24},{"not_picked":["Poisoned Stab+1","Deadly Poison+1","Bane+1"],"picked":"Dodge and Roll","floor":25},{"not_picked":["Caltrops","PiercingWail","Outmaneuver+1"],"picked":"Malaise","floor":27},{"not_picked":["Expertise+1","Acrobatics","Quick Slash"],"picked":"Blur+1","floor":28},{"not_picked":["Dash","Blade Dance","Backflip"],"picked":"Cloak And Dagger","floor":31},{"not_picked":["Envenom","Storm of Steel","Die Die Die"],"picked":"Corpse Explosion","floor":33},{"not_picked":["Deflect","Prepared","Escape Plan","All Out Attack+1"],"picked":"SKIP","floor":35},{"not_picked":["Riddle With Holes+1","Backflip","Outmaneuver","Underhanded Strike"],"picked":"SKIP","floor":38},{"not_picked":["Bouncing Flask","Flying Knee","Masterful Stab+1","Acrobatics+1"],"picked":"SKIP","floor":39},{"not_picked":["Distraction","Underhanded Strike+1","Choke+1","Expertise+1"],"picked":"SKIP","floor":40},{"not_picked":["Flying Knee","Deflect","Well Laid Plans+1"],"picked":"Blade Dance+1","floor":42},{"not_picked":["Outmaneuver+1","Prepared+1","Masterful Stab","Underhanded Strike"],"picked":"SKIP","floor":45},{"not_picked":["Reflex","Masterful Stab","Dash"],"picked":"Storm of Steel","floor":46},{"not_picked":["Underhanded Strike+1","Dagger Spray","Sucker Punch+1","Bouncing Flask"],"picked":"SKIP","floor":48},{"not_picked":["PiercingWail+1","Slice+1","Quick Slash"],"picked":"Phantasmal Killer","floor":53},{"not_picked":["Dagger Throw+1","Bane","Blade Dance"],"picked":"Accuracy","floor":53},{"not_picked":["Bane","Dagger Spray","Noxious Fumes"],"picked":"Cloak And Dagger+1","floor":53},{"not_picked":["Dagger Spray","Poisoned Stab","Corpse Explosion"],"picked":"Backstab","floor":53},{"not_picked":["PiercingWail","Bane+1","Dagger Throw"],"picked":"Dash+1","floor":54}],"player_experience":252044,"relics_obtained":[{"floor":6,"key":"Shuriken"},{"floor":9,"key":"Ancient Tea Set"},{"floor":12,"key":"Bronze Scales"},{"floor":24,"key":"Question Card"},{"floor":26,"key":"Bag of Marbles"},{"floor":27,"key":"War Paint"},{"floor":31,"key":"CeramicFish"},{"floor":40,"key":"Centennial Puzzle"},{"floor":48,"key":"Mercury Hourglass"},{"floor":54,"key":"Toy Ornithopter"}],"event_choices":[{"damage_healed":0,"gold_gain":175,"player_choice":"AGREE","damage_taken":0,"max_hp_gain":0,"max_hp_loss":0,"event_name":"Liars Game","floor":3,"gold_loss":0,"cards_obtained":["Doubt"]},{"damage_healed":0,"gold_gain":0,"player_choice":"Forge","damage_taken":0,"max_hp_gain":0,"max_hp_loss":0,"event_name":"Accursed Blacksmith","floor":4,"gold_loss":0,"cards_upgraded":["Blade Dance"]},{"damage_healed":0,"gold_gain":0,"player_choice":"Simplicity","damage_taken":0,"max_hp_gain":0,"max_hp_loss":0,"event_name":"Back to Basics","floor":19,"gold_loss":0,"cards_upgraded":["Strike_G","Strike_G","Strike_G","Strike_G","Strike_G","Defend_G","Defend_G","Defend_G","Defend_G","Defend_G"]},{"damage_healed":0,"gold_gain":275,"player_choice":"Desecrate","damage_taken":0,"max_hp_gain":0,"max_hp_loss":0,"event_name":"Golden Shrine","floor":22,"gold_loss":0,"cards_obtained":["Regret"]},{"damage_healed":0,"gold_gain":0,"player_choice":"Bought 0 Potions","damage_taken":0,"max_hp_gain":0,"max_hp_loss":0,"event_name":"The Woman in Blue","floor":37,"gold_loss":0}],"is_beta":false,"boss_relics":[{"not_picked":["Empty Cage","Coffee Dripper"],"picked":"WristBlade"},{"not_picked":["Sozu","Ring of the Serpent"],"picked":"SlaversCollar"}],"items_purged_floors":[5],"is_endless":false,"potions_floor_spawned":[2,6,8,11,16,21,27,31,33,40,45,48],"killed_by":"The Heart","ascension_level":0}}