{"host":"mvz90ilxx8epviq1","time":1607803396,"event":{"mods":["2.2 Compatiblity","Act Like it!","BaseMod","Better Note","Better Third Choice","Better Vampires","Colored Map","Colored Powertips","Downfall","Gensokyo","Hallownest","Hermit","Hubris","Infinite Spire","Marisa????????","Minty Spire (QoL Compilation)","Replay The Spire","Shop Mod","Spicy Shops","StSLib","The Alterego","The Bug Knight","The Cursed","The Mystic","The Senshi","The Servant 0.9.4","The Wild Card","slay the spire mod where everything is the same but ironclad has a cowboy hat"],"gold_per_floor":[110,127,127,52,52,52,52,86,86,86,86,100,111,123,133,167,167,272,372,386,386,436,436,436,436,471,483,483,503,557,250,250,250,250,350,350,360,360,369,424,434,434,453,453,480,480,480,496,196,242,242,344,344,337,337,337,337,335,640,649,649,675,670,600,585,588,440,440,506,518,520,532,527,531,543,555,557,569,581,576,588,589,556,548,560,603,615,595,607,534,392,368,303,280,255,282,222,222,222,222,202,202,232,232,228,232,232,232,232,235,235,289,313,309,311,311,386,336,403,455,455,431,431,425,425,425,419,419,390,390,369,374,362,362,350,350,414,414,399,399,400,400,383,383,417,402,429,424,401,381,380,364,370,413,413,421,421,421],"floor_reached":157,"playtime":24767,"items_purged":["HollowMod:QuickDashStart","HollowMod:PogoStrike","HollowMod:theNailsmith+1","Clumsy","Writhe"],"score":3676,"play_id":"917d922a-5297-4c31-a60e-06e0f5897a98","local_time":"20201212150316","is_ascension_mode":false,"campfire_choices":[{"data":"HollowMod:LifebloodCore","floor":10.0,"key":"SMITH"},{"data":"HollowMod:theNailsmith","floor":17.0,"key":"SMITH"},{"data":"HollowMod:CycloneSlash","floor":25.0,"key":"SMITH"},{"floor":34.0,"key":"RECALL"},{"data":"HollowMod:AwokenDreamNail","floor":42.0,"key":"SMITH"},{"data":"HollowMod:BrokenVessel","floor":44.0,"key":"SMITH"},{"data":"infinitespire:Fortify","floor":46.0,"key":"SMITH"},{"floor":68.0,"key":"DIG"},{"data":"ReplayTheSpireMod:Black Plague","floor":144.0,"key":"SMITH"}],"circlet_count":2,"master_deck":["HollowMod:LifebloodCore+1","HollowMod:CloakDash+1","HollowMod:CycloneSlash+1","HollowMod:HuntersJournal+1","HollowMod:CloakDash+1","HollowMod:AwokenDreamNail+1","HollowMod:DoubleDash+1","HollowMod:MothsMistake+1","HollowMod:InfectedAttack+1","HollowMod:GoodIntentions+1","HollowMod:DreamGate+1","HollowMod:DesolateDive+1","HollowMod:CloakDash+1","HollowMod:BrokenVessel+1","HollowMod:SlysStrikes+1","HollowMod:SiblingsSouls+1","HollowMod:InfectedAttack+1","HollowMod:RecoilStrike+1","HollowMod:NewLastStag+1","HollowMod:MantisMark+1","HollowMod:SlysStrikes+1","HollowMod:MantisMark+1","HollowMod:BaldurShell+1","HollowMod:Weaversong+1","HollowMod:ChannelNail+1","infinitespire:DeathsTouch+1","hubris:Rewind","HollowMod:InfectionAssault","HollowMod:BaldurShell+1","HollowMod:SlysStrikes+1","HollowMod:SlysStrikes+1","Hallownest:skillKingdomsEdgeMap","HollowMod:Grubsong+1","HollowMod:CloakDash+1","HollowMod:SiblingsSouls+1","HollowMod:TaintedHusks+1","HollowMod:AbyssShriek+1","HollowMod:SharpenedNail+1","HollowMod:DoubleDash+1","HollowMod:SoulStrike+1","ReplayTheSpireMod:Black Plague+1","HollowMod:NewJinnsSoul+1","HollowMod:BrokenVessel+1","Replay:SS_hec_4","HollowMod:HeavyBlow"],"relics":["HollowMod:VesselMask","Hallownest:DreamNailRelic","infinitespire:PuzzleCube","hubris:DeckOfHolding","Juzu Bracelet","infinitespire:Cupcake","Replay:Wanted Poster","Replay:Drink Me","Tiny House","Ring of Fangs","Bottled Tornado","Mirror","Membership Card","MerchantsRug","Replay:Bottled Eggs","Hallownest:NailmastersGloryRelic","Coffee Dripper","Nunchaku","Hallownest:HeavyBlowRelic","Fusion Hammer","Akabeko","Hallownest:TeacherSealRelic","Circlet","Happy Flower","Hallownest:StagBellRelic1","infinitespire:Beetle Shell","Replay:Accelerometer","SlaversCollar","infinitespire:Broken Mirror","Chameleon Ring","Mercury Hourglass","Bird Faced Urn","Pen Nib","Replay:Bronze Core","hubris:SphereOfDissonance","hubris:CuriousFeather","hubris:SlimyHat","Hallownest:KingsIdolRelic","Busted Crown","Replay:Multitool","SacredBark","Boot","hubris:Icosahedron","hubris:Towel","Potion Belt","TungstenRod","Gremlin Food","hubris:GrandSneckoEye","Replay:PocketPolymizer","Eternal Feather","Replay:Rubber Ducky","hubris:EmptyBottle","Garlic","CatCart","Replay:Grab Bag","Runic Dome","Philosopher\u0027s Stone","hubris:Backtick","Quantum Egg","hubris:ScarierMask"],"acts_visited":["Exordium","Hallownest:Greenpath","Hallownest:CityofTears","Hallownest:KingdomsEdge","Hallownest:Greenpath","Hallownest:CityofTears","Exordium","TheBeyond","Exordium"],"potions_floor_usage":[151,152,152,154],"damage_taken":[{"damage":2.0,"enemies":"Hallownest:monsterHuskGuard","floor":1.0,"turns":5.0},{"damage":2.0,"enemies":"Hallownest:2_Tiktiks_and_1_Crawlid","floor":2.0,"turns":3.0},{"damage":16.0,"enemies":"Hallownest:eliteCrystalGuardian","floor":8.0,"turns":8.0},{"damage":0.0,"enemies":"Hallownest:2_Baldur","floor":12.0,"turns":3.0},{"damage":0.0,"enemies":"Hallownest:monsterAspidMother","floor":13.0,"turns":4.0},{"damage":0.0,"enemies":"Hallownest:2_Tiktiks_1_Baldur_1_Crawlid","floor":14.0,"turns":3.0},{"damage":0.0,"enemies":"Hallownest:Guard_and_Warrior","floor":15.0,"turns":5.0},{"damage":0.0,"enemies":"Hallownest:eliteMossKnight","floor":16.0,"turns":8.0},{"damage":9.0,"enemies":"Hallownest:BossBrokenVessel","floor":18.0,"turns":8.0},{"damage":0.0,"enemies":"Hallownest:3_Youths","floor":20.0,"turns":4.0},{"damage":0.0,"enemies":"Nightmare","floor":26.0,"turns":5.0},{"damage":0.0,"enemies":"Hallownest:Guard_and_Sentry","floor":27.0,"turns":3.0},{"damage":0.0,"enemies":"Hallownest:Master_and_Novice","floor":29.0,"turns":2.0},{"damage":0.0,"enemies":"Hallownest:Glutton_and_Coward","floor":30.0,"turns":3.0},{"damage":0.0,"enemies":"Hallownest:BossMantisLord","floor":35.0,"turns":4.0},{"damage":0.0,"enemies":"Hallownest:2_Littles","floor":37.0,"turns":2.0},{"damage":0.0,"enemies":"Hallownest:2_Primals","floor":40.0,"turns":4.0},{"damage":0.0,"enemies":"Hallownest:3_Siblings","floor":41.0,"turns":3.0},{"damage":0.0,"enemies":"Hallownest:2_Wing_and_1_Kings","floor":43.0,"turns":3.0},{"damage":0.0,"enemies":"Hallownest:Xero_Hu_Marmu","floor":48.0,"turns":2.0},{"damage":0.0,"enemies":"Hallownest:BossGreyPrinceZote","floor":52.0,"turns":5.0},{"damage":0.0,"enemies":"Hallownest:monsterHuskGuard","floor":54.0,"turns":2.0},{"damage":0.0,"enemies":"Hallownest:2_Tiktiks_and_1_Crawlid","floor":58.0,"turns":2.0},{"damage":3.0,"enemies":"Hallownest:eliteVengeflyKing","floor":59.0,"turns":2.0},{"damage":0.0,"enemies":"Hallownest:2_Baldur","floor":60.0,"turns":1.0},{"damage":0.0,"enemies":"Hallownest:monsterMossCharger","floor":63.0,"turns":2.0},{"damage":0.0,"enemies":"Hallownest:1_Ooma_and_2_Uuma","floor":65.0,"turns":2.0},{"damage":0.0,"enemies":"Hallownest:eliteMossKnight","floor":66.0,"turns":2.0},{"damage":0.0,"enemies":"Hallownest:BossFalseKnight","floor":69.0,"turns":4.0},{"damage":0.0,"enemies":"Hallownest:Guard_and_Sentry","floor":71.0,"turns":2.0},{"damage":0.0,"enemies":"Hallownest:Flukemon_and_Top","floor":73.0,"turns":3.0},{"damage":0.0,"enemies":"Hallownest:Master_and_Novice","floor":74.0,"turns":2.0},{"damage":8.0,"enemies":"Nightmare","floor":77.0,"turns":4.0},{"damage":0.0,"enemies":"Hallownest:Warrior_and_Youth","floor":80.0,"turns":2.0},{"damage":0.0,"enemies":"Hallownest:eliteSoulWarrior","floor":82.0,"turns":2.0},{"damage":0.0,"enemies":"Hallownest:eliteWatcherKnight","floor":84.0,"turns":7.0},{"damage":0.0,"enemies":"Hallownest:BossSoulMaster","floor":86.0,"turns":4.0},{"damage":0.0,"enemies":"Hallownest:3_Siblings","floor":88.0,"turns":3.0},{"damage":0.0,"enemies":"Hallownest:Shield_Heavy","floor":92.0,"turns":2.0},{"damage":0.0,"enemies":"Nightmare","floor":93.0,"turns":3.0},{"damage":0.0,"enemies":"Hallownest:monsterPrimalAspid","floor":94.0,"turns":2.0},{"damage":4.0,"enemies":"Hallownest:Shield_Sturdy","floor":101.0,"turns":3.0},{"damage":0.0,"enemies":"Hallownest:BossHollowKnight","floor":103.0,"turns":2.0},{"damage":0.0,"enemies":"Cultist","floor":105.0,"turns":2.0},{"damage":0.0,"enemies":"2 Louse","floor":106.0,"turns":2.0},{"damage":0.0,"enemies":"Replay:BlueRogue","floor":110.0,"turns":3.0},{"damage":0.0,"enemies":"Small Slimes","floor":114.0,"turns":2.0},{"damage":4.0,"enemies":"2 Fungi Beasts","floor":115.0,"turns":2.0},{"damage":0.0,"enemies":"HollowMod:FalseKnight","floor":120.0,"turns":4.0},{"damage":0.0,"enemies":"Hallownest:Flukemon_and_Top","floor":122.0,"turns":3.0},{"damage":0.0,"enemies":"Hallownest:Guard_and_Sentry","floor":124.0,"turns":2.0},{"damage":0.0,"enemies":"Hallownest:eliteSoulWarrior","floor":127.0,"turns":3.0},{"damage":53.0,"enemies":"Nightmare","floor":129.0,"turns":6.0},{"damage":0.0,"enemies":"Hallownest:2_Flukemon","floor":131.0,"turns":3.0},{"damage":0.0,"enemies":"Hallownest:Nosk","floor":132.0,"turns":3.0},{"damage":22.0,"enemies":"Hallownest:3_Mistakes","floor":133.0,"turns":3.0},{"damage":14.0,"enemies":"Hallownest:Warrior_and_Youth","floor":135.0,"turns":3.0},{"damage":0.0,"enemies":"Hallownest:BossMantisLord","floor":137.0,"turns":3.0},{"damage":0.0,"enemies":"Orb Walker","floor":139.0,"turns":2.0},{"damage":0.0,"enemies":"3 Darklings","floor":141.0,"turns":2.0},{"damage":0.0,"enemies":"Writhing Mass","floor":143.0,"turns":3.0},{"damage":0.0,"enemies":"infinitespire:Three Voidlings","floor":145.0,"turns":2.0},{"damage":16.0,"enemies":"Nightmare_Alpha","floor":145.0,"turns":5.0},{"damage":15,"enemies":"R_Hoarder","floor":146,"turns":4},{"damage":0,"enemies":"4 Shapes","floor":148,"turns":3},{"damage":0,"enemies":"Maw","floor":150,"turns":3},{"damage":0,"enemies":"Reptomancer","floor":151,"turns":3},{"damage":0,"enemies":"Writhing Mass","floor":152,"turns":3},{"damage":0,"enemies":"Orin","floor":153,"turns":4},{"damage":0,"enemies":"infinitespire:MassOfShapes","floor":154,"turns":5},{"damage":0,"enemies":"Small Slimes","floor":156,"turns":3},{"damage":129,"enemies":"Jaw Worm","floor":157,"turns":7}],"seed_played":"1628616293920661069","potions_obtained":[{"floor":2.0,"key":"DistilledChaos"},{"floor":12.0,"key":"LifebloodPotion"},{"floor":13.0,"key":"LifebloodPotion"},{"floor":18.0,"key":"Fire Potion"},{"floor":22.0,"key":"Ancient Potion"},{"floor":29.0,"key":"Reflective Coating"},{"floor":30.0,"key":"Block Potion"},{"floor":37.0,"key":"AttackPotion"},{"floor":40.0,"key":"EssenceOfSteel"},{"floor":52.0,"key":"Swift Potion"},{"floor":65.0,"key":"Energy Potion"},{"floor":69.0,"key":"DistilledChaos"},{"floor":78.0,"key":"CultistPotion"},{"floor":78.0,"key":"hexamod:EctoCoolerPotion"},{"floor":84.0,"key":"SkillPotion"},{"floor":85.0,"key":"EntropicBrew"},{"floor":86.0,"key":"Block Potion"},{"floor":88.0,"key":"PowerPotion"},{"floor":103.0,"key":"Weak Potion"},{"floor":115.0,"key":"Dexterity Potion"},{"floor":120.0,"key":"ColorlessPotion"},{"floor":128.0,"key":"Venom Potion"},{"floor":128.0,"key":"ColorlessPotion"},{"floor":131.0,"key":"Regen Potion"},{"floor":133.0,"key":"Adrenaline Potion"},{"floor":135.0,"key":"SteroidPotion"},{"floor":137.0,"key":"sneckomod:MuddlingPotion"},{"floor":139.0,"key":"Explosive Potion"},{"floor":143.0,"key":"DuplicationPotion"},{"floor":150,"key":"GamblersBrew"},{"floor":151,"key":"LifebloodPotion"},{"floor":152,"key":"sneckomod:MuddlingPotion"},{"floor":154,"key":"LiquidMemories"},{"floor":156,"key":"Swift Potion"}],"is_trial":false,"path_per_floor":["M","M","$","?","PTL","PTL","?","E","?","R","T","M","M","M","M","E","R","B",null,"M","?","AVR","?","?","R","NM","M","T","M","M","$","?","?","R","B",null,"M","?","$","?","M","R","M","R","T","R","?","M","?","?","R_BF","B",null,"M","T","?","?","M","E","M","R","T","M","?","M","E","$","R_BF","B",null,"M","?","M","M","?","R","NM","R","T","M","T","E","?","E","R","B",null,"M","?","?","$","M","NM","M","$","T","?","R","?","?","M","R","B",null,"M","M","?","?","?","E","AVR","R","T","M","M","?","?","?","R","B",null,"M","?","M","$","?","E","R","NM","T","M","E","M","R","M","R_BF","B",null,"M","?","M","?","M","R","?","E","T","M","$","M","E","M","R","B",null,"M","M"],"character_chosen":"THE_BUGKNIGHT","items_purchased":["Membership Card","MerchantsRug","War Paint","Replay:Bottled Eggs","Replay:Accelerometer","HollowMod:BaldurShell+1","Guide Book","hubris:SphereOfDissonance","HollowMod:Grubsong+1","Adrenaline Potion","hubris:EmptyBottle","Adrenaline Potion"],"campfire_rested":0,"item_purchase_floors":[31,31,31,31,67,67,67,91,91,95,149,149],"current_hp_per_floor":[75,75,75,75,75,75,75,65,61,61,61,61,67,67,73,75,75,69,57,57,43,48,48,48,48,48,48,48,48,48,48,48,48,48,48,62,62,62,62,62,62,62,62,62,62,62,57,57,57,43,43,43,57,57,57,57,57,57,54,54,54,54,54,54,54,54,54,54,54,57,57,57,57,57,57,57,49,49,49,49,49,67,67,67,67,67,67,67,67,67,67,67,67,67,67,67,74,74,70,73,74,74,74,74,74,74,74,74,74,74,74,74,74,74,74,59,51,54,54,74,74,74,74,74,74,74,74,74,29,39,63,84,70,84,84,84,84,84,84,84,84,84,84,84,78,79,79,84,84,84,84,84,84,84,84,84,0,0],"gold":421,"neow_bonus":"ONE_RANDOM_RARE_CARD","is_daily":false,"chose_seed":false,"campfire_upgraded":7,"win_rate":0.0,"timestamp":1607803396,"path_taken":["M","M","?","?","PTL","PTL","?","E","?","R","T","?","?","?","M","E","R","BOSS","M","?","AVR","?","?","R","NM","M","T","M","M","$","?","?","R","BOSS","M","?","$","?","M","R","M","R","T","R","?","M","?","?","R_BF","BOSS","M","?","?","?","M","E","M","R","T","M","?","M","E","$","R_BF","BOSS","M","?","M","M","?","R","NM","R","T","M","?","E","?","E","R","BOSS","M","?","?","?","M","NM","M","$","T","?","R","?","?","M","R","BOSS","M","M","?","?","?","E","AVR","R","T","M","M","?","?","?","R","BOSS","M","?","M","?","?","E","R","NM","T","M","E","M","R","M","R_BF","BOSS","M","?","M","?","M","R","?","E","T","M","$","M","E","M","R","BOSS","M","M"],"items_purchased_type":["Relic","Relic","Relic","Relic","Relic","Card","Relic","Relic","Card","Potion","Relic","Potion"],"build_version":"2020-11-30","purchased_purges":5,"victory":false,"max_hp_per_floor":[75,75,75,75,75,75,75,75,75,75,75,75,75,75,75,75,75,75,57,57,57,62,62,62,62,62,62,62,62,62,62,62,62,62,62,62,62,62,62,62,62,62,62,62,62,62,57,57,57,57,57,57,57,57,57,57,57,57,57,57,57,57,57,57,57,57,57,57,57,57,57,57,57,57,57,57,57,57,57,57,57,67,67,67,67,67,67,67,67,67,67,67,67,67,67,67,74,74,74,74,74,74,74,74,74,74,74,74,74,74,74,74,74,74,74,74,74,74,74,74,74,74,74,74,74,74,74,74,74,84,84,84,84,84,84,84,84,84,84,84,84,84,84,84,84,84,84,84,84,84,84,84,84,84,84,84,84,84],"card_choices":[{"not_picked":["HollowMod:DescendingDark","HollowMod:HowlingWraiths"],"picked":"HollowMod:CloakDash","floor":1.0},{"not_picked":["HollowMod:RecoilStrike","HollowMod:VengefulVoid"],"picked":"HollowMod:CloakDash","floor":2.0},{"not_picked":["HollowMod:GoodIntentions","HollowMod:LifebloodCocoon"],"picked":"HollowMod:SoulSplash","floor":8.0},{"not_picked":["HollowMod:GrimmsGift","HollowMod:InfectedAttack"],"picked":"HollowMod:theNailsmith","floor":12.0},{"not_picked":["HollowMod:FallenFury","HollowMod:WraithStrike"],"picked":"HollowMod:CycloneSlash","floor":13.0},{"not_picked":["HollowMod:ShadowDash","HollowMod:SoulSplash","HollowMod:HeavyBlow"],"picked":"SKIP","floor":14.0},{"not_picked":["HollowMod:ShadowDash","HollowMod:SoulSplash","HollowMod:HeavyBlow"],"picked":"SKIP","floor":14.0},{"not_picked":["HollowMod:GreatSlash","HollowMod:NewJinnsSoul"],"picked":"HollowMod:HuntersJournal","floor":15.0},{"not_picked":["HollowMod:ChannelNail","HollowMod:NewGlowingWomb"],"picked":"HollowMod:CloakDash","floor":16.0},{"not_picked":["HollowMod:VoidDash","HollowMod:LifebloodCore"],"picked":"HollowMod:AwokenDreamNail","floor":18.0},{"not_picked":["HollowMod:ChannelNail","HollowMod:BlackTendrils"],"picked":"HollowMod:GoodIntentions+1","floor":20.0},{"not_picked":["ReplayTheSpireMod:Book of Names","infinitespire:FutureSight"],"picked":"infinitespire:Fortify","floor":21.0},{"not_picked":["HollowMod:SharpenedShadows","HollowMod:ChannelNail"],"picked":"HollowMod:DreamGate","floor":22.0},{"not_picked":["HollowMod:LifebloodCore","HollowMod:BlackTendrils"],"picked":"HollowMod:DesolateDive+1","floor":26.0},{"not_picked":["HollowMod:ShadowDash","HollowMod:NewGlowingWomb"],"picked":"HollowMod:CloakDash+1","floor":27.0},{"not_picked":["HollowMod:HeavyBlow","HollowMod:PerfectDash","HollowMod:SiblingsSouls"],"picked":"SKIP","floor":29.0},{"not_picked":["HollowMod:MawleksShell","HollowMod:SoulStrike"],"picked":"HollowMod:BrokenVessel","floor":30.0},{"not_picked":["HollowMod:Hiveblood","HollowMod:SoulMaster"],"picked":"HollowMod:SlysStrikes","floor":35.0},{"not_picked":["HollowMod:DescendingDark+1","HollowMod:VengefulVoid"],"picked":"HollowMod:SiblingsSouls+1","floor":37.0},{"not_picked":["HollowMod:InfectedAttack","HollowMod:Hiveblood","HollowMod:SharpenedShadows+1"],"picked":"SKIP","floor":41.0},{"not_picked":["HollowMod:Grubsong","HollowMod:NewLittleFool+1"],"picked":"HollowMod:InfectedAttack+1","floor":43.0},{"not_picked":["HollowMod:DoubleDash","HollowMod:DesolateDive+1"],"picked":"HollowMod:RecoilStrike+1","floor":48.0},{"not_picked":["HollowMod:SiblingsSouls","HollowMod:CloakDash"],"picked":"HollowMod:MantisMark+1","floor":50.0},{"not_picked":["HollowMod:ShapeofUnn","HollowMod:HeavyBlow"],"picked":"HollowMod:SiblingsSouls+1","floor":50.0},{"not_picked":["HollowMod:LifebloodCore","HollowMod:ZotesMagnificence"],"picked":"HollowMod:SlysStrikes","floor":52.0},{"not_picked":["HollowMod:DesolateDive","HollowMod:DreamGate","HollowMod:GoodIntentions"],"picked":"SKIP","floor":54.0},{"not_picked":["HollowMod:CornifersMapStart","HollowMod:InfectedAttack","HollowMod:WraithStrike"],"picked":"SKIP","floor":58.0},{"not_picked":["HollowMod:DoubleDash","HollowMod:MothsMistake"],"picked":"HollowMod:MantisMark","floor":59.0},{"not_picked":["HollowMod:DescendingDark","HollowMod:NewLittleFool","HollowMod:NewJinnsSoul"],"picked":"SKIP","floor":60.0},{"not_picked":["HollowMod:NewLittleFool","HollowMod:SoulShaman","HollowMod:HowlingWraiths"],"picked":"SKIP","floor":63.0},{"not_picked":["HollowMod:MonarchWings","HollowMod:SoulSplash","HollowMod:MothsMistake"],"picked":"SKIP","floor":65.0},{"not_picked":["HollowMod:TaintedHusks","HollowMod:ChannelNail","HollowMod:RecoilStrike"],"picked":"SKIP","floor":66.0},{"not_picked":["HollowMod:MidwifesHunger","HollowMod:VoidDash"],"picked":"HollowMod:Weaversong","floor":69.0},{"not_picked":["HollowMod:VengefulVoid","HollowMod:RecoilStrike","HollowMod:HeavyBlow"],"picked":"SKIP","floor":71.0},{"not_picked":["HollowMod:FallenFury","HollowMod:LifebloodCocoon","HollowMod:SiblingsShadow"],"picked":"SKIP","floor":73.0},{"not_picked":["HollowMod:SoulStrike","HollowMod:SoulEater","HollowMod:VengefulSpirit"],"picked":"SKIP","floor":74.0},{"not_picked":["HollowMod:ShadowDash","HollowMod:DescendingDark"],"picked":"HollowMod:ChannelNail","floor":75.0},{"not_picked":["HollowMod:MothsMistake","HollowMod:SoulStrike"],"picked":"HollowMod:ShapeofUnn","floor":75.0},{"not_picked":["ReplayTheSpireMod:Echoes of Time","infinitespire:SealOfDarkness+"],"picked":"infinitespire:DeathsTouch","floor":75.0},{"not_picked":["infinitespire:TheBestDefense","infinitespire:NeuralNetwork"],"picked":"hubris:Rewind","floor":77.0},{"not_picked":["HollowMod:FallenFury+1","HollowMod:PureNailStrike"],"picked":"HollowMod:InfectionAssault","floor":77.0},{"not_picked":["HollowMod:NewJinnsSoul","HollowMod:Grubsong","HollowMod:WraithStrike"],"picked":"SKIP","floor":80.0},{"not_picked":["HollowMod:FastStrike","HollowMod:AbyssShriek"],"picked":"HollowMod:PureVessel","floor":82.0},{"not_picked":["HollowMod:SiblingsSouls","HollowMod:SharpenedNail","HollowMod:NewJinnsSoul"],"picked":"SKIP","floor":84.0},{"not_picked":["HollowMod:Weaversong","HollowMod:LifebloodCore"],"picked":"HollowMod:SlysStrikes","floor":86.0},{"not_picked":["HollowMod:CycloneSlash+1","HollowMod:GoodIntentions"],"picked":"HollowMod:BaldurShell+1","floor":88.0},{"not_picked":["HollowMod:SiblingsSouls+1","HollowMod:FallenFury+1"],"picked":"HollowMod:CloakDash+1","floor":92.0},{"not_picked":["HollowMod:CrystalDash+1","HollowMod:SoulEater","HollowMod:RecoilStrike"],"picked":"SKIP","floor":93.0},{"not_picked":["HollowMod:MothsMistake+1","HollowMod:VengefulVoid+1"],"picked":"HollowMod:SiblingsSouls+1","floor":94.0},{"not_picked":["HollowMod:SiblingsShadow","HollowMod:RecoilStrike"],"picked":"HollowMod:TaintedHusks+1","floor":101.0},{"not_picked":["HollowMod:HowlingWraiths"],"picked":"SKIP","floor":105.0},{"not_picked":["HollowMod:InfectedAttack"],"picked":"SKIP","floor":106.0},{"not_picked":["HollowMod:CoiledNail"],"picked":"SKIP","floor":110.0},{"not_picked":["HollowMod:SharpenedNail"],"picked":"SKIP","floor":114.0},{"not_picked":[],"picked":"HollowMod:SoulVessel","floor":115.0},{"not_picked":[],"picked":"HollowMod:DoubleDash+1","floor":122.0},{"not_picked":["HollowMod:GoodIntentions"],"picked":"SKIP","floor":124.0},{"not_picked":[],"picked":"HollowMod:SoulStrike+1","floor":127.0},{"not_picked":["Replay:Fractal Strike","infinitespire:DeathsTouch"],"picked":"ReplayTheSpireMod:Black Plague","floor":129.0},{"not_picked":["HollowMod:MawleksShell"],"picked":"SKIP","floor":129.0},{"not_picked":["HollowMod:CycloneSlash+1"],"picked":"SKIP","floor":131.0},{"not_picked":["HollowMod:MothsMistake"],"picked":"SKIP","floor":132.0},{"not_picked":["HollowMod:ShadowDash"],"picked":"SKIP","floor":133.0},{"not_picked":["HollowMod:PureNailStrike"],"picked":"SKIP","floor":135.0},{"not_picked":["HollowMod:GoodIntentions+1"],"picked":"SKIP","floor":139.0},{"not_picked":["HollowMod:SiblingsShadow+1"],"picked":"SKIP","floor":141.0},{"not_picked":["HollowMod:SiblingsSouls"],"picked":"SKIP","floor":143.0},{"not_picked":[],"picked":"HollowMod:NewJinnsSoul+1","floor":146},{"not_picked":["HollowMod:GoodIntentions+1"],"picked":"SKIP","floor":148},{"not_picked":["HollowMod:GrimmsGift+1"],"picked":"SKIP","floor":150},{"not_picked":["HollowMod:CoiledNail+1"],"picked":"SKIP","floor":151},{"not_picked":[],"picked":"HollowMod:BrokenVessel+1","floor":152},{"not_picked":[],"picked":"HollowMod:HeavyBlow","floor":156}],"player_experience":352662,"relics_obtained":[{"floor":8.0,"key":"infinitespire:PuzzleCube"},{"floor":11.0,"key":"hubris:CrystalStatue"},{"floor":16.0,"key":"Juzu Bracelet"},{"floor":23.0,"key":"Ring of Fangs"},{"floor":26.0,"key":"Bottled Tornado"},{"floor":28.0,"key":"Mirror"},{"floor":40.0,"key":"Pocketwatch"},{"floor":50.0,"key":"Nunchaku"},{"floor":55.0,"key":"Akabeko"},{"floor":59.0,"key":"Old Coin"},{"floor":62.0,"key":"Happy Flower"},{"floor":66.0,"key":"infinitespire:Beetle Shell"},{"floor":68.0,"key":"MawBank"},{"floor":77.0,"key":"Chameleon Ring"},{"floor":79.0,"key":"Mercury Hourglass"},{"floor":81.0,"key":"Bird Faced Urn"},{"floor":82.0,"key":"Pear"},{"floor":84.0,"key":"Pen Nib"},{"floor":93.0,"key":"hubris:CuriousFeather"},{"floor":96.0,"key":"hubris:SlimyHat"},{"floor":110.0,"key":"War Paint"},{"floor":113.0,"key":"Boot"},{"floor":127.0,"key":"Potion Belt"},{"floor":129.0,"key":"TungstenRod"},{"floor":130.0,"key":"Pear"},{"floor":132.0,"key":"Gremlin Food"},{"floor":145,"key":"Replay:PocketPolymizer"},{"floor":146,"key":"Eternal Feather"},{"floor":147,"key":"Replay:Rubber Ducky"},{"floor":151,"key":"Garlic"},{"floor":153,"key":"CatCart"}],"event_choices":[{"cards_removed":["HollowMod:ShapeofUnn"],"damage_healed":0.0,"max_hp_gain":0.0,"max_hp_loss":0.0,"gold_gain":0.0,"event_name":"Purifier","player_choice":"Purged","floor":109.0,"gold_loss":0.0,"damage_taken":0.0},{"damage_healed":74.0,"max_hp_gain":0.0,"max_hp_loss":74.0,"gold_gain":0.0,"event_name":"betterThird:BetterShining","player_choice":"Upgrade","floor":116.0,"gold_loss":0.0,"damage_taken":15.0,"cards_upgraded":["HollowMod:ChannelNail","HollowMod:Weaversong"]},{"damage_healed":0.0,"max_hp_gain":0.0,"max_hp_loss":0.0,"gold_gain":75.0,"event_name":"betterThird:BetterGoop","player_choice":"Gold","floor":117.0,"gold_loss":0.0,"damage_taken":11.0},{"cards_removed":["HollowMod:SlysStrikes"],"damage_healed":0.0,"max_hp_gain":0.0,"max_hp_loss":0.0,"gold_gain":0.0,"event_name":"The Cleric","player_choice":"Card Removal","floor":118.0,"gold_loss":50.0,"damage_taken":0.0},{"cards_removed":["HollowMod:PerfectDash"],"damage_healed":0.0,"max_hp_gain":0.0,"max_hp_loss":0.0,"gold_gain":0.0,"event_name":"Purifier","player_choice":"Purged","floor":140.0,"gold_loss":0.0,"damage_taken":0.0},{"cards_removed":["HollowMod:SoulVessel"],"damage_healed":0,"gold_gain":0,"player_choice":"Purged","damage_taken":0,"max_hp_gain":0,"max_hp_loss":0,"event_name":"Purifier","floor":145,"gold_loss":0},{"damage_healed":0,"gold_gain":0,"player_choice":"Fight","damage_taken":0,"max_hp_gain":0,"max_hp_loss":0,"event_name":"OrinTheCat","floor":153,"gold_loss":0}],"is_beta":false,"boss_relics":[{"not_picked":["hubris:ScarierMask","hubris:BlackHole"],"picked":"Replay:Grab Bag"},{"not_picked":["hubris:TerracottaHorce","hubris:RunicObelisk"],"picked":"infinitespire:Cupcake"},{"not_picked":["ReplayTheSpireMod:DimensionalGlitch","Ectoplasm"],"picked":"Replay:Wanted Poster"},{"not_picked":["hubris:HollowSoul","Calling Bell"],"picked":"Astrolabe"},{"not_picked":["Black Star","hubris:Stopwatch"],"picked":"Replay:Drink Me"},{"not_picked":["Painkiller Herb","hubris:VirtuousBlindfold"],"picked":"Coffee Dripper"},{"not_picked":["Replay:Ancient Bell","Philosopher\u0027s Stone"],"picked":"Fusion Hammer"},{"not_picked":["Pandora\u0027s Box","hubris:CrackedHourglass"],"picked":"SlaversCollar"},{"not_picked":["hubris:Backtick","Ring of Chaos"],"picked":"Replay:Bronze Core"},{"not_picked":["Velvet Choker","SacredBark"],"picked":"Busted Crown"},{"not_picked":["hubris:HollowSoul","Runic Pyramid"],"picked":"Astrolabe"},{"not_picked":["hubris:BlackHole","Calling Bell"],"picked":"hubris:GrandSneckoEye"},{"not_picked":["Empty Cage","Ring of Chaos"],"picked":"Replay:Grab Bag"},{"not_picked":["Abe\u0027s Treasure","ReplayTheSpireMod:Onyx Gauntlets"],"picked":"Runic Dome"},{"not_picked":["hubris:CrackedHourglass","hubris:TerracottaHorce"],"picked":"Philosopher\u0027s Stone"},{"not_picked":["Pandora\u0027s Box","Snecko Eye"],"picked":"hubris:Backtick"},{"not_picked":["Kintsugi","ReplayTheSpireMod:SealedPack"],"picked":"hubris:ScarierMask"}],"items_purged_floors":[31,67,67,91,149],"is_endless":true,"potions_floor_spawned":[2,12,13,18,29,30,37,40,52,59,60,65,66,69,82,84,86,88,93,103,115,120,131,133,135,137,139,143,145,150,151,152,154,156],"killed_by":"Jaw Worm","ascension_level":0}}