{"host":"ds28d883r3sz42zs","time":1607815237,"event":{"mods":["2.2 Compatiblity","AchievementEnabler","Act Like it!","Aspiration","BaseMod","Bestiary","Better Match","Better Note","Better Sensory Stone","Better Skull","Better Third Choice","Better-Laid Plans","BetterRewards","Block Reminder","Challenge The Spire","Colored Map","Colored Powertips","Conspire","DeckTracker","Defuse TimeMaze Blight","Disable Question Mark Monsters","Displayed Cursed Tome","Downfall-Rebalance","Emptier Cage","GifTheSpireLib","Gold Saver","Hubris","Infinite Spire","Marked Mod","Minty Spire (QoL Compilation)","Permanent Neow","Practice Mode","Quick Restart","Random Character Button","Rare Cards Sparkle","Relic Filter","Relic Sorter","Relic Stats","Replay The Spire","SacredBarkPlus","StSLib","Stuff the Spire","SuperFastMode","The Bug Knight","The Construct","The Jungle","Uncapped","Unknown Chances"],"gold_per_floor":[166,166,196,196,196],"floor_reached":4,"playtime":128,"items_purged":["Strike_R"],"score":60,"play_id":"480d4715-1488-4bb9-90b6-a480b5a9c1dc","local_time":"20201212182037","daily_mods":["challengethespire:Platinum Difficulty","challengethespire:Elite Rush","Uncertain Future"],"is_ascension_mode":true,"campfire_choices":[{"data":"Uppercut","floor":2,"key":"SMITH"}],"circlet_count":0,"master_deck":["AscendersBane","Strike_R","Strike_R","Strike_R","Strike_R","Defend_R","Defend_R","Defend_R","Defend_R","Bash","Uppercut+1","Anger"],"relics":["Burning Blood","Black Star","Sling","PreservedInsect","PreservedInsect","PreservedInsect","PreservedInsect","hubris:CrystalStatue","StuffTheSpire:BottledEssence","infinitespire:Magic Flask","Replay:Rubber Ducky"],"acts_visited":["Exordium"],"potions_floor_usage":[],"damage_taken":[{"damage":15,"enemies":"Lagavulin","floor":3,"turns":5},{"damage":15,"enemies":"3 Sentries","floor":4,"turns":3}],"seed_played":"-512036037840815708","potions_obtained":[],"is_trial":true,"path_per_floor":["$","R","E","E"],"character_chosen":"IRONCLAD","items_purchased":["hubris:CrystalStatue","Uppercut","StuffTheSpire:BottledEssence"],"campfire_rested":0,"item_purchase_floors":[1,1,1],"current_hp_per_floor":[68,68,59,44,44],"gold":196,"neow_bonus":"","is_daily":false,"chose_seed":false,"campfire_upgraded":1,"win_rate":0.0,"timestamp":1607815237,"path_taken":["$","R","E","E"],"items_purchased_type":["Relic","Card","Relic"],"build_version":"2020-11-30","purchased_purges":1,"victory":false,"max_hp_per_floor":[75,75,75,75,75],"relic_stats":{"counters":[2,8],"PreservedInsect":62,"Black Star":1,"obtain_stats":[{"hubris:CrystalStatue":1,"PreservedInsect":0,"StuffTheSpire:BottledEssence":1,"Black Star":0,"infinitespire:Magic Flask":3,"Sling":0,"Burning Blood":0,"Replay:Rubber Ducky":3},{"hubris:CrystalStatue":0,"PreservedInsect":0,"StuffTheSpire:BottledEssence":0,"Black Star":0,"infinitespire:Magic Flask":1,"Sling":0,"Burning Blood":0,"Replay:Rubber Ducky":1},{"hubris:CrystalStatue":0,"PreservedInsect":0,"StuffTheSpire:BottledEssence":0,"Black Star":0,"infinitespire:Magic Flask":5,"Sling":0,"Burning Blood":0,"Replay:Rubber Ducky":5}],"Burning Blood":6},"card_choices":[],"player_experience":727624,"relics_obtained":[{"floor":3,"key":"infinitespire:Magic Flask"},{"floor":3,"key":"Replay:Rubber Ducky"}],"event_choices":[],"is_beta":false,"boss_relics":[],"items_purged_floors":[1],"is_endless":false,"potions_floor_spawned":[],"killed_by":"3 Sentries","ascension_level":20}}