{"host":"z9grmtg2w0nmz8n1","time":1607749427,"event":{"mods":["Aspiration","BaseMod","Better Third Choice","BetterRewards","CCEM","Colored Map","GifTheSpireLib","Highlight Path","Hubris","Infinite Spire","Jedi Mod","Jorbs\u0027s Wanderer Trilogy","Minty Spire (QoL Compilation)","Permanent Neow","Replay The Spire","Spicy Shops","StSLib","Stuff the Spire","The Bug Knight"],"gold_per_floor":[114,133,133,144,144,171,14,50,50,50,89,110,128,128,137,244,244,264,30,49,76,93,127,127,127],"floor_reached":24,"playtime":1218,"items_purged":["Strike_B"],"score":261,"play_id":"2dfb574e-7cba-49c4-b917-e34809d540bb","local_time":"20201212030347","is_ascension_mode":false,"campfire_choices":[{"floor":10,"key":"RECALL"}],"circlet_count":0,"master_deck":["Strike_B","Strike_B+1","Strike_B","Defend_B","Defend_B","Defend_B","Defend_B","Zap+1","Dualcast","Barrage","Auto Shields","Beam Cell","BasicCrystalCard","Melter","Regret","Rainbow","Defragment","Capacitor","StuffTheSpire:Plugnplay+1","Redo+1"],"relics":["Cracked Core","NeowsBlessing","Shuriken","CeramicFish","Replay:WaspNest","Replay:Towering Pillar of Hats","StuffTheSpire:RedRose","aspiration:FutureDiary","Juzu Bracelet","DataDisk"],"acts_visited":["Exordium","TheCity"],"potions_floor_usage":[6,13,18,20,22,23],"damage_taken":[{"damage":0,"enemies":"Cultist","floor":1,"turns":1},{"damage":0,"enemies":"Jaw Worm","floor":2,"turns":1},{"damage":0,"enemies":"2 Louse","floor":4,"turns":1},{"damage":2,"enemies":"Replay:BlueRogue","floor":6,"turns":6},{"damage":25,"enemies":"Lagavulin","floor":8,"turns":7},{"damage":0,"enemies":"Replay:BlueRogue","floor":11,"turns":5},{"damage":0,"enemies":"Blue Slaver","floor":12,"turns":3},{"damage":11,"enemies":"Lots of Slimes","floor":13,"turns":3},{"damage":15,"enemies":"Hexaghost","floor":16,"turns":8},{"damage":9,"enemies":"Spheric Guardian","floor":18,"turns":3},{"damage":1,"enemies":"3 Byrds","floor":20,"turns":2},{"damage":22,"enemies":"Snecko","floor":22,"turns":5},{"damage":38,"enemies":"Nightmare","floor":23,"turns":6},{"damage":10,"enemies":"Centurion and Healer","floor":24,"turns":3}],"seed_played":"2699421261647443502","potions_obtained":[{"floor":1,"key":"Weak Potion"},{"floor":6,"key":"EssenceOfDarkness"},{"floor":8,"key":"Strength Potion"},{"floor":12,"key":"PowerPotion"},{"floor":16,"key":"ColorlessPotion"},{"floor":20,"key":"Adrenaline Potion"}],"is_trial":false,"path_per_floor":["M","M","?","M","?","E","$","E","T","R","E","M","M","?","R_BF","B",null,"M","$","M","T","M","NM","M"],"character_chosen":"DEFECT","items_purchased":["CeramicFish","Capacitor","StuffTheSpire:Plugnplay+1"],"campfire_rested":0,"item_purchase_floors":[7,19,19],"current_hp_per_floor":[75,75,75,75,60,58,58,33,33,33,33,33,22,30,30,15,75,66,66,65,65,43,5,0,0],"gold":127,"neow_bonus":"THREE_ENEMY_KILL","is_daily":false,"chose_seed":false,"campfire_upgraded":0,"win_rate":0.0,"timestamp":1607749427,"path_taken":["M","M","?","?","?","E","$","E","T","R","E","M","M","?","R_BF","BOSS","M","?","M","?","M","NM","M"],"items_purchased_type":["Relic","Card","Card"],"build_version":"2020-11-30","purchased_purges":1,"victory":false,"max_hp_per_floor":[75,75,75,75,75,75,75,75,75,75,75,75,75,75,75,75,75,75,75,75,75,75,75,75,75],"card_choices":[{"not_picked":["Coolheaded","ReplayTheSpireMod:System Scan","hubris:PowerSurge"],"picked":"SKIP","floor":1},{"not_picked":["Reprogram","StuffTheSpire:SnapShoot"],"picked":"Barrage","floor":2},{"not_picked":["Rebound","Stack"],"picked":"Auto Shields","floor":4},{"not_picked":["ReplaySolidLightProjector","Panic Button","Reprogram"],"picked":"SKIP","floor":6},{"not_picked":["Self Repair","Coolheaded"],"picked":"Beam Cell","floor":8},{"not_picked":["Reinforced Body","StuffTheSpire:LoadUp"],"picked":"BasicCrystalCard","floor":11},{"not_picked":["StuffTheSpire:SnapShoot","Hyperbeam"],"picked":"Melter","floor":12},{"not_picked":["Coolheaded","jedi:BurstLightning","jedi:BurstFrost"],"picked":"SKIP","floor":13},{"not_picked":["jedi:darknesscall","hubris:SpecializedCircuitry"],"picked":"Rainbow","floor":16},{"not_picked":["Panic Button","Steam"],"picked":"Defragment","floor":18},{"not_picked":["Conserve Battery","jedi:markofdeath+1"],"picked":"Redo+1","floor":20},{"not_picked":["jedi:blockon","Beam Cell+1","Redo"],"picked":"SKIP","floor":22},{"not_picked":["Stack","StuffTheSpire:ForEach","Recycle"],"picked":"SKIP","floor":23}],"player_experience":533180,"relics_obtained":[{"floor":6,"key":"Shuriken"},{"floor":8,"key":"Replay:WaspNest"},{"floor":11,"key":"Replay:Towering Pillar of Hats"},{"floor":21,"key":"Juzu Bracelet"},{"floor":23,"key":"DataDisk"}],"event_choices":[{"damage_healed":0,"gold_gain":0,"player_choice":"Ignored","damage_taken":0,"max_hp_gain":0,"max_hp_loss":0,"event_name":"NoteForYourself","floor":3,"gold_loss":0},{"damage_healed":75,"gold_gain":0,"player_choice":"Upgrade","damage_taken":15,"max_hp_gain":0,"max_hp_loss":75,"event_name":"betterThird:BetterShining","floor":5,"gold_loss":0,"cards_upgraded":["Strike_B","Zap"]}],"is_beta":false,"boss_relics":[{"not_picked":["Kintsugi","Velvet Choker"],"picked":"aspiration:FutureDiary"}],"items_purged_floors":[19],"is_endless":true,"potions_floor_spawned":[1,6,8,12,16,20],"killed_by":"Centurion and Healer","ascension_level":0}}