{"host":"4edbuligkc8x13l4","time":1607780515,"event":{"mods":["BaseMod","Minty Spire (QoL Compilation)","StSLib","SuperFastMode"],"gold_per_floor":[119,133,0,0,0,0,16,91,91,91,91,116,127,152,152,227,227,240,257,149,167,167,167,167],"floor_reached":23,"playtime":596,"items_purged":["Strike_R"],"score":368,"play_id":"59204cd0-d49c-4f85-8af4-fa50f763646d","local_time":"20201212214155","is_ascension_mode":true,"campfire_choices":[{"data":"Flex","floor":6,"key":"SMITH"},{"data":"Blood for Blood","floor":11,"key":"SMITH"},{"data":"Pommel Strike","floor":15,"key":"SMITH"}],"circlet_count":0,"master_deck":["AscendersBane","Strike_R+1","Strike_R+1","Strike_R+1","Strike_R+1","Defend_R+1","Defend_R+1","Defend_R+1","Defend_R+1","Bash+1","Pommel Strike+1","Blood for Blood+1","Flex+1","Heavy Blade+1","Dropkick","Rage","Corruption","Demon Form","Ghostly Armor","Warcry+1","Flash of Steel","Shrug It Off"],"relics":["Burning Blood","Meat on the Bone","Happy Flower","Orichalcum"],"acts_visited":["Exordium","TheCity"],"potions_floor_usage":[12],"damage_taken":[{"damage":4.0,"enemies":"Jaw Worm","floor":1.0,"turns":4.0},{"damage":7.0,"enemies":"Small Slimes","floor":2.0,"turns":3.0},{"damage":0,"enemies":"Cultist","floor":7,"turns":2},{"damage":25,"enemies":"3 Sentries","floor":12,"turns":7},{"damage":18,"enemies":"Large Slime","floor":13,"turns":4},{"damage":24,"enemies":"Lagavulin","floor":14,"turns":5},{"damage":32,"enemies":"Slime Boss","floor":16,"turns":5},{"damage":49,"enemies":"3 Byrds","floor":18,"turns":6},{"damage":31,"enemies":"Shell Parasite","floor":19,"turns":5},{"damage":40,"enemies":"Centurion and Healer","floor":21,"turns":5},{"damage":40,"enemies":"Gremlin Leader","floor":23,"turns":2}],"seed_played":"-4312879995616246498","potions_obtained":[{"floor":7,"key":"Energy Potion"},{"floor":12,"key":"ElixirPotion"},{"floor":16,"key":"FairyPotion"}],"is_trial":false,"path_per_floor":["M","M","$","?","?","R","M","?","T","?","R","E","M","E","R","B",null,"M","M","$","M","?","E"],"character_chosen":"IRONCLAD","items_purchased":["Flex","Flash of Steel"],"campfire_rested":0,"item_purchase_floors":[3,20],"current_hp_per_floor":[70,69,69,69,74,74,80,69,69,69,69,50,50,44,44,30,68,37,24,24,31,31,0,0],"gold":167,"neow_bonus":"UPGRADE_CARD","is_daily":false,"chose_seed":false,"campfire_upgraded":3,"win_rate":0.0,"timestamp":1607780515,"path_taken":["M","M","$","?","?","R","M","?","T","?","R","E","?","E","R","BOSS","M","M","$","M","?","E"],"items_purchased_type":["Card","Card"],"build_version":"2020-11-30","purchased_purges":1,"victory":false,"max_hp_per_floor":[75,75,75,75,80,80,80,80,80,80,80,80,80,80,80,80,80,80,80,80,80,80,80,80],"card_choices":[{"not_picked":["Intimidate","Cleave"],"picked":"Pommel Strike","floor":1.0},{"not_picked":["Dark Embrace","Cleave"],"picked":"Blood for Blood","floor":2.0},{"not_picked":["Sentinel","Iron Wave"],"picked":"Heavy Blade","floor":7},{"not_picked":["Searing Blow","Thunderclap"],"picked":"Dropkick","floor":12},{"not_picked":["Headbutt","Anger"],"picked":"Rage","floor":13},{"not_picked":["Anger","Cleave"],"picked":"Corruption","floor":14},{"not_picked":["Berserk","Impervious"],"picked":"Demon Form","floor":16},{"not_picked":["Heavy Blade","Headbutt+1"],"picked":"Ghostly Armor","floor":18},{"not_picked":["Sever Soul+1","Anger"],"picked":"Warcry+1","floor":19},{"not_picked":["Perfected Strike+1","Body Slam"],"picked":"Shrug It Off","floor":21}],"player_experience":898938,"relics_obtained":[{"floor":9,"key":"Meat on the Bone"},{"floor":12,"key":"Happy Flower"},{"floor":14,"key":"Orichalcum"}],"event_choices":[{"damage_healed":0,"gold_gain":0,"player_choice":"Ignored","damage_taken":0,"max_hp_gain":0,"max_hp_loss":0,"event_name":"Shining Light","floor":4,"gold_loss":0},{"damage_healed":0,"gold_gain":0,"player_choice":"Donut","damage_taken":0,"max_hp_gain":5,"max_hp_loss":0,"event_name":"Big Fish","floor":5,"gold_loss":0},{"damage_healed":0,"gold_gain":75,"player_choice":"Gather Gold","damage_taken":11,"max_hp_gain":0,"max_hp_loss":0,"event_name":"World of Goop","floor":8,"gold_loss":0},{"damage_healed":0,"gold_gain":0,"player_choice":"Grow","damage_taken":0,"max_hp_gain":0,"max_hp_loss":0,"event_name":"Living Wall","floor":10,"gold_loss":0,"cards_upgraded":["Heavy Blade"]},{"damage_healed":0,"gold_gain":0,"player_choice":"Simplicity","damage_taken":0,"max_hp_gain":0,"max_hp_loss":0,"event_name":"Back to Basics","floor":22,"gold_loss":0,"cards_upgraded":["Strike_R","Strike_R","Strike_R","Strike_R","Defend_R","Defend_R","Defend_R","Defend_R"]}],"is_beta":false,"boss_relics":[{"not_picked":["Fusion Hammer","Velvet Choker","Runic Dome"]}],"items_purged_floors":[3],"is_endless":false,"potions_floor_spawned":[7,12,16,18],"killed_by":"Gremlin Leader","ascension_level":17}}