{"host":"mvlqq966zh3ccmv5","time":1607794213,"event":{"mods":["AchievementEnabler","BaseMod","DeckTracker","Minty Spire (QoL Compilation)","SuperFastMode"],"gold_per_floor":[119,99,115,69,87,87,104,104,104,104,104,123,149,178,178,178,178],"floor_reached":16,"playtime":288,"items_purged":[],"score":100,"play_id":"6ac27818-cfff-486e-b3a9-9af3f5550a22","local_time":"20201213023013","is_ascension_mode":false,"campfire_choices":[{"data":"Redo","floor":6,"key":"SMITH"},{"data":"Zap","floor":8,"key":"SMITH"},{"data":"Dualcast","floor":10,"key":"SMITH"},{"data":"Turbo","floor":15,"key":"SMITH"}],"circlet_count":0,"master_deck":["Strike_B","Strike_B","Strike_B","Strike_B","Defend_B","Defend_B","Defend_B","Defend_B","Zap+1","Dualcast+1","Turbo+1","Skim","Redo+1","Echo Form","Self Repair"],"relics":["Cracked Core","Potion Belt","Mummified Hand","Odd Mushroom","Bag of Marbles"],"acts_visited":["Exordium"],"potions_floor_usage":[13,14,16],"damage_taken":[{"damage":5,"enemies":"Small Slimes","floor":1,"turns":3},{"damage":1,"enemies":"Cultist","floor":3,"turns":3},{"damage":1,"enemies":"Jaw Worm","floor":5,"turns":3},{"damage":9,"enemies":"Blue Slaver","floor":7,"turns":3},{"damage":15,"enemies":"Exordium Wildlife","floor":12,"turns":3},{"damage":8,"enemies":"The Mushroom Lair","floor":13,"turns":3},{"damage":9,"enemies":"3 Sentries","floor":14,"turns":6},{"damage":0,"enemies":"The Guardian","floor":16,"turns":2}],"seed_played":"1675899377699824451","potions_obtained":[{"floor":1,"key":"Fire Potion"},{"floor":2,"key":"FairyPotion"},{"floor":5,"key":"DuplicationPotion"},{"floor":13,"key":"ColorlessPotion"},{"floor":14,"key":"Swift Potion"}],"is_trial":false,"path_per_floor":["M","?","M","$","M","R","M","R","T","R","$","M","?","E","R","B"],"character_chosen":"DEFECT","items_purchased":["Redo"],"campfire_rested":0,"item_purchase_floors":[4],"current_hp_per_floor":[70,70,69,69,68,68,59,59,59,59,59,44,36,27,27,27,27],"gold":178,"neow_bonus":"RANDOM_COMMON_RELIC","is_daily":false,"chose_seed":false,"campfire_upgraded":4,"win_rate":0.0,"timestamp":1607794213,"path_taken":["M","?","M","$","M","R","?","R","T","R","?","M","?","E","R","BOSS"],"items_purchased_type":["Card"],"build_version":"2020-11-30","purchased_purges":0,"victory":false,"max_hp_per_floor":[75,75,75,75,75,75,75,75,75,75,75,75,75,75,75,75,75],"card_choices":[{"not_picked":["FTL","Rebound"],"picked":"Turbo","floor":1},{"not_picked":["Go for the Eyes","Hologram"],"picked":"Skim","floor":3},{"not_picked":["Barrage","Auto Shields","Sweeping Beam"],"picked":"SKIP","floor":5},{"not_picked":["Doom and Gloom","Turbo","Redo"],"picked":"SKIP","floor":7},{"not_picked":["Coolheaded","Sweeping Beam","Steam"],"picked":"SKIP","floor":12},{"not_picked":["Go for the Eyes","Streamline"],"picked":"Echo Form","floor":13},{"not_picked":["Consume","Go for the Eyes"],"picked":"Self Repair","floor":14}],"player_experience":200468,"relics_obtained":[{"floor":9,"key":"Mummified Hand"},{"floor":13,"key":"Odd Mushroom"},{"floor":14,"key":"Bag of Marbles"}],"event_choices":[{"damage_healed":0,"gold_gain":0,"player_choice":"Bought 1 Potion","damage_taken":0,"max_hp_gain":0,"max_hp_loss":0,"event_name":"The Woman in Blue","floor":2,"gold_loss":0},{"damage_healed":0,"gold_gain":0,"player_choice":"Fought Mushrooms","damage_taken":0,"max_hp_gain":0,"max_hp_loss":0,"event_name":"Mushrooms","floor":13,"gold_loss":0}],"is_beta":false,"boss_relics":[],"items_purged_floors":[],"is_endless":false,"potions_floor_spawned":[1,5,13,14],"killed_by":"The Guardian","ascension_level":0}}