{"host":"x0ovlu53kkkog8rv","time":1607770911,"event":{"mods":["BaseMod","Colored Map","Minty Spire (QoL Compilation)","Quick Restart","SuperFastMode"],"gold_per_floor":[110,110,110,120,137,171,18,32,77,77,77,27,27,61,61,160,160,178,128,38,38],"floor_reached":20,"playtime":994,"items_purged":["Strike_G"],"score":216,"play_id":"262edce3-bcdd-480b-9d75-202346a6ded0","local_time":"20201212200151","is_ascension_mode":true,"campfire_choices":[{"floor":10,"key":"REST"},{"floor":13,"key":"REST"},{"data":"Catalyst","floor":15,"key":"SMITH"}],"circlet_count":0,"master_deck":["Strike_G","Strike_G","Strike_G","Defend_G","Defend_G+1","Defend_G","Defend_G","Defend_G","Survivor","Neutralize","Dagger Spray","Crippling Poison+1","Bouncing Flask","Slice","Noxious Fumes","Catalyst+1"],"relics":["Ring of the Snake","NeowsBlessing","Shuriken","Regal Pillow","Boot","SacredBark"],"acts_visited":["Exordium","TheCity"],"potions_floor_usage":[16,16,16],"damage_taken":[{"damage":0,"enemies":"Cultist","floor":1,"turns":1},{"damage":0,"enemies":"Jaw Worm","floor":4,"turns":1},{"damage":0,"enemies":"Small Slimes","floor":5,"turns":1},{"damage":40,"enemies":"Gremlin Nob","floor":6,"turns":5},{"damage":8,"enemies":"3 Louse","floor":8,"turns":3},{"damage":30,"enemies":"3 Sentries","floor":14,"turns":7},{"damage":6,"enemies":"The Guardian","floor":16,"turns":4},{"damage":14,"enemies":"Shell Parasite","floor":18,"turns":5},{"damage":60,"enemies":"2 Thieves","floor":20,"turns":3}],"seed_played":"-7139454911696920927","potions_obtained":[{"floor":5,"key":"Regen Potion"},{"floor":8,"key":"Block Potion"},{"floor":14,"key":"DuplicationPotion"},{"floor":16,"key":"SteroidPotion"},{"floor":18,"key":"BlessingOfTheForge"}],"is_trial":false,"path_per_floor":["M","$","?","M","M","E","$","M","T","R","?","?","R","E","R","B",null,"M","?","M"],"character_chosen":"THE_SILENT","items_purchased":["Noxious Fumes"],"campfire_rested":2,"item_purchase_floors":[7],"current_hp_per_floor":[70,70,70,70,70,30,30,22,22,58,44,44,70,40,40,46,70,56,56,0,0],"gold":38,"neow_bonus":"THREE_ENEMY_KILL","is_daily":false,"chose_seed":false,"campfire_upgraded":1,"win_rate":0.0,"timestamp":1607770911,"path_taken":["M","?","?","M","?","E","?","M","T","R","?","?","R","E","R","BOSS","M","?","M"],"items_purchased_type":["Card"],"build_version":"2020-11-30","purchased_purges":1,"victory":false,"max_hp_per_floor":[70,70,70,70,70,70,70,70,70,70,70,70,70,70,70,70,70,70,70,70,70],"card_choices":[{"not_picked":["Endless Agony","Flying Knee"],"picked":"Dagger Spray","floor":1},{"not_picked":["Underhanded Strike","Footwork"],"picked":"Crippling Poison","floor":4},{"not_picked":["Blade Dance","Deadly Poison"],"picked":"Bouncing Flask","floor":5},{"not_picked":["Underhanded Strike","Wraith Form v2"],"picked":"Slice","floor":6},{"not_picked":["Outmaneuver","Dagger Spray","Tactician"],"picked":"SKIP","floor":8},{"not_picked":["Tactician","Bane"],"picked":"Catalyst","floor":14},{"not_picked":["Blade Dance","Poisoned Stab","All Out Attack+1"],"picked":"SKIP","floor":18}],"player_experience":168825,"relics_obtained":[{"floor":6,"key":"Shuriken"},{"floor":9,"key":"Regal Pillow"},{"floor":14,"key":"Boot"}],"event_choices":[{"damage_healed":0,"gold_gain":0,"player_choice":"0 cards matched","damage_taken":0,"max_hp_gain":0,"max_hp_loss":0,"event_name":"Match and Keep!","floor":3,"gold_loss":0,"cards_obtained":[]},{"damage_healed":0,"gold_gain":0,"player_choice":"Entered Light","damage_taken":14,"max_hp_gain":0,"max_hp_loss":0,"event_name":"Shining Light","floor":11,"gold_loss":0,"cards_upgraded":["Crippling Poison","Defend_G"]},{"cards_removed":["Strike_G"],"damage_healed":0,"gold_gain":0,"player_choice":"Card Removal","damage_taken":0,"max_hp_gain":0,"max_hp_loss":0,"event_name":"The Cleric","floor":12,"gold_loss":50},{"damage_healed":0,"gold_gain":0,"player_choice":"Bet on Murderer","damage_taken":0,"max_hp_gain":0,"max_hp_loss":0,"event_name":"The Joust","floor":19,"gold_loss":50}],"is_beta":false,"boss_relics":[{"not_picked":["Cursed Key","Velvet Choker"],"picked":"SacredBark"}],"items_purged_floors":[7],"is_endless":false,"potions_floor_spawned":[5,8,14,16,18],"killed_by":"2 Thieves","ascension_level":4}}