{"host":"3c27c697js19kaoo","time":1607765253,"event":{"mods":["BaseMod","Dota2Spire","Minty Spire (QoL Compilation)","Quick Restart","Remilia£®¿Ÿ√◊¿Ú—«£©","StSLib","The Cursed","The Servant 0.9.4","°æ“≈ŒÔø®≈∆°øREMEMod"],"gold_per_floor":[110,110,110,129,81,112,33,61,61,96,96,111,121,71,71,175,175,186,186,186,285,302,330,345,380,435,462,132,112,21,21,21,116,116,132,132,132,148,0,0,0,326,350,376,376,395,60,70,70,70],"floor_reached":51,"playtime":2635,"items_purged":["TheCursedMod:CircleOfCorruption"],"score":985,"play_id":"c0e51e07-5270-48eb-92c4-17828e7a9ceb","local_time":"20201212172733","is_ascension_mode":true,"campfire_choices":[{"floor":15.0,"key":"REST"},{"data":"Discovery","floor":32.0,"key":"SMITH"},{"data":"TheCursedMod:CircleOfAbyss","floor":40,"key":"SMITH"},{"floor":45,"key":"REST"},{"data":"TheCursedMod:CircleOfFlame","floor":49,"key":"SMITH"}],"circlet_count":0,"master_deck":["TheCursedMod:Strike_TheCursed+1","TheCursedMod:Strike_TheCursed+1","TheCursedMod:Strike_TheCursed+1","TheCursedMod:Strike_TheCursed+1","TheCursedMod:Defend_TheCursed+1","TheCursedMod:Defend_TheCursed+1","TheCursedMod:Defend_TheCursed+1","TheCursedMod:CursedWand","TheCursedMod:CleanUpWorkshop","TheCursedMod:Dregs","TheCursedMod:SaltUponWound","TheCursedMod:VitalStrike","TheCursedMod:SurpriseAttack","TheCursedMod:FuryStrike","TheCursedMod:CircleOfAbyss+1","TheCursedMod:WearCloak","TheCursedMod:CircleOfFlame+1","TheCursedMod:DemonSword","TheCursedMod:VitalStrike","TheCursedMod:SurpriseAttack","Flash of Steel","Discovery+1","TheCursedMod:NeowsMight","TheCursedMod:Wield+1","Madness","TheCursedMod:CircleOfCorruption+1","TheCursedMod:StingEye+1"],"relics":["TheCursedMod:BlackMagic101","REME_ComplimentaryCards","NeowsBlessing","Juzu Bracelet","Nunchaku","Pantograph","Toy Ornithopter","Dota2Spire:OrchidMalevolence","REME_DuelDisc","White Beast Statue","Dota2Spire:MaskOfMadness","Centennial Puzzle","Eternal Feather","AntiCross","Orichalcum","TheCursedMod:FourLeafCloverCharm","Red Mask","Old Coin","Dota2Spire:ShadowBlade","TheCursedMod:BloodyHarpoon","Dota2Spire:MonkeyKingBar"],"acts_visited":["Exordium","TheCity","TheBeyond"],"potions_floor_usage":[44,48,50],"damage_taken":[{"damage":0.0,"enemies":"Cultist","floor":1.0,"turns":1.0},{"damage":0.0,"enemies":"2 Louse","floor":4.0,"turns":1.0},{"damage":0.0,"enemies":"Gremlin Nob","floor":6.0,"turns":1.0},{"damage":16.0,"enemies":"Lagavulin","floor":8.0,"turns":4.0},{"damage":24.0,"enemies":"Gremlin Nob","floor":10.0,"turns":4.0},{"damage":7.0,"enemies":"Jaw Worm","floor":12.0,"turns":2.0},{"damage":1.0,"enemies":"Lots of Slimes","floor":13.0,"turns":4.0},{"damage":47.0,"enemies":"The Guardian","floor":16.0,"turns":9.0},{"damage":14.0,"enemies":"Shell Parasite","floor":18.0,"turns":4.0},{"damage":0.0,"enemies":"3 Byrds","floor":22.0,"turns":4.0},{"damage":21.0,"enemies":"Gremlin Leader","floor":23.0,"turns":5.0},{"damage":1.0,"enemies":"3 Cultists","floor":24.0,"turns":4.0},{"damage":0.0,"enemies":"Slavers","floor":25.0,"turns":3.0},{"damage":1.0,"enemies":"Gremlin Leader","floor":27.0,"turns":4.0},{"damage":71,"enemies":"Automaton","floor":33,"turns":9},{"damage":0,"enemies":"Orb Walker","floor":35,"turns":2},{"damage":0,"enemies":"3 Darklings","floor":38,"turns":2},{"damage":48,"enemies":"Nemesis","floor":42,"turns":5},{"damage":9,"enemies":"Reptomancer","floor":44,"turns":4},{"damage":0,"enemies":"Spire Growth","floor":46,"turns":2},{"damage":21,"enemies":"Transient","floor":48,"turns":5},{"damage":7,"enemies":"Donu and Deca","floor":50,"turns":6}],"seed_played":"-5922673819526192673","potions_obtained":[{"floor":4.0,"key":"TheCursedMod:DregsPotion"},{"floor":6.0,"key":"LiquidMemories"},{"floor":13.0,"key":"DistilledChaos"},{"floor":18.0,"key":"Swift Potion"},{"floor":20.0,"key":"Strength Potion"},{"floor":20.0,"key":"FairyPotion"},{"floor":24.0,"key":"SkillPotion"},{"floor":25.0,"key":"LiquidBronze"},{"floor":29.0,"key":"SpeedPotion"},{"floor":33,"key":"Explosive Potion"},{"floor":35,"key":"LiquidMemories"},{"floor":44,"key":"SneckoOil"},{"floor":46,"key":"Explosive Potion"},{"floor":48,"key":"Fire Potion"}],"is_trial":false,"path_per_floor":["M","$","?","M","$","E","$","E","T","E","?","M","M","?","R","B",null,"M","?","?","?","M","E","M","E","T","E","$","?","$","?","R","B",null,"M","?","?","M","?","R","$","E","T","E","R","M","$","M","R","B",null],"character_chosen":"THE_CURSED","items_purchased":["TheCursedMod:CircleOfCorruption","TheCursedMod:FuryStrike","AntiCross","Flash of Steel","Discovery","Dota2Spire:MonkeyKingBar"],"campfire_rested":2,"item_purchase_floors":[5,7,28,28,30,47],"current_hp_per_floor":[75,75,75,75,75,75,75,59,59,35,35,28,27,27,49,32,75,61,61,61,61,61,40,39,44,44,43,43,43,43,43,55,4,75,75,66,66,66,66,75,75,27,27,23,60,60,60,44,59,68],"gold":70,"neow_bonus":"THREE_ENEMY_KILL","is_daily":false,"chose_seed":false,"campfire_upgraded":3,"win_rate":0.0,"timestamp":1607765253,"path_taken":["M","?","?","M","$","E","$","E","T","E","?","M","M","?","R","BOSS","M","?","?","?","M","E","M","E","T","E","$","?","$","?","R","BOSS","M","?","?","M","?","R","$","E","T","E","R","M","?","M","R","BOSS"],"items_purchased_type":["Card","Card","Relic","Card","Card","Relic"],"build_version":"2020-11-30","purchased_purges":1,"victory":true,"max_hp_per_floor":[75,75,75,75,75,75,75,75,75,75,75,75,75,75,75,75,75,75,75,75,75,75,75,75,75,75,75,75,75,75,75,75,75,75,75,75,75,75,75,75,75,75,75,75,75,75,75,75,75,75],"card_choices":[{"not_picked":["TheCursedMod:Stigma","TheCursedMod:BloodBarrier","TheCursedMod:FleshFromBone"],"picked":"SKIP","floor":1.0},{"not_picked":["TheCursedMod:Obscuration","TheCursedMod:StingEye"],"picked":"TheCursedMod:VitalStrike","floor":4.0},{"not_picked":["TheCursedMod:Obscuration","TheCursedMod:AshesToAshes"],"picked":"TheCursedMod:SurpriseAttack","floor":6.0},{"not_picked":["TheCursedMod:Torture","TheCursedMod:CursedAmulet"],"picked":"TheCursedMod:CircleOfAbyss","floor":8.0},{"not_picked":["TheCursedMod:CircleOfBlood","TheCursedMod:Wield"],"picked":"TheCursedMod:WearCloak","floor":10.0},{"not_picked":["TheCursedMod:RapidMovement","TheCursedMod:CursedAmulet","TheCursedMod:FleshFromBone"],"picked":"SKIP","floor":12.0},{"not_picked":["TheCursedMod:HellsGateOpen","TheCursedMod:CircleOfFocus"],"picked":"TheCursedMod:CircleOfFlame","floor":13.0},{"not_picked":["TheCursedMod:CircleOfAbyss","TheCursedMod:OutForBlood"],"picked":"TheCursedMod:DemonSword","floor":16.0},{"not_picked":["TheCursedMod:RapidMovement","TheCursedMod:Obscuration"],"picked":"TheCursedMod:VitalStrike","floor":18.0},{"not_picked":["TheCursedMod:CursedAmulet+1","TheCursedMod:RavingStaff+1","TheCursedMod:TacticalStrike"],"picked":"SKIP","floor":22.0},{"not_picked":["TheCursedMod:CircleOfFocus","TheCursedMod:RapidMovement+1"],"picked":"TheCursedMod:SurpriseAttack","floor":23.0},{"not_picked":["TheCursedMod:CircleOfFocus","TheCursedMod:SpreadPlague+1","TheCursedMod:CursedBlade"],"picked":"SKIP","floor":24.0},{"not_picked":["TheCursedMod:Stretching+1","TheCursedMod:StingEye","TheCursedMod:CursedBoomerang"],"picked":"SKIP","floor":25.0},{"not_picked":["TheCursedMod:ManaCirculation","TheCursedMod:ForbiddenAlchemy","TheCursedMod:Obscuration"],"picked":"SKIP","floor":27.0},{"not_picked":["TheCursedMod:StunningStrike","TheCursedMod:OutForBlood"],"picked":"TheCursedMod:NeowsMight","floor":33},{"not_picked":["TheCursedMod:VitalStrike+1","TheCursedMod:Stretching"],"picked":"TheCursedMod:Wield+1","floor":35},{"not_picked":["TheCursedMod:StingEye","TheCursedMod:SurpriseAttack+1"],"picked":"TheCursedMod:CircleOfCorruption+1","floor":38},{"not_picked":["TheCursedMod:CursedShiv+1","TheCursedMod:Evocation","TheCursedMod:Stretching"],"picked":"SKIP","floor":42},{"not_picked":["TheCursedMod:CursedShiv+1","TheCursedMod:ParallelWorld","TheCursedMod:Stigma+1"],"picked":"SKIP","floor":44},{"not_picked":["TheCursedMod:ReleasedKnowledge","TheCursedMod:CursedAmulet+1"],"picked":"TheCursedMod:StingEye+1","floor":46},{"not_picked":["TheCursedMod:CursedAmulet","TheCursedMod:SpitefulStrike+1","TheCursedMod:StingEye"],"picked":"SKIP","floor":48}],"player_experience":98231,"relics_obtained":[{"floor":6.0,"key":"Juzu Bracelet"},{"floor":8.0,"key":"Nunchaku"},{"floor":9.0,"key":"Pantograph"},{"floor":10.0,"key":"Toy Ornithopter"},{"floor":11.0,"key":"Dota2Spire:OrchidMalevolence"},{"floor":23.0,"key":"White Beast Statue"},{"floor":25.0,"key":"Dota2Spire:MaskOfMadness"},{"floor":26.0,"key":"Centennial Puzzle"},{"floor":27.0,"key":"Eternal Feather"},{"floor":42,"key":"Old Coin"},{"floor":43,"key":"Dota2Spire:ShadowBlade"},{"floor":44,"key":"TheCursedMod:BloodyHarpoon"}],"event_choices":[{"damage_healed":0.0,"max_hp_gain":0.0,"max_hp_loss":0.0,"gold_gain":0.0,"cards_transformed":["TheCursedMod:Defend_TheCursed"],"event_name":"Transmorgrifier","player_choice":"Transformed","floor":3.0,"gold_loss":0.0,"damage_taken":0.0,"cards_obtained":["TheCursedMod:SaltUponWound"]},{"damage_healed":0.0,"max_hp_gain":0.0,"max_hp_loss":0.0,"gold_gain":0.0,"event_name":"Wheel of Change","player_choice":"Relic","floor":11.0,"gold_loss":0.0,"damage_taken":0.0},{"cards_removed":["TransientEternity"],"damage_healed":0.0,"max_hp_gain":0.0,"max_hp_loss":0.0,"gold_gain":0.0,"event_name":"The Cleric","player_choice":"Card Removal","floor":14.0,"gold_loss":50.0,"damage_taken":0.0},{"damage_healed":0.0,"max_hp_gain":0.0,"max_hp_loss":0.0,"gold_gain":0.0,"event_name":"Back to Basics","player_choice":"Simplicity","floor":19.0,"gold_loss":0.0,"damage_taken":0.0,"cards_upgraded":["TheCursedMod:Strike_TheCursed","TheCursedMod:Strike_TheCursed","TheCursedMod:Strike_TheCursed","TheCursedMod:Strike_TheCursed","TheCursedMod:Defend_TheCursed","TheCursedMod:Defend_TheCursed","TheCursedMod:Defend_TheCursed"]},{"damage_healed":0.0,"max_hp_gain":0.0,"max_hp_loss":0.0,"gold_gain":0.0,"event_name":"Lab","player_choice":"Got Potions","floor":20.0,"gold_loss":0.0,"damage_taken":0.0},{"damage_healed":0.0,"max_hp_gain":0.0,"max_hp_loss":0.0,"gold_gain":99.0,"event_name":"Nest","player_choice":"Stole From Cult","floor":21.0,"gold_loss":0.0,"damage_taken":0.0},{"damage_healed":0.0,"max_hp_gain":0.0,"max_hp_loss":0.0,"gold_gain":0.0,"event_name":"The Woman in Blue","player_choice":"Bought 1 Potion","floor":29.0,"gold_loss":0.0,"damage_taken":0.0},{"damage_healed":0.0,"max_hp_gain":0.0,"max_hp_loss":0.0,"gold_gain":0.0,"event_name":"WeMeetAgain","player_choice":"Gave Potion","floor":31.0,"gold_loss":0.0,"damage_taken":0.0,"relics_obtained":["Orichalcum"]},{"damage_healed":0,"gold_gain":0,"player_choice":"Embrace Madness","damage_taken":9,"max_hp_gain":0,"max_hp_loss":0,"event_name":"Winding Halls","floor":36,"gold_loss":0,"cards_obtained":["Madness","Madness"]},{"cards_removed":["Madness"],"damage_healed":0,"gold_gain":0,"player_choice":"Removed Skill","damage_taken":0,"max_hp_gain":0,"max_hp_loss":0,"event_name":"Falling","floor":37,"gold_loss":0},{"damage_healed":0,"gold_gain":0,"player_choice":"Paid","damage_taken":0,"relics_obtained":["Red Mask"],"max_hp_gain":0,"max_hp_loss":0,"event_name":"Tomb of Lord Red Mask","floor":39,"gold_loss":148}],"is_beta":false,"boss_relics":[{"not_picked":["SlaversCollar","Runic Dome"],"picked":"REME_DuelDisc"},{"not_picked":["Dota2Spire:RefresherOrb","REME_LowDesire"],"picked":"TheCursedMod:FourLeafCloverCharm"}],"items_purged_floors":[47],"is_endless":false,"potions_floor_spawned":[4,6,13,18,24,25,27,33,35,38,42,44,46,48],"ascension_level":2}}