{"host":"91n1pc4te07j54gv","time":1607745913,"event":{"mods":["BaseMod","BetterRewards","Colored Powertips","Downfall","Highlight Path","Infinite Spire","Minty Spire (QoL Compilation)","Quick Restart","Relic Filter","Relic Stats","Replay The Spire","Spicy Shops","StSLib"],"gold_per_floor":[119,131,131,144,144,176,192,192,192,192,192],"floor_reached":10,"playtime":441,"items_purged":[],"score":102,"play_id":"73c9a1f6-c685-4f04-be50-2de965ad7a22","local_time":"20201212120513","is_ascension_mode":true,"campfire_choices":[],"circlet_count":0,"master_deck":["AscendersBane","Strike_B","Strike_B","Strike_B","Defend_B","Defend_B","Defend_B","Zap","Dualcast","Coolheaded","Coolheaded","Consume"],"relics":["Cracked Core","Torii","Replay:Bandana"],"acts_visited":[],"potions_floor_usage":[6,7],"damage_taken":[{"damage":1,"enemies":"Cultist","floor":1,"turns":3},{"damage":1,"enemies":"Small Slimes","floor":2,"turns":3},{"damage":1,"enemies":"Jaw Worm","floor":4,"turns":4},{"damage":17,"enemies":"Gremlin Nob","floor":6,"turns":4},{"damage":13,"enemies":"Exordium Wildlife","floor":7,"turns":6},{"damage":32,"enemies":"3 Sentries","floor":10,"turns":10}],"seed_played":"-2621997769055735526","potions_obtained":[{"floor":2,"key":"Strength Potion"},{"floor":6,"key":"Weak Potion"}],"is_trial":false,"path_per_floor":["M","M","?","M","?","E","M","?","T","E"],"character_chosen":"DEFECT","items_purchased":[],"campfire_rested":0,"item_purchase_floors":[],"current_hp_per_floor":[49,48,41,40,40,23,10,35,35,3,3],"gold":192,"neow_bonus":"ONE_RARE_RELIC","is_daily":false,"chose_seed":false,"campfire_upgraded":0,"win_rate":0.0,"timestamp":1607745913,"path_taken":["M","M","?","M","?","E","?","?","T","E"],"items_purchased_type":[],"build_version":"2020-11-30","purchased_purges":0,"victory":false,"max_hp_per_floor":[75,75,75,75,75,75,75,75,75,75,75],"relic_stats":{"Torii":23,"counters":[6,30],"obtain_stats":[{"Replay:Bandana":6,"Torii":0,"Cracked Core":0},{"Replay:Bandana":4,"Torii":0,"Cracked Core":0},{"Replay:Bandana":14,"Torii":0,"Cracked Core":0}]},"card_choices":[{"not_picked":["Darkness","Stack"],"picked":"Coolheaded","floor":1},{"not_picked":["Turbo","Gash"],"picked":"Coolheaded","floor":2},{"not_picked":["Rebound","Turbo","Gash"],"picked":"SKIP","floor":4},{"not_picked":["Streamline","Rebound"],"picked":"Consume","floor":6},{"not_picked":["Steam Power","Skim","Turbo"],"picked":"SKIP","floor":7}],"player_experience":939681,"relics_obtained":[{"floor":6,"key":"Replay:Bandana"}],"event_choices":[{"cards_removed":["Strike_B"],"damage_healed":0,"gold_gain":0,"player_choice":"Card Removal","damage_taken":7,"max_hp_gain":0,"max_hp_loss":0,"event_name":"Golden Wing","floor":3,"gold_loss":0},{"cards_removed":["Defend_B"],"damage_healed":0,"gold_gain":0,"player_choice":"Offered Basic","damage_taken":0,"max_hp_gain":0,"max_hp_loss":0,"event_name":"Bonfire Elementals","floor":5,"gold_loss":0},{"damage_healed":25,"gold_gain":0,"player_choice":"Banana","damage_taken":0,"max_hp_gain":0,"max_hp_loss":0,"event_name":"Big Fish","floor":8,"gold_loss":0}],"is_beta":false,"boss_relics":[],"items_purged_floors":[],"is_endless":false,"potions_floor_spawned":[2,6],"killed_by":"3 Sentries","ascension_level":10}}