{"host":"2qyxu97h6u4ukicb","time":1607778771,"event":{"mods":["AchievementEnabler","BaseMod","BetterRewards","Colored Map","Colored Powertips","Minty Spire (QoL Compilation)","Replay The Spire","Shop Mod","StSLib"],"gold_per_floor":[111,111,111,124,124,124,159,159,159,159,175,190,200,214,214,312,312,332,332,332,607,621,621,621],"floor_reached":23,"playtime":1078,"items_purged":[],"score":216,"play_id":"987cf9aa-106f-4692-9813-e317b11f4529","local_time":"20201212071251","is_ascension_mode":false,"campfire_choices":[{"data":"Noxious Fumes","floor":6,"key":"SMITH"},{"data":"Outmaneuver","floor":8,"key":"SMITH"},{"floor":10,"key":"RECALL"},{"floor":15,"key":"REST"}],"circlet_count":0,"master_deck":["Strike_G","Strike_G","Strike_G","Strike_G","Strike_G","Defend_G","Defend_G","Defend_G","Defend_G","Defend_G","Survivor","Neutralize","Noxious Fumes+1","Poison Darts","Outmaneuver+1","Distraction+1","Fluid Movement","Flying Knee","Outmaneuver+1","Caltrops","Envenom","Noxious Fumes","Regret","Bane+1"],"relics":["Ring of the Snake","NeowsBlessing","Toxic Egg 2","Cursed Key","Nilry\u0027s Codex"],"acts_visited":["Exordium","TheCity"],"potions_floor_usage":[14,14,16,23],"damage_taken":[{"damage":0,"enemies":"Jaw Worm","floor":1,"turns":1},{"damage":0,"enemies":"Cultist","floor":4,"turns":1},{"damage":0,"enemies":"3 Sentries","floor":7,"turns":2},{"damage":5,"enemies":"2 Louse","floor":11,"turns":2},{"damage":0,"enemies":"Large Slime","floor":12,"turns":5},{"damage":2,"enemies":"Looter","floor":13,"turns":2},{"damage":29,"enemies":"Gremlin Gang","floor":14,"turns":5},{"damage":37,"enemies":"The Guardian","floor":16,"turns":9},{"damage":0,"enemies":"Spheric Guardian","floor":18,"turns":3},{"damage":24,"enemies":"Shell Parasite","floor":22,"turns":3},{"damage":36,"enemies":"Book of Stabbing","floor":23,"turns":3}],"seed_played":"-1007987246930744412","potions_obtained":[{"floor":1,"key":"LifebloodPotion"},{"floor":4,"key":"Poison Potion"},{"floor":12,"key":"ColorlessPotion"},{"floor":16,"key":"Venom Potion"},{"floor":22,"key":"Dexterity Potion"}],"is_trial":false,"path_per_floor":["M","$","?","M","$","R","E","R","T","R","M","M","M","M","R","B",null,"M","?","?","?","M","E"],"character_chosen":"THE_SILENT","items_purchased":[],"campfire_rested":1,"item_purchase_floors":[],"current_hp_per_floor":[70,70,70,70,70,70,70,70,70,70,65,65,63,34,55,18,70,70,54,54,54,30,0,0],"gold":621,"neow_bonus":"THREE_ENEMY_KILL","is_daily":false,"chose_seed":false,"campfire_upgraded":2,"win_rate":0.0,"timestamp":1607778771,"path_taken":["M","$","?","M","$","R","E","R","T","R","M","M","M","?","R","BOSS","M","?","?","?","M","E"],"items_purchased_type":[],"build_version":"2020-11-30","purchased_purges":0,"victory":false,"max_hp_per_floor":[70,70,70,70,70,70,70,70,70,70,70,70,70,70,70,70,70,70,70,70,70,70,70,70],"card_choices":[{"not_picked":["Draining Mist","Backflip"],"picked":"Noxious Fumes","floor":1},{"not_picked":["Blade Dance","Underhanded Strike"],"picked":"Outmaneuver","floor":4},{"not_picked":["Underhanded Strike","Wraith Form v2"],"picked":"Distraction+1","floor":7},{"not_picked":["Backflip+1","Reflex+1"],"picked":"Fluid Movement","floor":11},{"not_picked":["Cloak And Dagger+1","Eviscerate"],"picked":"Flying Knee","floor":12},{"not_picked":["Backflip+1","Dagger Throw"],"picked":"Outmaneuver+1","floor":13},{"not_picked":["ReplayTheSpireMod:Exploit Weakness+1","Slice"],"picked":"Caltrops","floor":14},{"not_picked":["Replay:Bag of Tricks+1","After Image"],"picked":"Envenom","floor":16},{"not_picked":["Slice","Poisoned Stab"],"picked":"Noxious Fumes","floor":18},{"not_picked":["Finisher","Flying Knee"],"picked":"Bane+1","floor":22}],"player_experience":735227,"relics_obtained":[{"floor":7,"key":"Toxic Egg 2"},{"floor":19,"key":"Nilry\u0027s Codex"}],"event_choices":[{"damage_healed":0,"gold_gain":0,"player_choice":"1 cards matched","damage_taken":0,"max_hp_gain":0,"max_hp_loss":0,"event_name":"Match and Keep!","floor":3,"gold_loss":0,"cards_obtained":["Poison Darts"]},{"damage_healed":0,"gold_gain":0,"player_choice":"Obtained Book","damage_taken":16,"max_hp_gain":0,"max_hp_loss":0,"event_name":"Cursed Tome","floor":19,"gold_loss":0},{"damage_healed":0,"gold_gain":0,"player_choice":"Ignored","damage_taken":0,"max_hp_gain":0,"max_hp_loss":0,"event_name":"Vampires","floor":20,"gold_loss":0},{"damage_healed":0,"gold_gain":275,"player_choice":"Desecrate","damage_taken":0,"max_hp_gain":0,"max_hp_loss":0,"event_name":"Golden Shrine","floor":21,"gold_loss":0,"cards_obtained":["Regret"]}],"is_beta":false,"boss_relics":[{"not_picked":["Ectoplasm","Replay:Bronze Core"],"picked":"Cursed Key"}],"items_purged_floors":[],"is_endless":false,"potions_floor_spawned":[1,4,12,16,18,22],"killed_by":"Book of Stabbing","ascension_level":0}}