{"host":"jp5zuhncy05b3fg7","time":1607732045,"event":{"mods":["BaseMod","Colored Map","Minty Spire (QoL Compilation)","Shade Mod","StSLib"],"gold_per_floor":[113,130,146,164,180,180,206,216,216,216,141,169,199,199,199,330,330,344,360,360,275,353,388,26,26,26,26,26],"floor_reached":27,"playtime":1393,"items_purged":["Defend_B","Strike_B"],"score":253,"play_id":"b96459ea-c736-4b6b-bbc1-d67332dcb1ee","local_time":"20201211191405","is_ascension_mode":true,"campfire_choices":[{"data":"Redo","floor":6,"key":"SMITH"},{"data":"Loop","floor":10,"key":"SMITH"},{"data":"Darkness","floor":15,"key":"SMITH"}],"circlet_count":0,"master_deck":["Strike_B","Strike_B","Strike_B","Defend_B","Defend_B","Defend_B","Zap","Dualcast","Glacier","Doom and Gloom","Redo+1","Conserve Battery","Loop+1","Lockon","Darkness+1","Seek","Steam+1","Auto Shields+1"],"relics":["Cracked Core","NeowsBlessing","InkBottle","Bag of Preparation","Juzu Bracelet","Odd Mushroom","Bloody Idol","Coffee Dripper","Art of War","Toxic Egg 2","Cables","Symbiotic Virus","MealTicket"],"acts_visited":["Exordium","TheCity"],"potions_floor_usage":[7,7,23],"damage_taken":[{"damage":0,"enemies":"Cultist","floor":1,"turns":1},{"damage":0,"enemies":"Small Slimes","floor":2,"turns":1},{"damage":0,"enemies":"Jaw Worm","floor":3,"turns":1},{"damage":0,"enemies":"Looter","floor":4,"turns":4},{"damage":4,"enemies":"2 Fungi Beasts","floor":5,"turns":3},{"damage":18,"enemies":"Lagavulin","floor":7,"turns":5},{"damage":0,"enemies":"Blue Slaver","floor":8,"turns":3},{"damage":23,"enemies":"Gremlin Nob","floor":12,"turns":4},{"damage":18,"enemies":"The Mushroom Lair","floor":13,"turns":3},{"damage":1,"enemies":"Hexaghost","floor":16,"turns":8},{"damage":0,"enemies":"3 Byrds","floor":18,"turns":4},{"damage":22,"enemies":"2 Thieves","floor":19,"turns":4},{"damage":44,"enemies":"Slavers","floor":23,"turns":4},{"damage":3,"enemies":"Snake Plant","floor":27,"turns":3}],"seed_played":"-8684505885123975389","potions_obtained":[{"floor":1,"key":"EssenceOfSteel"},{"floor":3,"key":"PowerPotion"},{"floor":5,"key":"EssenceOfDarkness"}],"is_trial":false,"path_per_floor":["M","M","M","M","M","R","E","M","T","R","$","E","?","?","R","B",null,"M","M","?","?","T","E","$","?","T","M"],"character_chosen":"DEFECT","items_purchased":["Symbiotic Virus"],"campfire_rested":0,"item_purchase_floors":[24],"current_hp_per_floor":[75,75,75,75,71,71,53,53,53,53,53,30,12,12,12,11,69,69,47,47,47,47,3,3,3,3,0,0],"gold":26,"neow_bonus":"THREE_ENEMY_KILL","is_daily":false,"chose_seed":false,"campfire_upgraded":3,"win_rate":0.0,"timestamp":1607732045,"path_taken":["M","M","M","M","?","R","E","M","T","R","$","E","?","?","R","BOSS","M","M","?","?","?","E","$","?","T","M"],"items_purchased_type":["Relic"],"build_version":"2020-11-30","purchased_purges":2,"victory":false,"max_hp_per_floor":[75,75,75,75,75,75,75,75,75,75,75,75,75,69,69,69,69,69,69,69,69,69,69,69,69,69,69,69],"card_choices":[{"not_picked":["Sweeping Beam","Leap"],"picked":"Glacier","floor":1},{"not_picked":["Leap","Hello World"],"picked":"Doom and Gloom","floor":2},{"not_picked":["Steam","Hologram"],"picked":"Redo","floor":3},{"not_picked":["Go for the Eyes","All For One","Redo"],"picked":"SKIP","floor":4},{"not_picked":["Scrape","Streamline"],"picked":"Conserve Battery","floor":5},{"not_picked":["Streamline","Stack","Redo"],"picked":"SKIP","floor":7},{"not_picked":["Scrape","Beam Cell"],"picked":"Loop","floor":8},{"not_picked":["Rip and Tear","Hello World"],"picked":"Lockon","floor":12},{"not_picked":["Coolheaded","Undo"],"picked":"Darkness","floor":13},{"not_picked":["All For One","Reboot"],"picked":"Seek","floor":16},{"not_picked":["Redo","Stack"],"picked":"Steam+1","floor":18},{"not_picked":["Leap","Turbo+1","Gash"],"picked":"SKIP","floor":19},{"not_picked":["Biased Cognition","Redo+1"],"picked":"Auto Shields+1","floor":23}],"player_experience":174972,"relics_obtained":[{"floor":7,"key":"InkBottle"},{"floor":9,"key":"Bag of Preparation"},{"floor":12,"key":"Juzu Bracelet"},{"floor":13,"key":"Odd Mushroom"},{"floor":22,"key":"Toxic Egg 2"},{"floor":23,"key":"Cables"},{"floor":26,"key":"MealTicket"}],"event_choices":[{"damage_healed":0,"gold_gain":0,"player_choice":"Fought Mushrooms","damage_taken":0,"max_hp_gain":0,"max_hp_loss":0,"event_name":"Mushrooms","floor":13,"gold_loss":0},{"damage_healed":0,"gold_gain":0,"player_choice":"Lose Max HP","damage_taken":0,"relics_obtained":["Golden Idol"],"max_hp_gain":0,"max_hp_loss":6,"event_name":"Golden Idol","floor":14,"gold_loss":0},{"damage_healed":0,"gold_gain":0,"player_choice":"Ignored","damage_taken":0,"max_hp_gain":0,"max_hp_loss":0,"event_name":"Vampires","floor":20,"gold_loss":0},{"damage_healed":0,"gold_gain":0,"player_choice":"Obtained Relic","damage_taken":0,"relics_obtained":["Art of War"],"max_hp_gain":0,"max_hp_loss":0,"event_name":"Addict","floor":21,"gold_loss":85},{"damage_healed":0,"gold_gain":0,"player_choice":"Gave Idol","damage_taken":0,"relics_obtained":["Bloody Idol"],"max_hp_gain":0,"max_hp_loss":0,"event_name":"Forgotten Altar","floor":25,"relics_lost":["Golden Idol"],"gold_loss":0}],"is_beta":false,"boss_relics":[{"not_picked":["SlaversCollar","Tiny House"],"picked":"Coffee Dripper"}],"items_purged_floors":[11,24],"is_endless":false,"potions_floor_spawned":[1,3,5],"killed_by":"Snake Plant","ascension_level":1}}