{"host":"npubv26u89aif4fa","time":1607790791,"event":{"mods":["Bard","BaseMod","Better Vampires","Colored Powertips","GifTheSpireLib","GungeonMod","Hubris","Luminous","Marisa£®ÏF”Í°°ƒß¿Ì…≥£©","Minty Spire (QoL Compilation)","Reimu£®≤©¿ˆ¡È√Œ£©","Remilia£®¿Ÿ√◊¿Ú—«£©","Replay The Spire","StSLib","Td1madao Mod","The Bug Knight","The Cursed","The Hierophant","The Runesmith","Youmu£®ªÍ∆«—˝√Œ£©","[µÿæ´ ◊¡Ï≈¿À˛]The Maniac"],"gold_per_floor":[118,118,118,118,128,162,176,26,78,78,120,120,136,152,152,271,271,298,298,310,338,109,159,187,221,221,252,252,299,322,353,353,467,467,521,587,648,648,714,714,714,714],"floor_reached":41,"playtime":4003,"items_purged":["Strike_MRS"],"score":615,"play_id":"11d7b7d9-5ba2-4336-a9b2-9ae4a30193f7","local_time":"20201213003311","is_ascension_mode":false,"campfire_choices":[{"data":"RefractionSpark","floor":12,"key":"SMITH"},{"floor":15,"key":"REST"},{"floor":28,"key":"REST"},{"floor":40,"key":"REST"}],"circlet_count":0,"master_deck":["Strike_MRS","Strike_MRS","Strike_MRS","Defend_MRS","Defend_MRS","Defend_MRS","MasterSpark","UpSweep","RefractionSpark+1","MachineGunSpark+1","PowerUp","WitchOfGreed","EarthLightRay","MysteriousBeam","UltimateShortwave","MilkyWay+1","PulseMagic+1","OrrerysSun","DeepEcoloBomb","ManaRampage","6A","EscapeVelocity","CommonCold","hubris:Greed","hubris:Greed","hubris:Greed","hubris:Greed","hubris:Greed","hubris:Greed","hubris:Greed","RefractionSpark+1","Madness","Madness","Orbital+1"],"relics":["BewitchedHakkero","DemoMod:PoisonVial","TheAbacus","Regal Pillow","Ancient Tea Set","Replay:Grab Bag","Fusion Hammer","Philosopher\u0027s Stone","hubris:Stopwatch","Simple Rune","Blue Doll","Bottled Lightning","DemoMod:MeltedRock","Gremlin Food","Bag of Marbles","Replay:Ancient Bell","Centennial Puzzle","ReplayTheSpireMod:Shallot","Gambling Chip"],"acts_visited":["Exordium","TheCity","TheBeyond"],"potions_floor_usage":[11,18,20,21,23,24,25,25,31,33,35,36,37,39,41],"damage_taken":[{"damage":0,"enemies":"Small Slimes","floor":1,"turns":3},{"damage":6,"enemies":"Jaw Worm","floor":5,"turns":3},{"damage":26,"enemies":"HollowMod:MossKnight","floor":6,"turns":5},{"damage":0,"enemies":"2 Louse","floor":7,"turns":2},{"damage":18,"enemies":"3 Sentries","floor":11,"turns":10},{"damage":0,"enemies":"Blue Slaver","floor":13,"turns":1},{"damage":6,"enemies":"Looter","floor":14,"turns":3},{"damage":34,"enemies":"Slime Boss","floor":16,"turns":4},{"damage":10,"enemies":"3 Byrds","floor":18,"turns":4},{"damage":0,"enemies":"Chosen","floor":20,"turns":1},{"damage":18,"enemies":"Snecko","floor":21,"turns":5},{"damage":15,"enemies":"Slavers","floor":23,"turns":5},{"damage":7,"enemies":"Cultist and Chosen","floor":24,"turns":5},{"damage":17,"enemies":"Book of Stabbing","floor":25,"turns":3},{"damage":22,"enemies":"Centurion and Healer","floor":27,"turns":5},{"damage":9,"enemies":"Replay:Snechameleon","floor":29,"turns":6},{"damage":21,"enemies":"Shelled Parasite and Fungi","floor":31,"turns":3},{"damage":19,"enemies":"Champ","floor":33,"turns":8},{"damage":33,"enemies":"Orb Walker","floor":35,"turns":5},{"damage":14,"enemies":"3 Shapes","floor":36,"turns":5},{"damage":11,"enemies":"3 Darklings","floor":37,"turns":4},{"damage":10,"enemies":"Transient","floor":39,"turns":5},{"damage":101,"enemies":"2 Orb Walkers","floor":41,"turns":4}],"seed_played":"2446107166149451263","potions_obtained":[{"floor":5,"key":"SkillPotion"},{"floor":11,"key":"Death Potion"},{"floor":14,"key":"FearPotion"},{"floor":16,"key":"Adrenaline Potion"},{"floor":18,"key":"Swift Potion"},{"floor":20,"key":"Weak Potion"},{"floor":21,"key":"Dexterity Potion"},{"floor":23,"key":"SkillPotion"},{"floor":23,"key":"AttackPotion"},{"floor":24,"key":"BlessingOfTheForge"},{"floor":24,"key":"AttackPotion"},{"floor":27,"key":"GamblersBrew"},{"floor":29,"key":"SpeedPotion"},{"floor":29,"key":"Toxic Potion"},{"floor":31,"key":"PowerPotion"},{"floor":33,"key":"AttackPotion"},{"floor":35,"key":"DemoMod:LeadSkinPotion"},{"floor":35,"key":"Regen Potion"},{"floor":36,"key":"EssenceOfSteel"},{"floor":37,"key":"LifebloodPotion"},{"floor":37,"key":"BottledSpark"},{"floor":39,"key":"Dexterity Potion"}],"is_trial":false,"path_per_floor":["M","?","?","?","M","E","M","$","T","?","E","R","M","M","R","B",null,"M","?","M","M","$","E","M","E","T","M","R","E","T","M","R","B",null,"M","M","M","?","M","R","?"],"character_chosen":"MARISA","items_purchased":["TheAbacus","Simple Rune"],"campfire_rested":3,"item_purchase_floors":[8,22],"current_hp_per_floor":[82,82,82,87,81,55,55,55,55,38,24,24,24,22,63,33,87,77,77,77,63,63,52,49,36,36,18,59,54,54,37,37,22,87,57,61,54,43,33,74,0,0],"gold":714,"neow_bonus":"TEN_PERCENT_HP_BONUS","is_daily":false,"chose_seed":false,"campfire_upgraded":1,"win_rate":0.0,"timestamp":1607790791,"path_taken":["M","?","?","?","M","E","M","$","T","?","E","R","M","?","R","BOSS","M","?","M","M","$","E","?","E","T","M","R","E","?","M","R","BOSS","M","?","M","?","M","R","?"],"items_purchased_type":["Relic","Relic"],"build_version":"2020-11-30","purchased_purges":1,"victory":false,"max_hp_per_floor":[82,82,82,87,87,87,87,87,87,87,87,87,87,87,87,87,87,87,87,87,87,87,87,87,87,87,87,87,87,87,87,87,87,87,87,87,87,87,87,87,87,87],"card_choices":[{"not_picked":["GravityBeat","NonDirectionalLaser"],"picked":"RefractionSpark","floor":1},{"not_picked":["Acceleration","DoubleSpark"],"picked":"PowerUp","floor":5},{"not_picked":["ManaConvection","ShootingEcho"],"picked":"WitchOfGreed","floor":6},{"not_picked":["DeepEcoloBomb","MilkyWay"],"picked":"EarthLightRay","floor":7},{"not_picked":["PowerUp","BinaryStars"],"picked":"MysteriousBeam","floor":11},{"not_picked":["Acceleration","WitchOfGreed","SporeBomb"],"picked":"SKIP","floor":13},{"not_picked":["LuminesStrike","IllusionStar","UnstableBomb"],"picked":"SKIP","floor":14},{"not_picked":["BinaryStars","SatelliteIllusion"],"picked":"UltimateShortwave","floor":16},{"not_picked":["WitchLeyline","IllusionStar"],"picked":"MilkyWay+1","floor":18},{"not_picked":["BigCrunch","Occultation","Acceleration+1"],"picked":"SKIP","floor":20},{"not_picked":["IllusionStar","Acceleration","DoubleSpark"],"picked":"SKIP","floor":21},{"not_picked":["PowerUp","GravityBeat","MysteriousBeam+1"],"picked":"SKIP","floor":23},{"not_picked":["GalacticHalo","Acceleration"],"picked":"PulseMagic+1","floor":24},{"not_picked":["DarkMatter","MeteoricShower"],"picked":"OrrerysSun","floor":25},{"not_picked":["Acceleration","LuminesStrike+1"],"picked":"DeepEcoloBomb","floor":27},{"not_picked":["EnergyRecoil","ShootingEcho+1"],"picked":"ManaRampage","floor":29},{"not_picked":["NonDirectionalLaser","DC","6A"],"picked":"SKIP","floor":31},{"not_picked":["SuperNova","CollectingQuirk"],"picked":"EscapeVelocity","floor":33},{"not_picked":["ReplayTheSpireMod:Doomed","ReplayTheSpireMod:Faulty Equipment"],"picked":"CommonCold","floor":34},{"not_picked":["maniac:Scruple","Overencumbered"],"picked":"hubris:Greed","floor":34},{"not_picked":["Parasite","hubris:Disease"],"picked":"hubris:Greed","floor":34},{"not_picked":["MilkyWay+1","LuminesStrike+1","MeteoricShower+1"],"picked":"SKIP","floor":35},{"not_picked":["PowerUp+1","MysteriousBeam","GravityBeat+1"],"picked":"SKIP","floor":36},{"not_picked":["PropBag","DC+1"],"picked":"RefractionSpark+1","floor":37},{"not_picked":["DoubleSpark","PowerUp+1"],"picked":"Orbital","floor":39}],"player_experience":35901,"relics_obtained":[{"floor":6,"key":"DemoMod:PoisonVial"},{"floor":9,"key":"Regal Pillow"},{"floor":11,"key":"Ancient Tea Set"},{"floor":23,"key":"Blue Doll"},{"floor":25,"key":"Bottled Lightning"},{"floor":26,"key":"DemoMod:MeltedRock"},{"floor":29,"key":"Gremlin Food"},{"floor":30,"key":"Bag of Marbles"}],"event_choices":[{"damage_healed":0,"gold_gain":0,"player_choice":"Grow","damage_taken":0,"max_hp_gain":0,"max_hp_loss":0,"event_name":"Living Wall","floor":3,"gold_loss":0,"cards_upgraded":["MachineGunSpark"]},{"damage_healed":0,"gold_gain":0,"player_choice":"Donut","damage_taken":0,"max_hp_gain":5,"max_hp_loss":0,"event_name":"Big Fish","floor":4,"gold_loss":0},{"damage_healed":0,"gold_gain":0,"player_choice":"Entered Light","damage_taken":17,"max_hp_gain":0,"max_hp_loss":0,"event_name":"Shining Light","floor":10,"gold_loss":0,"cards_upgraded":["Strike_MRS","Defend_MRS"]},{"damage_healed":0,"gold_gain":0,"player_choice":"Bought 0 Potions","damage_taken":0,"max_hp_gain":0,"max_hp_loss":0,"event_name":"The Woman in Blue","floor":19,"gold_loss":0},{"damage_healed":0,"gold_gain":0,"player_choice":"Embrace Madness","damage_taken":11,"max_hp_gain":0,"max_hp_loss":0,"event_name":"Winding Halls","floor":38,"gold_loss":0,"cards_obtained":["Madness","Madness"]},{"damage_healed":0,"gold_gain":0,"player_choice":"Fight","damage_taken":0,"max_hp_gain":0,"max_hp_loss":0,"event_name":"Mysterious Sphere","floor":41,"gold_loss":0}],"is_beta":false,"boss_relics":[{"not_picked":["RedLine:ReiMu","Painkiller Herb"],"picked":"Replay:Grab Bag"},{"not_picked":["Coffee Dripper","Runic Dome"],"picked":"Fusion Hammer"},{"not_picked":["Velvet Choker","ChewingGum"],"picked":"Philosopher\u0027s Stone"},{"not_picked":["Tiny House","Astrolabe"],"picked":"hubris:Stopwatch"},{"not_picked":["hubris:BlackHole","Kintsugi"],"picked":"BewitchedHakkero"},{"not_picked":["ReplayTheSpireMod:Onyx Gauntlets","RampagingMagicTools"],"picked":"Replay:Ancient Bell"},{"not_picked":["HollowMod:PaleOreRelic","ScarletDevilRocket"],"picked":"Centennial Puzzle"},{"not_picked":["Toxic Egg 2","HandmadeGrimoire"],"picked":"ReplayTheSpireMod:Shallot"},{"not_picked":["Incense Burner","hubris:FunFungus"],"picked":"Gambling Chip"}],"items_purged_floors":[22],"is_endless":false,"potions_floor_spawned":[5,14,20,23,24,29,31,33,35,37],"killed_by":"2 Orb Walkers","ascension_level":0}}