{"host":"bq442wlpwbozasgc","time":1607746920,"event":{"mods":["Bard","BaseMod","Hubris","Minty Spire (QoL Compilation)","Quick Restart","Replay The Spire","StSLib","SuperFastMode"],"gold_per_floor":[116,132,144,144,144,94,112,112,112,142,142,13,13,13,13,108,108,122,122,122,22,35,35,49,49,72,23,33,33,46,59,59,163,163,173,225,268,268,278,278,1,17,17,50,50,60,60,73,73,73],"floor_reached":51,"playtime":2924,"items_purged":["Looming Evil","Strike_B"],"score":683,"play_id":"7f21a113-d442-4543-8078-70c7c2ece23f","local_time":"20201212132200","is_ascension_mode":true,"campfire_choices":[{"data":"Fission","floor":11.0,"key":"SMITH"},{"data":"Go for the Eyes","floor":15.0,"key":"SMITH"},{"data":"BasicCrystalCard","floor":23.0,"key":"SMITH"},{"data":"Darkness","floor":25.0,"key":"SMITH"},{"data":"Coolheaded","floor":32.0,"key":"SMITH"},{"data":"Creative AI","floor":40.0,"key":"SMITH"},{"data":"Coolheaded","floor":45,"key":"SMITH"},{"data":"Defragment","floor":47,"key":"SMITH"}],"circlet_count":1,"master_deck":["Strike_B+1","Defend_B","Defend_B","Zap+1","Dualcast+1","Go for the Eyes+1","Coolheaded+1","Ball Lightning+1","Fission+1","Reboot+1","Coolheaded+1","Sweeping Beam","FIFO Queue+1","Electrodynamics","Compile Driver+1","BasicCrystalCard+1","Darkness+1","Turbo","Reinforced Body","Rainbow","hubris:PowerSurge+1","Defragment+1","Defragment","Creative AI+1","Self Repair+1","Chill+1"],"relics":["Cracked Core","hubris:Towel","ReplayTheSpireMod:Ring of Addiction","Potion Belt","SacredBark","Ring of Shattering","Replay:Rubber Ducky","War Paint","hubris:TerracottaHorce","Whetstone","Replay:Grab Bag","Cursed Key","Circlet","hubris:HollowSoul","hubris:Stopwatch","hubris:CuriousFeather","ReplayTheSpireMod:Shallot","hubris:Icosahedron","hubris:ToyBattleship","hubris:BallOfYels"],"acts_visited":["Exordium","TheCity","TheBeyond"],"potions_floor_usage":[44,50,50,50],"damage_taken":[{"damage":1.0,"enemies":"Cultist","floor":1.0,"turns":3.0},{"damage":3.0,"enemies":"Small Slimes","floor":2.0,"turns":2.0},{"damage":0.0,"enemies":"2 Louse","floor":3.0,"turns":3.0},{"damage":20.0,"enemies":"Exordium Thugs","floor":7.0,"turns":4.0},{"damage":3.0,"enemies":"Replay:BlueRogue","floor":10.0,"turns":5.0},{"damage":0.0,"enemies":"Slime Boss","floor":16.0,"turns":2.0},{"damage":0.0,"enemies":"Shell Parasite","floor":18.0,"turns":3.0},{"damage":16.0,"enemies":"2 Thieves","floor":22.0,"turns":2.0},{"damage":1.0,"enemies":"Shelled Parasite and Fungi","floor":24.0,"turns":2.0},{"damage":0.0,"enemies":"Centurion and Healer","floor":28.0,"turns":3.0},{"damage":0.0,"enemies":"Snake Plant","floor":30.0,"turns":1.0},{"damage":0.0,"enemies":"Cultist and Chosen","floor":31.0,"turns":3.0},{"damage":0.0,"enemies":"Champ","floor":33.0,"turns":6.0},{"damage":3.0,"enemies":"Orb Walker","floor":35.0,"turns":3.0},{"damage":24.0,"enemies":"2 Orb Walkers","floor":36.0,"turns":6.0},{"damage":0.0,"enemies":"3 Darklings","floor":39.0,"turns":2.0},{"damage":0.0,"enemies":"Transient","floor":42.0,"turns":5.0},{"damage":1,"enemies":"Reptomancer","floor":44,"turns":5},{"damage":0,"enemies":"Sphere and 2 Shapes","floor":46,"turns":3},{"damage":0,"enemies":"Jaw Worm Horde","floor":48,"turns":3},{"damage":0,"enemies":"Replay:Hell Engine","floor":50,"turns":5}],"seed_played":"6560191477672455419","potions_obtained":[{"floor":2.0,"key":"LiquidMemories"},{"floor":3.0,"key":"SpeedPotion"},{"floor":8.0,"key":"Cursed Concoction"},{"floor":8.0,"key":"SkillPotion"},{"floor":8.0,"key":"Reflective Coating"},{"floor":18.0,"key":"SkillPotion"},{"floor":30.0,"key":"PotionOfCapacity"},{"floor":35.0,"key":"Strength Potion"},{"floor":46,"key":"SkillPotion"}],"is_trial":false,"path_per_floor":["M","M","M","?","?","?","M","?","T","E","R","$","?","$","R","B",null,"M","?","?","$","M","R","M","R","T","$","M","?","M","M","R","B",null,"M","?","?","?","M","R","$","M","T","E","R","M","R","M","R","B",null],"character_chosen":"DEFECT","items_purchased":["Sweeping Beam","Turbo","hubris:ToyBattleship","Milkshake","Explosive Potion"],"campfire_rested":0,"item_purchase_floors":[12,27,41,41,41],"current_hp_per_floor":[74,71,71,71,71,71,51,51,51,48,48,48,48,48,48,48,65,65,65,65,65,49,49,48,48,48,48,48,48,48,48,48,48,61,58,34,34,34,34,34,34,34,34,43,43,43,43,53,53,61],"gold":73,"neow_bonus":"UPGRADE_CARD","is_daily":false,"chose_seed":false,"campfire_upgraded":8,"win_rate":0.0,"timestamp":1607746920,"path_taken":["M","M","M","?","?","?","?","?","T","E","R","$","?","?","R","BOSS","M","?","?","$","M","R","M","R","T","$","M","?","M","?","R","BOSS","M","?","?","?","M","R","$","?","T","E","R","M","R","M","R","BOSS"],"items_purchased_type":["Card","Card","Relic","Potion","Potion"],"build_version":"2020-11-30","purchased_purges":2,"victory":true,"max_hp_per_floor":[75,75,75,75,75,75,75,75,75,75,75,73,73,73,71,71,71,71,71,69,69,69,67,67,67,65,65,65,65,65,65,65,65,65,65,65,65,65,65,65,65,65,65,63,63,63,63,61,61,61],"card_choices":[{"not_picked":["Ball Lightning","Undo"],"picked":"Go for the Eyes","floor":1.0},{"not_picked":["Consume","Redo"],"picked":"Coolheaded","floor":2.0},{"not_picked":["Cold Snap","Stack"],"picked":"Ball Lightning","floor":3.0},{"not_picked":["Stack","Go for the Eyes"],"picked":"Reboot","floor":7.0},{"not_picked":["Consume","ReplaySort"],"picked":"Coolheaded","floor":10.0},{"not_picked":["All For One","Reboot"],"picked":"Electrodynamics","floor":16.0},{"not_picked":["Gash","ReplayTheSpireMod:Reroute Power"],"picked":"Compile Driver+1","floor":18.0},{"not_picked":["Melter","FIFO Queue+1","Barrage"],"picked":"SKIP","floor":22.0},{"not_picked":["Fission","Conserve Battery"],"picked":"Darkness","floor":24.0},{"not_picked":["Panic Button","Gash"],"picked":"Reinforced Body","floor":28.0},{"not_picked":["Gash","ReplayGash","Rebound"],"picked":"SKIP","floor":30.0},{"not_picked":["Melter","Leap+1","ReplaySolidLightProjector"],"picked":"SKIP","floor":31.0},{"not_picked":["hubris:Prefetch","ReplayTheSpireMod:Omega Cannon"],"picked":"Rainbow","floor":33.0},{"not_picked":["Consume+1","Hologram"],"picked":"hubris:PowerSurge+1","floor":35.0},{"not_picked":["Go for the Eyes","Leap+1"],"picked":"Defragment","floor":36.0},{"not_picked":["Cold Snap","Ball Lightning"],"picked":"Defragment","floor":37.0},{"not_picked":["Stack","Hologram+1"],"picked":"Creative AI","floor":39.0},{"not_picked":["Gash+1","Rebound+1"],"picked":"Self Repair+1","floor":42.0},{"not_picked":["ReplayTheSpireMod:Fabricate Wheel","White Noise"],"picked":"Chill+1","floor":44},{"not_picked":["BasicCrystalCard","Conserve Battery+1","Ball Lightning"],"picked":"SKIP","floor":46},{"not_picked":["Capacitor+1","ReplaySolidLightProjector","Rebound+1"],"picked":"SKIP","floor":48}],"player_experience":21360,"relics_obtained":[{"floor":8.0,"key":"ReplayTheSpireMod:Ring of Addiction"},{"floor":8.0,"key":"Potion Belt"},{"floor":8.0,"key":"SacredBark"},{"floor":8.0,"key":"Ring of Shattering"},{"floor":9.0,"key":"Replay:Rubber Ducky"},{"floor":10.0,"key":"War Paint"},{"floor":26.0,"key":"Whetstone"},{"floor":36.0,"key":"hubris:CuriousFeather"},{"floor":37.0,"key":"ReplayTheSpireMod:Shallot"},{"floor":44,"key":"hubris:BallOfYels"}],"event_choices":[{"damage_healed":0.0,"max_hp_gain":0.0,"max_hp_loss":0.0,"gold_gain":0.0,"cards_transformed":["Strike_B"],"event_name":"Living Wall","player_choice":"Change","floor":4.0,"gold_loss":0.0,"damage_taken":0.0,"cards_obtained":["Fission"]},{"cards_removed":["Strike_B"],"damage_healed":0.0,"max_hp_gain":0.0,"max_hp_loss":0.0,"gold_gain":0.0,"event_name":"The Cleric","player_choice":"Card Removal","floor":6.0,"gold_loss":50.0,"damage_taken":0.0},{"damage_healed":0.0,"max_hp_gain":0.0,"max_hp_loss":0.0,"gold_gain":0.0,"event_name":"The Library","player_choice":"Read","floor":19.0,"gold_loss":0.0,"damage_taken":0.0,"cards_obtained":["BasicCrystalCard"]},{"damage_healed":0.0,"max_hp_gain":0.0,"max_hp_loss":0.0,"gold_gain":0.0,"event_name":"Ghosts","player_choice":"Ignored","floor":20.0,"gold_loss":0.0,"damage_taken":0.0},{"damage_healed":0.0,"max_hp_gain":0.0,"max_hp_loss":0.0,"gold_gain":0.0,"event_name":"N\u0027loth","player_choice":"Ignored","floor":29.0,"gold_loss":0.0,"damage_taken":0.0},{"damage_healed":0.0,"max_hp_gain":0.0,"max_hp_loss":0.0,"gold_gain":0.0,"event_name":"Mysterious Sphere","player_choice":"Fight","floor":36.0,"gold_loss":0.0,"damage_taken":0.0},{"cards_removed":["Defend_B"],"damage_healed":0,"gold_gain":0,"player_choice":"Purged","damage_taken":0,"max_hp_gain":0,"max_hp_loss":0,"event_name":"Purifier","floor":49,"gold_loss":0}],"is_beta":false,"boss_relics":[{"not_picked":["Astrolabe","Replay:Bronze Core"],"picked":"hubris:TerracottaHorce"},{"not_picked":["Velvet Choker","hubris:VirtuousBlindfold"],"picked":"Replay:Grab Bag"},{"not_picked":["hubris:RunicObelisk","hubris:CrackedHourglass"],"picked":"Cursed Key"},{"not_picked":["Circlet","Circlet"],"picked":"Circlet"},{"not_picked":["Kintsugi","ReplayTheSpireMod:Onyx Gauntlets"],"picked":"hubris:HollowSoul"},{"not_picked":["Black Star","Replay:Drink Me"],"picked":"hubris:Stopwatch"}],"items_purged_floors":[12,21],"is_endless":false,"potions_floor_spawned":[2,3,18,24,30,35,46],"ascension_level":2}}