{"host":"l12hrjjiowxu1z6t","time":1607759622,"event":{"mods":["BaseMod","Bestiary","Better Third Choice","Colored Map","Colored Powertips","Keyboard Shortcuts","Minty Spire (QoL Compilation)","Rare Cards Sparkle","Relic Stats","Shop Mod","Spicy Shops","StSLib","UnlockEverythingMod"],"gold_per_floor":[113,113,128,47,0,0,0],"floor_reached":6,"playtime":181,"items_purged":[],"score":68,"play_id":"c4d2178d-f0a1-4648-9bc3-159947380393","local_time":"20201211215342","is_ascension_mode":true,"campfire_choices":[],"circlet_count":0,"master_deck":["AscendersBane","Strike_R","Strike_R","Strike_R","Strike_R","Strike_R","Defend_R","Defend_R","Defend_R","Defend_R","Bash","Heavy Blade","Burn+1","Seeing Red","Body Slam","True Grit","Enlightenment"],"relics":["Burning Blood","Unceasing Top"],"acts_visited":["Exordium"],"potions_floor_usage":[],"damage_taken":[{"damage":12,"enemies":"Jaw Worm","floor":1,"turns":2},{"damage":16,"enemies":"2 Louse","floor":3,"turns":3},{"damage":40,"enemies":"Gremlin Nob","floor":6,"turns":3}],"seed_played":"-4715737922860488045","potions_obtained":[{"floor":1,"key":"LiquidBronze"}],"is_trial":false,"path_per_floor":["M","?","M","$","?","E"],"character_chosen":"IRONCLAD","items_purchased":["Body Slam","True Grit"],"campfire_rested":0,"item_purchase_floors":[4,4],"current_hp_per_floor":[44,44,34,34,40,0,0],"gold":0,"neow_bonus":"ONE_RARE_RELIC","is_daily":false,"chose_seed":false,"campfire_upgraded":0,"win_rate":0.0,"timestamp":1607759622,"path_taken":["M","?","M","$","?","E"],"items_purchased_type":["Card","Card"],"build_version":"2020-11-30","purchased_purges":0,"victory":false,"max_hp_per_floor":[75,75,75,75,81,81,81],"relic_stats":{"counters":[3,8],"obtain_stats":[{"Burning Blood":0,"Unceasing Top":0},{"Burning Blood":0,"Unceasing Top":0},{"Burning Blood":0,"Unceasing Top":0}],"Burning Blood":12,"Unceasing Top":[0]},"card_choices":[{"not_picked":["Feel No Pain","Sentinel"],"picked":"Heavy Blade","floor":1},{"not_picked":["Havoc","Bloodletting"],"picked":"Seeing Red","floor":3}],"player_experience":13280,"relics_obtained":[],"event_choices":[{"damage_healed":44,"gold_gain":0,"player_choice":"Embrace Burn","damage_taken":0,"max_hp_gain":0,"max_hp_loss":75,"event_name":"betterThird:BetterShining","floor":2,"gold_loss":0},{"damage_healed":0,"gold_gain":0,"player_choice":"RENOUNCE","damage_taken":47,"max_hp_gain":0,"max_hp_loss":0,"event_name":"betterThird:BetterSerpent","floor":5,"gold_loss":47,"cards_obtained":["Enlightenment"]}],"is_beta":false,"boss_relics":[],"items_purged_floors":[],"is_endless":false,"potions_floor_spawned":[1],"killed_by":"Gremlin Nob","ascension_level":20}}