{"host":"i9wanet4r0ff4t9y","time":1607772875,"event":{"mods":["2.2 Compatiblity","Act Like it!","BaseMod","Better Altar","Better Match","Better Note","Better Sensory Stone","Better Skull","Better Third Choice","Better Vampires","BetterRewards","CapriCore","Downfall","Minty Spire (QoL Compilation)","READ ME - Guardian Mod","READ ME - Snecko Mod","Relic Stats","Replay The Spire","Spicy Shops","StSLib","The Disciple","Waifu the Spire"],"gold_per_floor":[117,127,127,141,141,141,174,194,220,220,230,245,245,260,260,355,355,371,646,646,646,664,664,690,702,714,726,753,765,805,829,841,951,963,995,1007,151,169,184,216,226,226,226,259,259,278,296,316,316,316,316,316,68,99,99],"floor_reached":54,"playtime":1987,"items_purged":["Normality","Pain"],"score":1166,"play_id":"c4cb1180-6083-46a5-bec9-a3ed4b7e64d8","local_time":"20201212123435","is_ascension_mode":false,"campfire_choices":[{"data":"Atom Bomb","floor":6.0,"key":"SMITH"},{"data":"Doppelganger","floor":15.0,"key":"SMITH"},{"floor":23.0,"key":"RECALL"},{"data":"ReplayTheSpireMod:Scrap Shanks","floor":25.0,"key":"SMITH"},{"data":"Infinite Blades","floor":27.0,"key":"SMITH"},{"floor":32.0,"key":"REST"},{"data":"Burst","floor":45.0,"key":"SMITH"},{"floor":49.0,"key":"REST"},{"data":"Cloak And Dagger","floor":52.0,"key":"SMITH"}],"circlet_count":0,"master_deck":["Strike_G","Strike_G","Strike_G","Strike_G+1","Strike_G","Defend_G","Defend_G","Defend_G","Defend_G","Defend_G","Survivor","Neutralize+1","The Bomb","Blade Dance","PiercingWail","Infinite Blades+1","ReplayTheSpireMod:Exploit Weakness","Atom Bomb+1","Cloak And Dagger","Crippling Poison","Heel Hook","Doppelganger+1","Leg Sweep","Skewer+1","Blur","ReplayTheSpireMod:Brewmster+1","ReplayTheSpireMod:Scrap Shanks+1","Outmaneuver","Atom Bomb+1","Dagger Spray+1","Dagger Spray+1","Backflip+1","Quick Slash","Backflip","Overencumbered","Sneak Up","Terror","After Image+1","Finisher","Draining Mist","Storm of Steel","Dodge and Roll+1","Underhanded Strike+1","Madness","Madness","Injury","ReplayTheSpireMod:The Works+1","Predator","Blade Dance+1","Burst+1","Dagger Spray+1","Predator+1","Masterful Stab","Languid","Dash+1","Blade Dance+1","Choke+1","Outmaneuver+1","Cloak And Dagger+1","Slice","Cloak And Dagger+1","Noxious Fumes","Cloak And Dagger","Atom Bomb","Heel Hook","Good Instincts","Calculated Gamble","Accuracy+1"],"relics":["Ring of the Snake","Strawberry","Darkstone Periapt","HandDrill","Prayer Wheel","Lee\u0027s Waffle","MealTicket","Replay:Baseball","Replay:Grab Bag","ReplayTheSpireMod:Onyx Gauntlets","Cursed Key","WristBlade","Black Star","Ninja Scroll","Whetstone","MawBank","WarpedTongs","Anchor","Quantum Egg","Replay:Bronze Core","Mummified Hand","Pantograph","Pen Nib","Chemical X","Guide Book","Onion Ring","ReplayTheSpireMod:Shallot","Sundial","Pear","InkBottle","BargainBundle","Pondfish Scales","Thread and Needle"],"acts_visited":["Exordium","TheCity","TheBeyond","TheEnding"],"potions_floor_usage":[],"damage_taken":[{"damage":3.0,"enemies":"2 Louse","floor":1.0,"turns":4.0},{"damage":4.0,"enemies":"Cultist","floor":2.0,"turns":3.0},{"damage":2.0,"enemies":"Jaw Worm","floor":4.0,"turns":4.0},{"damage":10.0,"enemies":"Gremlin Nob","floor":7.0,"turns":4.0},{"damage":10.0,"enemies":"Gremlin Gang","floor":8.0,"turns":3.0},{"damage":9.0,"enemies":"Looter","floor":11.0,"turns":3.0},{"damage":0.0,"enemies":"2 Fungi Beasts","floor":12.0,"turns":3.0},{"damage":8.0,"enemies":"3 Louse","floor":14.0,"turns":5.0},{"damage":30.0,"enemies":"Slime Boss","floor":16.0,"turns":7.0},{"damage":0.0,"enemies":"Spheric Guardian","floor":18.0,"turns":2.0},{"damage":0.0,"enemies":"3 Byrds","floor":22.0,"turns":3.0},{"damage":12.0,"enemies":"Book of Stabbing","floor":24.0,"turns":2.0},{"damage":10.0,"enemies":"Snecko","floor":28.0,"turns":3.0},{"damage":22.0,"enemies":"Replay:Snechameleon","floor":30.0,"turns":3.0},{"damage":4.0,"enemies":"Cultist and Chosen","floor":31.0,"turns":2.0},{"damage":22.0,"enemies":"Collector","floor":33.0,"turns":5.0},{"damage":0.0,"enemies":"3 Darklings","floor":35.0,"turns":3.0},{"damage":0.0,"enemies":"Orb Walker","floor":38.0,"turns":2.0},{"damage":0.0,"enemies":"Maw","floor":39.0,"turns":3.0},{"damage":16.0,"enemies":"Reptomancer","floor":40.0,"turns":4.0},{"damage":4.0,"enemies":"Spire Growth","floor":41.0,"turns":3.0},{"damage":23.0,"enemies":"Nemesis","floor":44.0,"turns":3.0},{"damage":0.0,"enemies":"4 Shapes","floor":46.0,"turns":3.0},{"damage":0.0,"enemies":"Jaw Worm Horde","floor":47.0,"turns":1.0},{"damage":9.0,"enemies":"3 Darklings","floor":48.0,"turns":2.0},{"damage":35.0,"enemies":"Time Eater","floor":50.0,"turns":6.0},{"damage":0.0,"enemies":"Shield and Spear","floor":54.0,"turns":3.0}],"seed_played":"-1201818313932813778","potions_obtained":[{"floor":8.0,"key":"Dexterity Potion"},{"floor":11.0,"key":"Ancient Potion"},{"floor":16.0,"key":"SteroidPotion"},{"floor":24.0,"key":"EssenceOfSteel"},{"floor":28.0,"key":"Block Potion"},{"floor":30.0,"key":"Swift Potion"},{"floor":38.0,"key":"Strength Potion"},{"floor":39.0,"key":"LiquidBronze"},{"floor":41.0,"key":"Swift Potion"}],"is_trial":false,"path_per_floor":["M","M","?","M","?","R","E","M","T","?","M","M","?","M","R","B",null,"M","?","?","T","M","R","E","R","T","R","M","?","E","M","R","B",null,"M","?","$","M","M","E","M","?","T","E","R","M","M","M","R","B",null,"R","$","E"],"character_chosen":"THE_SILENT","items_purchased":["Strawberry","Darkstone Periapt","HandDrill","The Bomb","Prayer Wheel","Lee\u0027s Waffle","Mummified Hand","Pantograph","Pen Nib","Chemical X","Guide Book","BargainBundle","Noxious Fumes","Cloak And Dagger","Atom Bomb","Heel Hook","Good Instincts","Calculated Gamble"],"campfire_rested":2,"item_purchase_floors":[0,0,0,0,0,0,37,37,37,37,37,53,53,53,53,53,53,53],"current_hp_per_floor":[87,83,83,81,81,81,71,61,61,90,81,81,81,73,73,43,90,90,96,96,102,102,102,90,90,96,96,86,92,70,66,100,78,114,114,100,120,120,120,104,100,100,106,93,93,93,93,84,124,101,136,136,136,136,136],"gold":99,"neow_bonus":"","is_daily":false,"chose_seed":false,"campfire_upgraded":6,"win_rate":0.0,"timestamp":1607772875,"path_taken":["M","M","?","M","?","R","E","M","T","?","?","M","?","M","R","BOSS","M","?","?","?","M","R","E","R","T","R","?","?","E","M","R","BOSS","M","?","$","M","M","E","M","?","T","E","R","M","M","M","R","BOSS","R","$","E"],"items_purchased_type":["Relic","Relic","Relic","Card","Relic","Relic","Relic","Relic","Relic","Relic","Relic","Relic","Card","Card","Card","Card","Card","Card"],"build_version":"2020-11-30","purchased_purges":2,"victory":false,"max_hp_per_floor":[90,90,90,90,90,90,90,90,90,90,90,90,90,90,90,90,90,90,96,96,102,102,102,102,102,108,108,108,114,114,114,114,114,114,114,114,120,120,120,120,120,120,126,136,136,136,136,136,136,136,136,136,136,136,136],"relic_stats":{"Darkstone Periapt":42,"Lee\u0027s Waffle":42,"counters":[76,283],"Pen Nib":[13],"Whetstone":["Skewer","Neutralize"],"Cursed Key":3,"MawBank":156,"WarpedTongs":[43],"Mummified Hand":[71],"Sundial":[0],"Pantograph":12,"Prayer Wheel":19,"MealTicket":14,"HandDrill":[50],"Black Star":5,"Chemical X":[2],"obtain_stats":[{"Tiny House":34,"Vajra":22,"Whetstone":24,"Sling":0,"Centennial Puzzle":43,"Lizard Tail":47,"Sundial":43,"Replay:Bronze Core":17,"Strawberry":37,"Philosopher\u0027s Stone":17,"Prayer Wheel":0,"MealTicket":7,"Replay:Bottled Flurry":27,"HandDrill":30,"Pear":44,"Dead Branch":0,"ReplayTheSpireMod:Ring of Addiction":46,"Replay:Grab Bag":17,"Pen Nib":37,"Replay:Kaleidoscope":0,"Akabeko":13,"WarpedTongs":29,"Replay:Baseball":11,"ReplayTheSpireMod:Shallot":11,"Onion Ring":40,"Black Star":17,"Pocketwatch":44,"Darkstone Periapt":0,"SacredBark":46,"Snake Skull":25,"Bag of Preparation":6,"Juzu Bracelet":0,"Replay:Multitool":27,"Incense Burner":28,"Ancient Tea Set":25,"Cursed Key":34,"ClockworkSouvenir":25,"BranchBurnRelic":15,"Nunchaku":9,"Ring of Fangs":46,"WristBlade":17,"Ninja Scroll":21,"Mummified Hand":37,"Pantograph":37,"Red Mask":19,"Chemical X":37,"InkBottle":44,"Ring of the Snake":0,"Gremlin Food":30,"Lee\u0027s Waffle":0,"BargainBundle":53,"NeowsBlessing":0,"Guide Book":37,"Quantum Egg":30,"Circlet":0,"Thread and Needle":26,"betterThird:NestCultRelic":21,"The Courier":45,"Omamori":9,"Orichalcum":5,"Odd Mushroom":10,"MawBank":2,"Anchor":23,"CaptainsWheel":37,"Pondfish Scales":54,"Art of War":26,"Membership Card":0,"ReplayTheSpireMod:Onyx Gauntlets":17,"Toy Ornithopter":46},{"Tiny House":43,"Vajra":12,"Whetstone":61,"Sling":26,"Centennial Puzzle":22,"Lizard Tail":24,"Sundial":70,"Replay:Bronze Core":34,"Strawberry":45,"Philosopher\u0027s Stone":9,"Prayer Wheel":49,"MealTicket":53,"Replay:Bottled Flurry":39,"HandDrill":41,"Pear":71,"Dead Branch":26,"ReplayTheSpireMod:Ring of Addiction":48,"Replay:Grab Bag":58,"Pen Nib":66,"Replay:Kaleidoscope":26,"Akabeko":7,"WarpedTongs":62,"Replay:Baseball":31,"ReplayTheSpireMod:Shallot":31,"Onion Ring":69,"Black Star":58,"Pocketwatch":23,"Darkstone Periapt":49,"SacredBark":48,"Snake Skull":37,"Bag of Preparation":3,"Juzu Bracelet":26,"Replay:Multitool":39,"Incense Burner":40,"Ancient Tea Set":15,"Cursed Key":18,"ClockworkSouvenir":37,"BranchBurnRelic":33,"Nunchaku":30,"Ring of Fangs":48,"WristBlade":58,"Ninja Scroll":59,"Mummified Hand":66,"Pantograph":66,"Red Mask":11,"Chemical X":66,"InkBottle":71,"Ring of the Snake":0,"Gremlin Food":41,"Lee\u0027s Waffle":49,"BargainBundle":75,"NeowsBlessing":0,"Guide Book":45,"Quantum Egg":63,"Circlet":0,"Thread and Needle":37,"betterThird:NestCultRelic":36,"The Courier":48,"Omamori":4,"Orichalcum":28,"Odd Mushroom":31,"MawBank":1,"Anchor":13,"CaptainsWheel":20,"Pondfish Scales":76,"Art of War":15,"Membership Card":26,"ReplayTheSpireMod:Onyx Gauntlets":58,"Toy Ornithopter":48},{"Tiny House":164,"Vajra":42,"Whetstone":237,"Sling":101,"Centennial Puzzle":78,"Lizard Tail":88,"Sundial":265,"Replay:Bronze Core":127,"Strawberry":173,"Philosopher\u0027s Stone":30,"Prayer Wheel":194,"MealTicket":209,"Replay:Bottled Flurry":144,"HandDrill":153,"Pear":268,"Dead Branch":101,"ReplayTheSpireMod:Ring of Addiction":186,"Replay:Grab Bag":230,"Pen Nib":253,"Replay:Kaleidoscope":101,"Akabeko":19,"WarpedTongs":240,"Replay:Baseball":114,"ReplayTheSpireMod:Shallot":114,"Onion Ring":262,"Black Star":230,"Pocketwatch":83,"Darkstone Periapt":194,"SacredBark":186,"Snake Skull":137,"Bag of Preparation":3,"Juzu Bracelet":101,"Replay:Multitool":144,"Incense Burner":148,"Ancient Tea Set":54,"Cursed Key":66,"ClockworkSouvenir":137,"BranchBurnRelic":118,"Nunchaku":111,"Ring of Fangs":186,"WristBlade":230,"Ninja Scroll":232,"Mummified Hand":253,"Pantograph":253,"Red Mask":38,"Chemical X":253,"InkBottle":268,"Ring of the Snake":0,"Gremlin Food":153,"Lee\u0027s Waffle":194,"BargainBundle":280,"NeowsBlessing":0,"Guide Book":173,"Quantum Egg":243,"Circlet":0,"Thread and Needle":137,"betterThird:NestCultRelic":133,"The Courier":186,"Omamori":7,"Orichalcum":106,"Odd Mushroom":114,"MawBank":1,"Anchor":46,"CaptainsWheel":72,"Pondfish Scales":283,"Art of War":54,"Membership Card":101,"ReplayTheSpireMod:Onyx Gauntlets":230,"Toy Ornithopter":186}],"InkBottle":[12],"Ring of the Snake":[150]},"card_choices":[{"not_picked":["PiercingWail","Poisoned Stab"],"picked":"Blade Dance","floor":1.0},{"not_picked":["Dagger Throw","Calculated Gamble"],"picked":"PiercingWail","floor":1.0},{"not_picked":["Backflip","Predator"],"picked":"Infinite Blades","floor":2.0},{"not_picked":["Cloak And Dagger","Backflip"],"picked":"ReplayTheSpireMod:Exploit Weakness","floor":2.0},{"not_picked":["Deadly Poison","Heel Hook"],"picked":"Atom Bomb","floor":4.0},{"not_picked":["Quick Slash","Reflex"],"picked":"Cloak And Dagger","floor":4.0},{"not_picked":["Dodge and Roll","Dagger Spray"],"picked":"Crippling Poison","floor":7.0},{"not_picked":["Flying Knee","Hidden Blade"],"picked":"Tactician","floor":8.0},{"not_picked":["Masterful Stab","Bouncing Flask"],"picked":"Heel Hook","floor":8.0},{"not_picked":["Flying Knee","Bane"],"picked":"Doppelganger","floor":11.0},{"not_picked":["Sneak Up","Poisoned Stab"],"picked":"Leg Sweep","floor":11.0},{"not_picked":["Bane","Acrobatics"],"picked":"Skewer","floor":12.0},{"not_picked":["Flying Knee","Sucker Punch"],"picked":"Blur","floor":12.0},{"not_picked":["Skewer","Leg Sweep"],"picked":"ReplayTheSpireMod:Scrap Shanks","floor":14.0},{"not_picked":["Caltrops","Quick Slash"],"picked":"Outmaneuver","floor":14.0},{"not_picked":["ReplayTheSpireMod:From All Sides","Unload"],"picked":"Atom Bomb","floor":16.0},{"not_picked":["Deflect","Outmaneuver"],"picked":"Dagger Spray+1","floor":18.0},{"not_picked":["Underhanded Strike","PiercingWail+1"],"picked":"Dagger Spray+1","floor":18.0},{"not_picked":["Prepared","Dagger Throw"],"picked":"Backflip+1","floor":22.0},{"not_picked":["Dagger Throw","Backflip"],"picked":"Quick Slash","floor":22.0},{"not_picked":["Hidden Blade","Underhanded Strike"],"picked":"Backflip","floor":24.0},{"not_picked":["Blade Dance","Deadly Poison"],"picked":"Sneak Up","floor":28.0},{"not_picked":["Bane","Bouncing Flask"],"picked":"Terror","floor":28.0},{"not_picked":["Dodge and Roll","Blade Dance"],"picked":"After Image","floor":30.0},{"not_picked":["PiercingWail","Underhanded Strike"],"picked":"Finisher","floor":31.0},{"not_picked":["Leg Sweep","Slice"],"picked":"Draining Mist","floor":31.0},{"not_picked":["After Image","Phantasmal Killer"],"picked":"Storm of Steel","floor":33.0},{"not_picked":["Dagger Spray","Flying Knee"],"picked":"Dodge and Roll+1","floor":35.0},{"not_picked":["Concentrate","Outmaneuver"],"picked":"Underhanded Strike+1","floor":35.0},{"not_picked":["Deadly Poison+1","Tactician"],"picked":"ReplayTheSpireMod:The Works+1","floor":38.0},{"not_picked":["Outmaneuver","Bane"],"picked":"Predator","floor":38.0},{"not_picked":["Flying Knee","Hidden Blade+1"],"picked":"Blade Dance+1","floor":39.0},{"not_picked":["Terror","Choke+1"],"picked":"Burst","floor":39.0},{"not_picked":["All Out Attack+1","Prepared"],"picked":"Dagger Spray+1","floor":40.0},{"not_picked":["Deadly Poison","Acrobatics"],"picked":"Dagger Throw+1","floor":41.0},{"not_picked":["Bane","Acrobatics"],"picked":"Predator+1","floor":41.0},{"not_picked":["Poisoned Stab","Concentrate+1"],"picked":"Dash+1","floor":44.0},{"not_picked":["Sneak Up","PiercingWail"],"picked":"Blade Dance+1","floor":46.0},{"not_picked":["Quick Slash","ReplayTheSpireMod:Speed Training"],"picked":"Choke+1","floor":46.0},{"not_picked":["Acrobatics","Wraith Form v2"],"picked":"Outmaneuver+1","floor":47.0},{"not_picked":["Masterful Stab","Hidden Blade"],"picked":"Cloak And Dagger","floor":47.0},{"not_picked":["Flechettes+1","Skewer"],"picked":"Slice","floor":48.0},{"not_picked":["Underhanded Strike","Prepared+1"],"picked":"Cloak And Dagger+1","floor":48.0},{"not_picked":["Catalyst","Replay:Poison Smokescreen+1"],"picked":"Accuracy+1","floor":54}],"player_experience":322237,"relics_obtained":[{"floor":7.0,"key":"MealTicket"},{"floor":9.0,"key":"Replay:Baseball"},{"floor":21.0,"key":"Ninja Scroll"},{"floor":24.0,"key":"Whetstone"},{"floor":24.0,"key":"MawBank"},{"floor":30.0,"key":"Anchor"},{"floor":30.0,"key":"Quantum Egg"},{"floor":40.0,"key":"Onion Ring"},{"floor":40.0,"key":"ReplayTheSpireMod:Shallot"},{"floor":43.0,"key":"Sundial"},{"floor":44.0,"key":"Pear"},{"floor":44.0,"key":"InkBottle"},{"floor":54,"key":"Pondfish Scales"},{"floor":54,"key":"Thread and Needle"}],"event_choices":[{"cards_removed":["Regret"],"damage_healed":0.0,"max_hp_gain":0.0,"max_hp_loss":0.0,"gold_gain":0.0,"event_name":"Purifier","player_choice":"Purged","floor":3.0,"gold_loss":0.0,"damage_taken":0.0},{"cards_removed":["Tactician"],"damage_healed":29.0,"max_hp_gain":0.0,"max_hp_loss":0.0,"gold_gain":0.0,"event_name":"Bonfire Elementals","player_choice":"Offered Uncommon","floor":10.0,"gold_loss":0.0,"damage_taken":0.0},{"damage_healed":0.0,"max_hp_gain":0.0,"max_hp_loss":0.0,"gold_gain":1.0,"event_name":"betterStone:BetterStone","player_choice":"4","floor":13.0,"gold_loss":0.0,"damage_taken":0.0,"cards_obtained":["ReplayTheSpireMod:Brewmster"]},{"damage_healed":0.0,"max_hp_gain":0.0,"max_hp_loss":0.0,"gold_gain":275.0,"event_name":"Golden Shrine","player_choice":"Desecrate","floor":19.0,"gold_loss":0.0,"damage_taken":0.0,"cards_obtained":["Regret"]},{"cards_removed":["Regret"],"damage_healed":0.0,"max_hp_gain":0.0,"max_hp_loss":0.0,"gold_gain":0.0,"event_name":"Fountain of Cleansing","player_choice":"Removed Curses","floor":20.0,"gold_loss":0.0,"damage_taken":0.0},{"damage_healed":0.0,"max_hp_gain":0.0,"max_hp_loss":0.0,"gold_gain":0.0,"event_name":"Accursed Blacksmith","player_choice":"Rummage","floor":29.0,"gold_loss":0.0,"damage_taken":0.0,"relics_obtained":["WarpedTongs"],"cards_obtained":["Pain"]},{"damage_healed":0.0,"max_hp_gain":0.0,"max_hp_loss":0.0,"gold_gain":0.0,"event_name":"Winding Halls","player_choice":"Embrace Madness","floor":36.0,"gold_loss":0.0,"damage_taken":14.0,"cards_obtained":["Madness","Madness"]},{"damage_healed":0.0,"max_hp_gain":0.0,"max_hp_loss":0.0,"gold_gain":0.0,"cards_transformed":["Dagger Throw"],"event_name":"Transmorgrifier","player_choice":"Transformed","floor":42.0,"gold_loss":0.0,"damage_taken":0.0,"cards_obtained":["Masterful Stab"]}],"is_beta":false,"boss_relics":[{"not_picked":["Runic Pyramid","Honey Jar"],"picked":"Replay:Grab Bag"},{"not_picked":["Velvet Choker","Sozu"],"picked":"ReplayTheSpireMod:Onyx Gauntlets"},{"not_picked":["ChewingGum","Replay:Wanted Poster"],"picked":"Cursed Key"},{"not_picked":["Ring of the Serpent","Kintsugi"],"picked":"WristBlade"},{"not_picked":["Tiny House","Pandora\u0027s Box"],"picked":"Black Star"},{"not_picked":["Coffee Dripper","Snecko Scales"],"picked":"Replay:Bronze Core"}],"items_purged_floors":[37,53],"is_endless":false,"potions_floor_spawned":[8,11,16,24,28,30,38,39,41],"killed_by":"Shield and Spear","ascension_level":0}}