{"host":"i09pxcjttd31eh4q","time":1607746283,"event":{"mods":["AchievementEnabler","BaseMod","Colored Map","Keyboard Shortcuts","Minty Spire (QoL Compilation)","StSLib","SuperFastMode"],"gold_per_floor":[119,134,134,114,132,132,165,90,114,114,14,37,71,71,71,173,173,207,82,105,105,105,105,105],"floor_reached":23,"playtime":434,"items_purged":["Strike_P","Defend_P","Strike_P"],"score":374,"play_id":"c98ec921-69e5-4d0a-95f9-97707dd1b2ce","local_time":"20201212131123","is_ascension_mode":true,"campfire_choices":[{"data":"Eruption","floor":6.0,"key":"SMITH"},{"data":"Adaptation","floor":10.0,"key":"SMITH"},{"data":"Wallop","floor":15,"key":"SMITH"}],"circlet_count":0,"master_deck":["AscendersBane","Strike_P","Strike_P","Defend_P","Defend_P","Defend_P","Eruption+1","Vigilance","Wallop+1","Adaptation+1","Scrawl","Adaptation"],"relics":["PureWater","NeowsBlessing","Golden Idol","CeramicFish","Bronze Scales","Shuriken","SacredBark"],"acts_visited":["Exordium","TheCity"],"potions_floor_usage":[16,18,18],"damage_taken":[{"damage":0.0,"enemies":"Small Slimes","floor":1.0,"turns":2.0},{"damage":0.0,"enemies":"2 Louse","floor":2.0,"turns":1.0},{"damage":0.0,"enemies":"Cultist","floor":5.0,"turns":1.0},{"damage":38.0,"enemies":"3 Sentries","floor":7.0,"turns":6.0},{"damage":0.0,"enemies":"Lots of Slimes","floor":12.0,"turns":2.0},{"damage":3,"enemies":"Gremlin Nob","floor":13,"turns":3},{"damage":2,"enemies":"Hexaghost","floor":16,"turns":8},{"damage":15,"enemies":"Shell Parasite","floor":18,"turns":6},{"damage":20,"enemies":"Spheric Guardian","floor":20,"turns":4},{"damage":19,"enemies":"Book of Stabbing","floor":23,"turns":4}],"seed_played":"1181477153760077758","potions_obtained":[{"floor":2.0,"key":"Explosive Potion"},{"floor":4.0,"key":"SkillPotion"},{"floor":7.0,"key":"Energy Potion"},{"floor":14,"key":"SneckoOil"},{"floor":16,"key":"SkillPotion"}],"is_trial":false,"path_per_floor":["M","M","?","?","M","R","E","$","T","R","$","M","E","?","R","B",null,"M","$","M","?","?","E"],"character_chosen":"WATCHER","items_purchased":[],"campfire_rested":0,"item_purchase_floors":[],"current_hp_per_floor":[61,61,61,61,61,61,23,23,23,23,23,23,20,20,20,18,51,36,36,16,16,16,0,0],"gold":105,"neow_bonus":"THREE_ENEMY_KILL","is_daily":false,"chose_seed":false,"campfire_upgraded":3,"win_rate":0.0,"timestamp":1607746283,"path_taken":["M","M","?","?","?","R","E","?","T","R","$","M","E","?","R","BOSS","M","$","?","?","?","E"],"items_purchased_type":[],"build_version":"2020-11-30","purchased_purges":3,"victory":false,"max_hp_per_floor":[68,68,62,62,62,62,62,62,62,62,62,62,62,62,62,62,62,62,62,62,62,62,62,62],"card_choices":[{"not_picked":["SashWhip","Crescendo","WindmillStrike"],"picked":"SKIP","floor":1.0},{"not_picked":["ForeignInfluence","Evaluate"],"picked":"Wallop","floor":2.0},{"not_picked":["EmptyBody","JustLucky"],"picked":"Adaptation","floor":5.0},{"not_picked":["FlyingSleeves","Evaluate","FlurryOfBlows"],"picked":"SKIP","floor":7.0},{"not_picked":["Consecrate","Evaluate","Alpha"],"picked":"SKIP","floor":12},{"not_picked":["WaveOfTheHand","CrushJoints","SignatureMove"],"picked":"SKIP","floor":13},{"not_picked":["ConjureBlade","SpiritShield"],"picked":"Scrawl","floor":16},{"not_picked":["Vengeance","BowlingBash"],"picked":"Adaptation","floor":18},{"not_picked":["SashWhip+1","Study+1","Prostrate"],"picked":"SKIP","floor":20}],"player_experience":720718,"relics_obtained":[{"floor":7.0,"key":"CeramicFish"},{"floor":9.0,"key":"Bronze Scales"},{"floor":13,"key":"Shuriken"}],"event_choices":[{"damage_healed":0.0,"max_hp_gain":0.0,"max_hp_loss":6.0,"gold_gain":0.0,"event_name":"Golden Idol","player_choice":"Lose Max HP","floor":3.0,"gold_loss":0.0,"damage_taken":0.0,"relics_obtained":["Golden Idol"]},{"damage_healed":0.0,"max_hp_gain":0.0,"max_hp_loss":0.0,"gold_gain":0.0,"event_name":"The Woman in Blue","player_choice":"Bought 1 Potion","floor":4.0,"gold_loss":0.0,"damage_taken":0.0},{"damage_healed":0,"gold_gain":0,"player_choice":"Got Potions","damage_taken":0,"max_hp_gain":0,"max_hp_loss":0,"event_name":"Lab","floor":14,"gold_loss":0},{"damage_healed":0,"gold_gain":0,"player_choice":"Ignored","damage_taken":0,"max_hp_gain":0,"max_hp_loss":0,"event_name":"Cursed Tome","floor":21,"gold_loss":0},{"damage_healed":0,"gold_gain":0,"player_choice":"Ignored","damage_taken":0,"max_hp_gain":0,"max_hp_loss":0,"event_name":"Vampires","floor":22,"gold_loss":0}],"is_beta":false,"boss_relics":[{"not_picked":["Snecko Eye","Busted Crown"],"picked":"SacredBark"}],"items_purged_floors":[8,11,19],"is_endless":false,"potions_floor_spawned":[2,7,16],"killed_by":"Book of Stabbing","ascension_level":18}}