{"host":"08umfpj02pt2ygc3","time":1607791391,"event":{"mods":["2.2 Compatiblity","BaseMod","DeckTracker","Highlight Path","Keyboard Shortcuts","Minty Spire (QoL Compilation)","Quick Restart","Random Character Button","StSLib","SuperFastMode","everything is the same but u backflip on backflip"],"gold_per_floor":[114,114,114,129,30,30,57,76,99,111,135,20,120,140,140,242,242,258,58,58,72,22,22,40,40,40,51,51,62,62,62],"floor_reached":30,"playtime":1967,"items_purged":["Decay","Strike_R","Defend_R","Strike_R+1"],"score":322,"play_id":"d99aaadd-5d9e-45f0-82ec-257c681dc7fc","local_time":"20201213014311","is_ascension_mode":true,"campfire_choices":[{"data":"Armaments","floor":6.0,"key":"SMITH"},{"floor":10.0,"key":"REST"},{"floor":15.0,"key":"REST"},{"floor":23.0,"key":"REST"},{"data":"Heavy Blade","floor":25.0,"key":"SMITH"}],"circlet_count":0,"master_deck":["Strike_R+1","Strike_R+1","Strike_R+1","Defend_R+1","Defend_R+1","Defend_R+1","Bash+1","Pommel Strike","Perfected Strike","Armaments+1","Shrug It Off","Dark Embrace","Second Wind","Demon Form","Bloodletting","Whirlwind","Barricade+1","Entrench+1","Clash","Seeing Red","Heavy Blade+1","Normality","Evolve+1","Feel No Pain"],"relics":["Burning Blood","Dead Branch","Dream Catcher","Smiling Mask","MawBank","Cursed Key","Centennial Puzzle"],"acts_visited":["Exordium","TheCity"],"potions_floor_usage":[30],"damage_taken":[{"damage":4.0,"enemies":"2 Louse","floor":1.0,"turns":3.0},{"damage":9.0,"enemies":"Jaw Worm","floor":4.0,"turns":3.0},{"damage":35.0,"enemies":"Lagavulin","floor":7.0,"turns":7.0},{"damage":0.0,"enemies":"Cultist","floor":8.0,"turns":3.0},{"damage":3.0,"enemies":"Looter","floor":11.0,"turns":4.0},{"damage":16.0,"enemies":"Red Slaver","floor":14.0,"turns":3.0},{"damage":41.0,"enemies":"Slime Boss","floor":16.0,"turns":5.0},{"damage":22.0,"enemies":"Spheric Guardian","floor":18.0,"turns":4.0},{"damage":17.0,"enemies":"2 Thieves","floor":21.0,"turns":4.0},{"damage":15.0,"enemies":"Sentry and Sphere","floor":24.0,"turns":8.0},{"damage":26.0,"enemies":"Cultist and Chosen","floor":27.0,"turns":7.0},{"damage":33.0,"enemies":"Centurion and Healer","floor":29.0,"turns":9.0},{"damage":10,"enemies":"Snecko","floor":30,"turns":2}],"seed_played":"9015694627727032123","potions_obtained":[{"floor":1.0,"key":"ElixirPotion"},{"floor":7.0,"key":"LiquidBronze"},{"floor":14.0,"key":"ColorlessPotion"},{"floor":18.0,"key":"Explosive Potion"},{"floor":24.0,"key":"EssenceOfSteel"}],"is_trial":false,"path_per_floor":["M","?","?","M","$","R","E","M","T","R","M","$","?","M","R","B",null,"M","$","?","M","$","R","M","R","T","M","?","M","M"],"character_chosen":"IRONCLAD","items_purchased":["Armaments","Bloodletting","Centennial Puzzle"],"campfire_rested":3,"item_purchase_floors":[5,12,19],"current_hp_per_floor":[74,62,46,43,43,43,14,20,20,44,47,47,47,37,61,26,67,51,51,51,40,40,64,55,55,55,35,35,8,0,0],"gold":62,"neow_bonus":"ONE_RARE_RELIC","is_daily":false,"chose_seed":false,"campfire_upgraded":2,"win_rate":0.0,"timestamp":1607791391,"path_taken":["M","?","?","M","$","R","E","M","T","R","M","?","?","M","R","BOSS","M","$","?","M","$","R","M","R","T","M","?","M","M"],"items_purchased_type":["Card","Card","Relic"],"build_version":"2020-11-30","purchased_purges":4,"victory":false,"max_hp_per_floor":[80,80,80,80,80,80,80,80,80,80,80,80,80,80,80,80,80,80,80,80,80,80,80,80,80,80,80,80,80,80,80],"card_choices":[{"not_picked":["Hemokinesis","Infernal Blade"],"picked":"Pommel Strike","floor":1.0},{"not_picked":["Flex","Shrug It Off"],"picked":"Perfected Strike","floor":4.0},{"not_picked":["Combust","Dropkick"],"picked":"Shrug It Off","floor":7.0},{"not_picked":["Wild Strike","Warcry"],"picked":"Dark Embrace","floor":8.0},{"not_picked":["Inflame","Warcry"],"picked":"Second Wind","floor":10.0},{"not_picked":["Dual Wield","Wild Strike"],"picked":"Demon Form","floor":11.0},{"not_picked":["Spot Weakness","Blood for Blood","Rage"],"picked":"SKIP","floor":14.0},{"not_picked":["Body Slam","Fire Breathing"],"picked":"Whirlwind","floor":15.0},{"not_picked":["Fiend Fire","Demon Form"],"picked":"Barricade","floor":16.0},{"not_picked":["Inflame+1","Cleave"],"picked":"Entrench+1","floor":18.0},{"not_picked":["Rampage","Carnage"],"picked":"Clash","floor":21.0},{"not_picked":["Dark Embrace","Clash+1"],"picked":"Seeing Red","floor":23.0},{"not_picked":["Pommel Strike+1","Perfected Strike+1"],"picked":"Heavy Blade","floor":24.0},{"not_picked":["Havoc","Dual Wield+1"],"picked":"Evolve+1","floor":27.0},{"not_picked":["Sword Boomerang","Heavy Blade"],"picked":"Feel No Pain","floor":29.0}],"player_experience":338677,"relics_obtained":[{"floor":7.0,"key":"Smiling Mask"},{"floor":9.0,"key":"MawBank"}],"event_choices":[{"damage_healed":0.0,"max_hp_gain":0.0,"max_hp_loss":0.0,"gold_gain":0.0,"event_name":"Scrap Ooze","player_choice":"Success","floor":2.0,"gold_loss":0.0,"damage_taken":12.0,"relics_obtained":["Dream Catcher"]},{"damage_healed":0.0,"max_hp_gain":0.0,"max_hp_loss":0.0,"gold_gain":0.0,"event_name":"Shining Light","player_choice":"Entered Light","floor":3.0,"gold_loss":0.0,"damage_taken":16.0,"cards_upgraded":["Bash","Strike_R"]},{"damage_healed":0.0,"max_hp_gain":0.0,"max_hp_loss":0.0,"gold_gain":100.0,"event_name":"Wheel of Change","player_choice":"Gold","floor":13.0,"gold_loss":0.0,"damage_taken":0.0},{"damage_healed":0.0,"max_hp_gain":0.0,"max_hp_loss":0.0,"gold_gain":0.0,"event_name":"Back to Basics","player_choice":"Simplicity","floor":20.0,"gold_loss":0.0,"damage_taken":0.0,"cards_upgraded":["Strike_R","Strike_R","Strike_R","Defend_R","Defend_R","Defend_R"]},{"damage_healed":0.0,"max_hp_gain":0.0,"max_hp_loss":0.0,"gold_gain":0.0,"event_name":"Upgrade Shrine","player_choice":"Upgraded","floor":28.0,"gold_loss":0.0,"damage_taken":0.0,"cards_upgraded":["Barricade"]}],"is_beta":false,"boss_relics":[{"not_picked":["Astrolabe","Runic Pyramid"],"picked":"Cursed Key"}],"items_purged_floors":[5,12,19,22],"is_endless":false,"potions_floor_spawned":[1,7,14,18,24],"killed_by":"Snecko","ascension_level":8}}