{"host":"121m0oxswv9tg9hk","time":1607815988,"event":{"mods":["AchievementEnabler","Aspiration","BaseMod","Better Third Choice","Downfall","Hermit","Hubris","Infinite Spire","MarisaÅiñ∂âJÅ@ñÇóùçπÅj","Minty Spire (QoL Compilation)","Replay The Spire","Shade Mod","StSLib","The Construct","The Cursed","The Dragon Tamer","The Gatherer","The Hierophant","The Mystic"],"gold_per_floor":[19,19,30,30,41,76,76,88,112,112,140,140,171,185,185,301,301,320,340,369,207,207,248,248,248,248,266,87,87,110,127,127,224,224,234,253,270,490,508,508,534,566,566,566,589,589,589,589,589,593],"floor_reached":51,"playtime":5110,"items_purged":["Shade:Defend_Shade","Shade:CarefulCut","Shade:Defend_Shade"],"score":888,"play_id":"3a875157-cf1f-4099-9d80-8f7564e81cb3","local_time":"20201213003308","is_ascension_mode":true,"campfire_choices":[{"data":"Shade:SpontaneousRitual","floor":7,"key":"SMITH"},{"floor":10,"key":"REST"},{"data":"Shade:Carnophage","floor":12,"key":"SMITH"},{"floor":15,"key":"DIG"},{"floor":24,"key":"REST"},{"floor":29,"key":"REST"},{"data":"Replay:Bootleg Shield Generator","floor":32,"key":"SMITH"},{"data":"Shade:LichForm","floor":40,"key":"SMITH"},{"data":"Shade:Trample","floor":44,"key":"SMITH"},{"data":"Shade:LoseControl","floor":46,"key":"SMITH"},{"data":"Shade:Excise","floor":49,"key":"SMITH"}],"circlet_count":0,"master_deck":["Shade:Strike_Shade","Shade:Strike_Shade","Shade:Strike_Shade","Shade:Defend_Shade","Shade:Defend_Shade","Shade:AnimateDead","Shade:ClawBack+1","Shade:Carnophage+1","Shade:SpontaneousRitual+1","Shade:SpectralStrikes","Shade:ClawBack","Shade:Asphyxiate","Shade:FleshToFlesh+1","Shade:LoseControl+1","Shade:GreyBargain+1","Shade:FleshLikeOak","Shade:Excise+1","Replay:Bootleg Shield Generator+1","Shade:Carnophage+1","Shade:StitchTogether","Shade:StitchTogether+1","Shade:LichForm+1","Shade:Trample+1","Slimebound:Icky","Shade:Frenzy+1","Shade:Excise+1","Wraith"],"relics":["Shade:YorickSkull","Gremlin Food","infinitespire:Bottled Soul","Pet Ghost","Matryoshka","infinitespire:Midas Blood","Akabeko","Runic Pyramid","Strawberry","hubris:Icosahedron","Toxic Egg 2","HornCleat","Cursed Key","infinitespire:BottledMercury","Frozen Egg 2"],"acts_visited":["Exordium","TheCity","TheBeyond"],"potions_floor_usage":[6,16,20,23,23,23,31,31,31,42,50,50,50],"damage_taken":[{"damage":0,"enemies":"Cultist","floor":1,"turns":3},{"damage":0,"enemies":"2 Louse","floor":3,"turns":2},{"damage":0,"enemies":"Jaw Worm","floor":5,"turns":4},{"damage":16,"enemies":"Gremlin Nob","floor":6,"turns":4},{"damage":1,"enemies":"Looter","floor":8,"turns":4},{"damage":10,"enemies":"3 Sentries","floor":11,"turns":7},{"damage":16,"enemies":"Gremlin Nob","floor":13,"turns":4},{"damage":0,"enemies":"2 Fungi Beasts","floor":14,"turns":4},{"damage":17,"enemies":"The Guardian","floor":16,"turns":9},{"damage":3,"enemies":"Spheric Guardian","floor":18,"turns":4},{"damage":8,"enemies":"Shell Parasite","floor":19,"turns":7},{"damage":28,"enemies":"Shelled Parasite and Fungi","floor":20,"turns":10},{"damage":40,"enemies":"Slavers","floor":23,"turns":7},{"damage":0,"enemies":"Cultist and Chosen","floor":27,"turns":8},{"damage":5,"enemies":"Snake Plant","floor":30,"turns":6},{"damage":7,"enemies":"3 Cultists","floor":31,"turns":6},{"damage":0,"enemies":"Champ","floor":33,"turns":17},{"damage":0,"enemies":"3 Shapes","floor":35,"turns":5},{"damage":23,"enemies":"3 Darklings","floor":36,"turns":8},{"damage":10,"enemies":"Spire Growth","floor":37,"turns":5},{"damage":9,"enemies":"4 Shapes","floor":39,"turns":6},{"damage":38,"enemies":"Jaw Worm Horde","floor":41,"turns":6},{"damage":7,"enemies":"Reptomancer","floor":42,"turns":9},{"damage":22,"enemies":"Transient","floor":45,"turns":5},{"damage":10,"enemies":"Donu and Deca","floor":50,"turns":8}],"seed_played":"-3602365380909632381","potions_obtained":[{"floor":3,"key":"Fruit Juice"},{"floor":5,"key":"Adrenaline Potion"},{"floor":13,"key":"Energy Potion"},{"floor":16,"key":"Explosive Potion"},{"floor":19,"key":"BlessingOfTheForge"},{"floor":20,"key":"BlessingOfTheForge"},{"floor":27,"key":"Adrenaline Potion"},{"floor":30,"key":"DistilledChaos"},{"floor":33,"key":"Fire Potion"},{"floor":35,"key":"EntropicBrew"},{"floor":36,"key":"Regen Potion"},{"floor":38,"key":"sneckomod:MuddlingPotion"},{"floor":39,"key":"DuplicationPotion"},{"floor":41,"key":"Regen Potion"}],"is_trial":false,"path_per_floor":["M","?","M","?","M","E","R","M","T","R","E","R","E","M","R","B",null,"M","M","M","$","?","E","R","?","T","M","$","R","M","M","R","B",null,"M","M","M","?","M","R","M","E","T","R","M","R","?","AVR","R","B",null],"character_chosen":"SHADE","items_purchased":["Replay:Bootleg Shield Generator","Shade:StitchTogether"],"campfire_rested":3,"item_purchase_floors":[21,28],"current_hp_per_floor":[77,77,77,59,59,43,43,42,42,65,55,55,39,39,39,22,77,74,66,38,38,38,10,36,36,36,36,36,62,64,74,74,89,89,89,83,89,89,89,89,58,83,83,83,61,61,61,61,61,68],"gold":593,"neow_bonus":"TWENTY_PERCENT_HP_BONUS","is_daily":false,"chose_seed":false,"campfire_upgraded":7,"win_rate":0.0,"timestamp":1607815988,"path_taken":["M","?","M","?","M","E","R","M","T","R","E","R","E","M","R","BOSS","M","M","M","$","?","E","R","?","T","M","$","R","M","M","R","BOSS","M","M","M","?","M","R","M","E","T","R","M","R","?","AVR","R","BOSS"],"items_purchased_type":["Card","Card"],"build_version":"2020-11-30","purchased_purges":3,"victory":true,"max_hp_per_floor":[77,77,77,77,77,77,77,77,77,77,77,77,77,77,77,77,77,77,77,77,77,77,89,89,89,89,89,89,89,89,89,89,89,89,89,89,89,89,89,89,89,89,89,89,89,89,89,89,89,89],"card_choices":[{"not_picked":["Shade:SkeletonHug","Shade:OpenGraves"],"picked":"Shade:ClawBack","floor":1},{"not_picked":["Shade:SkeletonHug","Shade:FuneraryArmor"],"picked":"Shade:Carnophage","floor":3},{"not_picked":["Shade:Bonestorm","Shade:CommandSoldier"],"picked":"Shade:SpontaneousRitual","floor":5},{"not_picked":["Shade:Asphyxiate","Shade:Frenzy","Shade:FreshBones"],"picked":"SKIP","floor":6},{"not_picked":["Shade:Premonition","Shade:FleshOffering"],"picked":"Shade:SpectralStrikes","floor":8},{"not_picked":["Shade:ExtraLimbs","Shade:FleshToFlesh"],"picked":"Shade:ClawBack","floor":11},{"not_picked":["Shade:PotionOfRestlessness","Shade:FingerOfDeath"],"picked":"Shade:Asphyxiate","floor":13},{"not_picked":["Shade:CallOfTheGrave","Shade:Trample"],"picked":"Shade:FleshToFlesh","floor":14},{"not_picked":["Shade:LastGasp","Shade:OfferingToTheBeyond"],"picked":"Shade:LoseControl","floor":16},{"not_picked":["Shade:LyeBath+1","Shade:CoffinDance"],"picked":"Shade:GreyBargain","floor":18},{"not_picked":["Shade:StitchTogether","Shade:Brains"],"picked":"Shade:FleshLikeOak","floor":19},{"not_picked":["Shade:PressTheAttack","Shade:FleshToFlesh"],"picked":"Shade:Excise","floor":20},{"not_picked":["Shade:ClawBack","Shade:CallOfTheGrave","Shade:CoffinDance"],"picked":"SKIP","floor":23},{"not_picked":["Shade:Consume","Shade:FingerOfDeath"],"picked":"Shade:Carnophage+1","floor":27},{"not_picked":["Shade:AncientSpear+1","Shade:SkeletonHug+1"],"picked":"Shade:StitchTogether+1","floor":30},{"not_picked":["Shade:CommandSoldier+1","Shade:Trample","Shade:Brains+1"],"picked":"SKIP","floor":31},{"not_picked":["Shade:LoseControl+1","Shade:UnbarTheGrave+1"],"picked":"Shade:LichForm","floor":33},{"not_picked":["Shade:FreshBones+1","Shade:WallOfFlesh+1","Shade:Haruspicy+1"],"picked":"SKIP","floor":35},{"not_picked":["Shade:SpontaneousRitual","Shade:FeralStrike+1","Shade:Brains+1"],"picked":"SKIP","floor":36},{"not_picked":["Shade:RavenousHorde+1","Shade:FuneraryArmor+1"],"picked":"Shade:Trample","floor":37},{"not_picked":["Shade:FeralStrike+1","Shade:RavenousHorde+1"],"picked":"Shade:Frenzy+1","floor":38},{"not_picked":["Shade:Brains+1","Shade:UnbarTheGrave+1","Shade:RitualOffering+1"],"picked":"SKIP","floor":39},{"not_picked":["Shade:CommandSoldier+1","Shade:FingerOfDeath","Shade:Trample"],"picked":"SKIP","floor":41},{"not_picked":["Shade:Haruspicy+1","Shade:Trample","Shade:GreyBargain+1"],"picked":"SKIP","floor":42},{"not_picked":["Shade:ExtraLimbs","Shade:CallWraith+1"],"picked":"Shade:Excise+1","floor":45}],"player_experience":2817274,"relics_obtained":[{"floor":6,"key":"infinitespire:Bottled Soul"},{"floor":9,"key":"Pet Ghost"},{"floor":11,"key":"Matryoshka"},{"floor":13,"key":"infinitespire:Midas Blood"},{"floor":15,"key":"Akabeko"},{"floor":23,"key":"Strawberry"},{"floor":26,"key":"Toxic Egg 2"},{"floor":26,"key":"HornCleat"},{"floor":38,"key":"infinitespire:BottledMercury"},{"floor":42,"key":"Frozen Egg 2"}],"event_choices":[{"damage_healed":0,"gold_gain":0,"player_choice":"Relic ","damage_taken":18,"max_hp_gain":0,"max_hp_loss":0,"event_name":"betterThird:BetterScrap","floor":4,"gold_loss":0,"cards_obtained":["Eviscerate"]},{"damage_healed":0,"gold_gain":0,"player_choice":"Ignored","damage_taken":0,"max_hp_gain":0,"max_hp_loss":0,"event_name":"Ghosts","floor":22,"gold_loss":0},{"damage_healed":0,"gold_gain":0,"player_choice":"Ignored","damage_taken":0,"max_hp_gain":0,"max_hp_loss":0,"event_name":"OrinTheCat","floor":47,"gold_loss":0}],"is_beta":false,"boss_relics":[{"not_picked":["ReplayTheSpireMod:DimensionalGlitch","hubris:GrandSneckoEye"],"picked":"Runic Pyramid"},{"not_picked":["hubris:Backtick","aspiration:RunicSpoon"],"picked":"Cursed Key"}],"items_purged_floors":[21,28,48],"is_endless":false,"potions_floor_spawned":[3,5,13,16,19,20,27,30,33,35,36,39,41],"ascension_level":4}}