{"host":"1tl36azeqm6yhdgj","time":1607813383,"event":{"mods":["AchievementEnabler","BaseMod","Minty Spire (QoL Compilation)","StSLib","The IronCluck","everything is the same but u backflip on backflip"],"gold_per_floor":[118,130,130,141,141,141,176,176,176,126,161,178,178,207,207,207,207],"floor_reached":16,"playtime":370,"items_purged":[],"score":183,"play_id":"71c37e39-36b8-4180-b15c-2a223a0ab546","local_time":"20201212174943","is_ascension_mode":true,"campfire_choices":[{"data":"Body Slam","floor":6.0,"key":"SMITH"},{"data":"Fire Breathing","floor":8.0,"key":"SMITH"},{"data":"Barricade","floor":15.0,"key":"SMITH"}],"circlet_count":0,"master_deck":["AscendersBane","Strike_R","Strike_R","Strike_R","Strike_R+1","Defend_R","Defend_R","Defend_R","Defend_R","Bash+1","Fiend Fire","Body Slam+1","Metallicize","Fire Breathing+1","Body Slam+1","Barricade+1","Clothesline+1","Demon Form","Purity","Twin Strike+1","Flex"],"relics":["Burning Blood","Molten Egg 2","Letter Opener","Turnip","Whetstone"],"acts_visited":["Exordium"],"potions_floor_usage":[],"damage_taken":[{"damage":6.0,"enemies":"Cultist","floor":1.0,"turns":3.0},{"damage":4.0,"enemies":"2 Louse","floor":2.0,"turns":3.0},{"damage":4.0,"enemies":"Small Slimes","floor":4.0,"turns":3.0},{"damage":35.0,"enemies":"Gremlin Nob","floor":7.0,"turns":5.0},{"damage":4.0,"enemies":"Lagavulin","floor":11.0,"turns":5.0},{"damage":10.0,"enemies":"Red Slaver","floor":12.0,"turns":3.0},{"damage":12.0,"enemies":"3 Sentries","floor":14.0,"turns":5.0},{"damage":39,"enemies":"The Guardian","floor":16,"turns":5}],"seed_played":"-418276371198144892","potions_obtained":[{"floor":2.0,"key":"SneckoOil"},{"floor":7.0,"key":"DistilledChaos"},{"floor":12.0,"key":"HeartOfIron"}],"is_trial":false,"path_per_floor":["M","M","?","M","?","R","E","R","T","?","E","M","?","E","R","B"],"character_chosen":"IRONCLAD","items_purchased":[],"campfire_rested":0,"item_purchase_floors":[],"current_hp_per_floor":[72,74,74,76,76,76,47,47,47,47,49,45,45,39,39,0,0],"gold":207,"neow_bonus":"ONE_RANDOM_RARE_CARD","is_daily":false,"chose_seed":false,"campfire_upgraded":3,"win_rate":0.0,"timestamp":1607813383,"path_taken":["M","M","?","M","?","R","E","R","T","?","E","M","?","E","R","BOSS"],"items_purchased_type":[],"build_version":"2020-11-30","purchased_purges":0,"victory":false,"max_hp_per_floor":[80,80,80,80,80,80,80,80,80,80,80,80,80,80,80,80,80],"card_choices":[{"not_picked":["Sword Boomerang","Clothesline"],"picked":"Body Slam","floor":1.0},{"not_picked":["Whirlwind","Iron Wave"],"picked":"Metallicize","floor":2.0},{"not_picked":["Cleave","Heavy Blade"],"picked":"Fire Breathing","floor":4.0},{"not_picked":["Flex","Rage"],"picked":"Body Slam+1","floor":7.0},{"not_picked":["Flex","Anger+1"],"picked":"Barricade","floor":11.0},{"not_picked":["Wild Strike+1","Havoc"],"picked":"Clothesline+1","floor":12.0},{"not_picked":["Twin Strike+1","Pommel Strike+1"],"picked":"Flex","floor":14.0}],"player_experience":1915615,"relics_obtained":[{"floor":7.0,"key":"Molten Egg 2"},{"floor":9.0,"key":"Letter Opener"},{"floor":11.0,"key":"Turnip"},{"floor":14.0,"key":"Whetstone"}],"event_choices":[{"damage_healed":0.0,"max_hp_gain":0.0,"max_hp_loss":0.0,"gold_gain":0.0,"event_name":"Shining Light","player_choice":"Ignored","floor":3.0,"gold_loss":0.0,"damage_taken":0.0},{"damage_healed":0.0,"max_hp_gain":0.0,"max_hp_loss":0.0,"gold_gain":0.0,"event_name":"Scrap Ooze","player_choice":"Fled","floor":5.0,"gold_loss":0.0,"damage_taken":0.0},{"cards_removed":["Strike_R"],"damage_healed":0.0,"max_hp_gain":0.0,"max_hp_loss":0.0,"gold_gain":0.0,"event_name":"The Cleric","player_choice":"Card Removal","floor":10.0,"gold_loss":50.0,"damage_taken":0.0},{"damage_healed":0.0,"max_hp_gain":0.0,"max_hp_loss":0.0,"gold_gain":0.0,"event_name":"Match and Keep!","player_choice":"3 cards matched","floor":13.0,"gold_loss":0.0,"damage_taken":0.0,"cards_obtained":["Demon Form","Purity","Twin Strike"]}],"is_beta":false,"boss_relics":[],"items_purged_floors":[],"is_endless":false,"potions_floor_spawned":[2,7,12],"killed_by":"The Guardian","ascension_level":11}}