{"host":"avjwtc49fhlk6kym","time":1607805447,"event":{"mods":["AchievementEnabler","BaseMod","Better Match","Better Note","Better Third Choice","Colored Map","Colored Powertips","Displayed Cursed Tome","Highlight Path","Minty Spire (QoL Compilation)","Permanent Neow","Quick Restart","StSLib"],"gold_per_floor":[109,109,122,136,67,98,112,112,164,179,8,23,40,60,60,155,205,217,233,36,36,54,54,54],"floor_reached":23,"playtime":1173,"items_purged":["Strike_P"],"score":217,"play_id":"b505b7bc-7460-4ca3-a3cd-de967c6fc7e0","local_time":"20201212153727","is_ascension_mode":true,"campfire_choices":[{"data":"Eruption","floor":8.0,"key":"SMITH"},{"floor":15.0,"key":"REST"}],"circlet_count":0,"master_deck":["Strike_P","Strike_P","Strike_P+1","Defend_P","Defend_P","Defend_P","Eruption+1","Vigilance","WindmillStrike","FearNoEvil","Evaluate","SandsOfTime","Evaluate","ThirdEye","BowlingBash","Protect","BattleHymn","FollowUp","ConjureBlade","PathToVictory","Wallop+1","CrushJoints"],"relics":["PureWater","Omamori","Gremlin Horn","Smiling Mask","Boot","Tiny House","Strawberry"],"acts_visited":["Exordium","TheCity"],"potions_floor_usage":[22,22,23],"damage_taken":[{"damage":4.0,"enemies":"2 Louse","floor":1.0,"turns":4.0},{"damage":1.0,"enemies":"Cultist","floor":3.0,"turns":3.0},{"damage":4.0,"enemies":"Jaw Worm","floor":4.0,"turns":3.0},{"damage":2.0,"enemies":"Lagavulin","floor":6.0,"turns":5.0},{"damage":4.0,"enemies":"Blue Slaver","floor":7.0,"turns":5.0},{"damage":3.0,"enemies":"Looter","floor":10.0,"turns":3.0},{"damage":12.0,"enemies":"Large Slime","floor":12.0,"turns":7.0},{"damage":4.0,"enemies":"Red Slaver","floor":13.0,"turns":3.0},{"damage":26.0,"enemies":"Gremlin Gang","floor":14.0,"turns":3.0},{"damage":27.0,"enemies":"Hexaghost","floor":16.0,"turns":10.0},{"damage":30.0,"enemies":"2 Thieves","floor":18.0,"turns":4.0},{"damage":28.0,"enemies":"Chosen","floor":19.0,"turns":5.0},{"damage":23,"enemies":"Centurion and Healer","floor":22,"turns":6},{"damage":6,"enemies":"Book of Stabbing","floor":23,"turns":2}],"seed_played":"-6056706601846526479","potions_obtained":[{"floor":4.0,"key":"SteroidPotion"},{"floor":6.0,"key":"FearPotion"},{"floor":7.0,"key":"Ambrosia"},{"floor":12.0,"key":"PowerPotion"},{"floor":17.0,"key":"AttackPotion"},{"floor":19.0,"key":"ColorlessPotion"},{"floor":22,"key":"SneckoOil"}],"is_trial":false,"path_per_floor":["M","?","M","M","$","E","M","R","T","M","$","M","M","M","R","B",null,"M","M","$","?","M","E"],"character_chosen":"WATCHER","items_purchased":["SandsOfTime","Boot","Protect","Strawberry"],"campfire_rested":1,"item_purchase_floors":[5,11,11,20],"current_hp_per_floor":[68,68,67,63,63,61,57,57,57,54,54,42,38,12,33,6,77,47,19,26,26,3,0,0],"gold":54,"neow_bonus":"RANDOM_COMMON_RELIC","is_daily":false,"chose_seed":false,"campfire_upgraded":1,"win_rate":0.0,"timestamp":1607805447,"path_taken":["M","?","M","M","$","E","?","R","T","M","$","?","M","M","R","BOSS","M","M","$","?","M","E"],"items_purchased_type":["Card","Relic","Card","Relic"],"build_version":"2020-11-30","purchased_purges":1,"victory":false,"max_hp_per_floor":[72,72,72,72,72,72,72,72,72,72,72,72,72,72,72,72,77,77,77,84,84,84,84,84],"card_choices":[{"not_picked":["SashWhip","Crescendo"],"picked":"WindmillStrike","floor":1.0},{"not_picked":["WaveOfTheHand","ReachHeaven"],"picked":"FearNoEvil","floor":3.0},{"not_picked":["ClearTheMind","Weave"],"picked":"Evaluate","floor":4.0},{"not_picked":["Worship","SignatureMove"],"picked":"Evaluate","floor":6.0},{"not_picked":["CutThroughFate","FlurryOfBlows"],"picked":"ThirdEye","floor":7.0},{"not_picked":["Evaluate","CarveReality"],"picked":"BowlingBash","floor":10.0},{"not_picked":["Tantrum","Meditate"],"picked":"BattleHymn","floor":12.0},{"not_picked":["CutThroughFate","Adaptation","Prostrate"],"picked":"SKIP","floor":13.0},{"not_picked":["Blasphemy","CutThroughFate"],"picked":"FollowUp","floor":14.0},{"not_picked":["Brilliance","DevaForm"],"picked":"ConjureBlade","floor":16.0},{"not_picked":["EmptyBody","BowlingBash"],"picked":"PathToVictory","floor":17.0},{"not_picked":["JustLucky","ThirdEye"],"picked":"Wallop+1","floor":18.0},{"not_picked":["BowlingBash","JustLucky","EmptyBody+1"],"picked":"SKIP","floor":19.0},{"not_picked":["Collect+1","Prostrate"],"picked":"CrushJoints","floor":22}],"player_experience":493731,"relics_obtained":[{"floor":6.0,"key":"Gremlin Horn"},{"floor":9.0,"key":"Smiling Mask"}],"event_choices":[{"cards_removed":["Defend_P"],"damage_healed":0.0,"max_hp_gain":0.0,"max_hp_loss":0.0,"gold_gain":0.0,"event_name":"Purifier","player_choice":"Purged","floor":2.0,"gold_loss":0.0,"damage_taken":0.0},{"damage_healed":0.0,"max_hp_gain":0.0,"max_hp_loss":0.0,"gold_gain":0.0,"event_name":"Ghosts","player_choice":"Ignored","floor":21.0,"gold_loss":0.0,"damage_taken":0.0}],"is_beta":false,"boss_relics":[{"not_picked":["Coffee Dripper","SacredBark"],"picked":"Tiny House"}],"items_purged_floors":[20],"is_endless":false,"potions_floor_spawned":[4,6,7,12,19,22],"killed_by":"Book of Stabbing","ascension_level":2}}