{"host":"ssqg06p4hogpulti","time":1607806612,"event":{"mods":["BaseMod","Minty Spire (QoL Compilation)","StSLib","The Exalted"],"gold_per_floor":[111,129,129,54,54,88,108,128,128,140,170,170,189,207,207,311,311,324,324,339,339,339],"floor_reached":21,"playtime":1046,"items_purged":["Regret"],"score":243,"play_id":"f1c583c4-6c36-41f1-ad80-ed1e39af4001","local_time":"20201212215652","is_ascension_mode":false,"campfire_choices":[{"floor":15,"key":"REST"}],"circlet_count":0,"master_deck":["Bromod:Strike_Bro","Bromod:Strike_Bro","Bromod:Strike_Bro","Bromod:Defend_Bro","Bromod:Defend_Bro","Bromod:Defend_Bro","Bromod:Defend_Bro","Bromod:SlashDash","Bromod:SlashDash","Bromod:SlashDash","Bromod:BriefRespite","Bromod:SteelCharge","Bromod:Strike_Bro","Bromod:PointBlank","Bromod:ToxicBarrage","Bromod:KillingBlow","Bromod:SlashDash","Bromod:SpeedTrigger","Bromod:ExaltedBlade","Bromod:Rage","Bromod:NorthWind","Bromod:ShatteringImpact","Bromod:TacticalPump","Bromod:CollisionForce","CurseOfTheBell","Bromod:Rejuvenation+1","Bromod:BulletJump+1"],"relics":["Bromod:Ordis","Bromod:AscarisDevice","NeowsBlessing","Regal Pillow","Bromod:ArcanePistoleer","Dream Catcher","Bromod:ArcaneTrickery","Calling Bell","Bromod:ArcaneAvenger","Kunai","Vajra","Bromod:HobbledDragonKey","Bromod:DecayingDragonKey"],"acts_visited":["Exordium","TheCity"],"potions_floor_usage":[16,20,21],"damage_taken":[{"damage":0,"enemies":"Small Slimes","floor":1,"turns":1},{"damage":0,"enemies":"Jaw Worm","floor":2,"turns":1},{"damage":0,"enemies":"3 Sentries","floor":6,"turns":1},{"damage":0,"enemies":"Cultist","floor":7,"turns":3},{"damage":4,"enemies":"Blue Slaver","floor":8,"turns":3},{"damage":6,"enemies":"Red Slaver","floor":10,"turns":4},{"damage":11,"enemies":"Gremlin Nob","floor":11,"turns":3},{"damage":10,"enemies":"Looter","floor":13,"turns":3},{"damage":0,"enemies":"Large Slime","floor":14,"turns":3},{"damage":14,"enemies":"The Guardian","floor":16,"turns":7},{"damage":24,"enemies":"Spheric Guardian","floor":18,"turns":4},{"damage":13,"enemies":"Shell Parasite","floor":20,"turns":3},{"damage":43,"enemies":"Centurion and Healer","floor":21,"turns":4}],"seed_played":"1753000231057756516","potions_obtained":[{"floor":2,"key":"Fire Potion"},{"floor":6,"key":"DistilledChaos"},{"floor":8,"key":"Bromod:ClemClone"}],"is_trial":false,"path_per_floor":["M","M","?","$","?","E","M","M","T","M","E","?","M","M","R","B",null,"M","?","M","M"],"character_chosen":"THE_EXALTED","items_purchased":[],"campfire_rested":1,"item_purchase_floors":[],"current_hp_per_floor":[75,75,75,75,75,75,75,71,71,65,54,42,32,32,69,55,75,51,51,38,0,0],"gold":339,"neow_bonus":"THREE_ENEMY_KILL","is_daily":false,"chose_seed":false,"campfire_upgraded":0,"win_rate":0.0,"timestamp":1607806612,"path_taken":["M","M","?","$","?","E","?","M","T","M","E","?","M","M","R","BOSS","M","?","M","M"],"items_purchased_type":[],"build_version":"2020-11-30","purchased_purges":1,"victory":false,"max_hp_per_floor":[75,75,75,75,75,75,75,75,75,75,75,75,75,75,75,75,75,75,75,75,75,75],"card_choices":[{"not_picked":["Bromod:Reflection","Bromod:QuickDraw"],"picked":"Bromod:BriefRespite","floor":1},{"not_picked":["Bromod:Fury","Bromod:FormaBlueprint"],"picked":"Bromod:SteelCharge","floor":2},{"not_picked":["Bromod:Rejuvenation","Bromod:SlipMagazine"],"picked":"Bromod:KillingBlow","floor":6},{"not_picked":["Bromod:BulletJump","Bromod:FastHands"],"picked":"Bromod:SlashDash","floor":7},{"not_picked":["Bromod:OrganShatter","Bromod:FastHands"],"picked":"Bromod:SpeedTrigger","floor":8},{"not_picked":["Bromod:Vitality","Bromod:RelentlessCombination"],"picked":"Bromod:ExaltedBlade","floor":10},{"not_picked":["Bromod:Serration","Bromod:TargetCracker"],"picked":"Bromod:Rage","floor":11},{"not_picked":["Bromod:BriefRespite","Bromod:BloodRush"],"picked":"Bromod:NorthWind","floor":13},{"not_picked":["Bromod:Redirection","Bromod:PressurePoint"],"picked":"Bromod:ShatteringImpact","floor":14},{"not_picked":["Bromod:TargetCracker","Bromod:Reflection"],"picked":"Bromod:TacticalPump","floor":15},{"not_picked":["Bromod:ToxicBarrage","Bromod:Flow"],"picked":"Bromod:CollisionForce","floor":16},{"not_picked":["Bromod:Vitality+1","Bromod:SteelFiber"],"picked":"Bromod:Rejuvenation+1","floor":18},{"not_picked":["Bromod:ShatteringImpact+1","Bromod:RelentlessCombination+1"],"picked":"Bromod:BulletJump+1","floor":20}],"player_experience":264519,"relics_obtained":[{"floor":6,"key":"Bromod:ArcanePistoleer"},{"floor":11,"key":"Dream Catcher"},{"floor":17,"key":"Bromod:ArcaneAvenger"},{"floor":17,"key":"Kunai"},{"floor":17,"key":"Vajra"}],"event_choices":[{"damage_healed":0,"gold_gain":0,"player_choice":"Box","damage_taken":0,"relics_obtained":["Regal Pillow"],"max_hp_gain":0,"max_hp_loss":0,"event_name":"Big Fish","floor":3,"gold_loss":0,"cards_obtained":["Regret"]},{"damage_healed":0,"gold_gain":0,"player_choice":"3 cards matched","damage_taken":0,"max_hp_gain":0,"max_hp_loss":0,"event_name":"Match and Keep!","floor":5,"gold_loss":0,"cards_obtained":["Bromod:Strike_Bro","Bromod:PointBlank","Bromod:ToxicBarrage"]},{"damage_healed":0,"gold_gain":0,"player_choice":"Success","damage_taken":12,"relics_obtained":["Bromod:ArcaneTrickery"],"max_hp_gain":0,"max_hp_loss":0,"event_name":"Scrap Ooze","floor":12,"gold_loss":0}],"is_beta":false,"boss_relics":[{"not_picked":["Velvet Choker","Snecko Eye"],"picked":"Calling Bell"}],"items_purged_floors":[4],"is_endless":false,"potions_floor_spawned":[2,6,8,14],"killed_by":"Centurion and Healer","ascension_level":0}}