{"host":"dh4nu8nelr2izibb","time":1607744851,"event":{"mods":["Act Like it!","BaseMod","Better Third Choice","Card Forge","Displayed Cursed Tome","HololiveMod","Marisa????????","Minty Spire (QoL Compilation)","Puzzle Mod","Quick Restart","StSLib","The Poker Player","The Servant 0.9.4","WarShipGirlsR/????R mod","???????????mod"],"gold_per_floor":[110,110,129,129,140,140,173,173,173,207,17,17,36,55,55,131,131,144,160,180,200,214,214,245,245,271,271,297,222,239,255,255,326,326,346,362,74,74,89,89,118,118,118,118,13,25,25,45,45,45,45],"floor_reached":52,"playtime":2838,"items_purged":["Strike_G","Defend_G"],"score":1868,"play_id":"7b43b9d2-65cb-4b5d-b11d-4501e035a84e","local_time":"20201211224731","is_ascension_mode":true,"campfire_choices":[{"data":"Cloak And Dagger","floor":6.0,"key":"SMITH"},{"data":"Eviscerate","floor":8.0,"key":"SMITH"},{"data":"After Image","floor":15.0,"key":"SMITH"},{"floor":23.0,"key":"REST"},{"floor":25.0,"key":"REST"},{"data":"Footwork","floor":32,"key":"SMITH"},{"data":"Cloak And Dagger","floor":40,"key":"SMITH"},{"data":"Blade Dance","floor":44,"key":"SMITH"},{"floor":49,"key":"REST"}],"circlet_count":0,"master_deck":["AscendersBane","Strike_G+1","Strike_G+1","Defend_G","Defend_G","Survivor","Neutralize+1","Cloak And Dagger+1","Blade Dance+1","Dagger Throw","Eviscerate+1","Tactician","Sucker Punch+1","Terror","Masterful Stab+1","After Image+1","Backflip","Well Laid Plans","After Image","Backflip+1","Slice+1","Dagger Throw+1","Blade Dance","Sucker Punch+1","Deflect","All Out Attack+1","Footwork+1","Tools of the Trade","Leg Sweep","Underhanded Strike+1","Cloak And Dagger+1","Accuracy","Acrobatics","After Image","Heel Hook+1","Acrobatics","PiercingWail","Phantasmal Killer"],"relics":["Ring of the Snake","Hammer of Thor","Seething Fire","Anvil of the Gods","Singing Bowl","Molten Egg 2","Torii","Sozu","Ancient Tea Set","Whetstone","Pear","Cursed Key","Pantograph","Paper Crane"],"acts_visited":["Exordium","TheCity","TheBeyond"],"potions_floor_usage":[50],"damage_taken":[{"damage":1.0,"enemies":"Small Slimes","floor":1.0,"turns":4.0},{"damage":2.0,"enemies":"Jaw Worm","floor":3.0,"turns":5.0},{"damage":0.0,"enemies":"Cultist","floor":5.0,"turns":3.0},{"damage":11.0,"enemies":"3 Sentries","floor":7.0,"turns":8.0},{"damage":16.0,"enemies":"Gremlin Nob","floor":10.0,"turns":4.0},{"damage":7.0,"enemies":"3 Louse","floor":13.0,"turns":3.0},{"damage":2.0,"enemies":"Exordium Thugs","floor":14.0,"turns":4.0},{"damage":5.0,"enemies":"Hexaghost","floor":16.0,"turns":8.0},{"damage":9.0,"enemies":"Spheric Guardian","floor":18.0,"turns":4.0},{"damage":0.0,"enemies":"3 Byrds","floor":19.0,"turns":6.0},{"damage":21.0,"enemies":"Snecko","floor":20.0,"turns":5.0},{"damage":1.0,"enemies":"Cultist and Chosen","floor":21.0,"turns":6.0},{"damage":1.0,"enemies":"3 Cultists","floor":22.0,"turns":5.0},{"damage":8.0,"enemies":"Slavers","floor":24.0,"turns":7.0},{"damage":0.0,"enemies":"Gremlin Leader","floor":28.0,"turns":5.0},{"damage":0.0,"enemies":"Centurion and Healer","floor":30.0,"turns":5.0},{"damage":7,"enemies":"Shelled Parasite and Fungi","floor":31,"turns":4},{"damage":28,"enemies":"Collector","floor":33,"turns":11},{"damage":2,"enemies":"3 Darklings","floor":35,"turns":6},{"damage":8,"enemies":"3 Shapes","floor":36,"turns":8},{"damage":18,"enemies":"Jaw Worm Horde","floor":39,"turns":6},{"damage":1,"enemies":"Reptomancer","floor":41,"turns":7},{"damage":17,"enemies":"4 Shapes","floor":46,"turns":8},{"damage":14,"enemies":"Spire Growth","floor":48,"turns":5},{"damage":2,"enemies":"Donu and Deca","floor":50,"turns":12},{"damage":39,"enemies":"Awakened One","floor":51,"turns":15}],"seed_played":"-5981587296929987695","potions_obtained":[{"floor":1.0,"key":"Swift Potion"},{"floor":3.0,"key":"LiquidBronze"},{"floor":10.0,"key":"Fire Potion"},{"floor":13.0,"key":"Weak Potion"},{"floor":16.0,"key":"FearPotion"}],"is_trial":false,"path_per_floor":["M","?","M","?","M","R","E","R","T","E","$","?","M","M","R","B",null,"M","M","M","M","M","R","E","R","T","?","E","$","M","M","R","B",null,"M","M","$","?","M","R","E","$","T","R","$","M","?","M","R","B","B",null],"character_chosen":"THE_SILENT","items_purchased":["Sucker Punch+1","Terror","Masterful Stab+1","Cloak And Dagger","Accuracy","Acrobatics","Acrobatics","PiercingWail"],"campfire_rested":3,"item_purchase_floors":[11,11,11,37,37,37,45,45],"current_hp_per_floor":[58,51,49,66,66,66,55,55,55,39,39,39,32,30,30,25,56,47,47,26,25,26,46,38,58,58,58,68,68,68,61,61,33,67,65,57,57,57,39,39,40,40,40,40,40,23,23,11,35,58,43],"gold":45,"neow_bonus":"UPGRADE_CARD","is_daily":false,"chose_seed":false,"campfire_upgraded":6,"win_rate":0.0,"timestamp":1607744851,"path_taken":["M","?","M","?","M","R","E","R","T","E","$","?","M","M","R","BOSS","M","M","M","M","M","R","E","R","T","?","E","$","M","?","R","BOSS","M","M","$","?","M","R","E","?","T","R","$","M","?","M","R","BOSS","BOSS"],"items_purchased_type":["Card","Card","Card","Card","Card","Card","Card","Card"],"build_version":"2020-11-30","purchased_purges":2,"victory":true,"max_hp_per_floor":[66,66,66,66,66,66,66,66,66,66,66,66,66,66,66,66,66,66,66,66,66,68,68,68,68,68,68,78,78,78,78,78,78,78,78,78,78,78,78,78,80,80,80,80,80,80,80,82,82,82,82],"card_choices":[{"not_picked":["Prepared","Well Laid Plans"],"picked":"Cloak And Dagger","floor":1.0},{"not_picked":["Blur","Riddle With Holes"],"picked":"Blade Dance","floor":3.0},{"not_picked":["Distraction","Deflect"],"picked":"Dagger Throw","floor":5.0},{"not_picked":["Blur","Prepared"],"picked":"Eviscerate","floor":7.0},{"not_picked":["Doppelganger","Night Terror"],"picked":"Tactician","floor":10.0},{"not_picked":[],"picked":"After Image","floor":12.0},{"not_picked":["Deadly Poison","Slice+1"],"picked":"Backflip","floor":13.0},{"not_picked":["Distraction","Riddle With Holes+1"],"picked":"Well Laid Plans","floor":14.0},{"not_picked":["Venomology","Grand Finale+1"],"picked":"After Image","floor":16.0},{"not_picked":["Distraction+1","Deadly Poison+1"],"picked":"Backflip+1","floor":18.0},{"not_picked":["Outmaneuver","Finisher+1"],"picked":"Slice+1","floor":19.0},{"not_picked":["Endless Agony+1","Sucker Punch+1"],"picked":"Dagger Throw+1","floor":20.0},{"not_picked":["Masterful Stab+1","Noxious Fumes"],"picked":"Blade Dance","floor":21.0},{"not_picked":["Flying Knee+1","Outmaneuver","Skewer+1"],"picked":"Singing Bowl","floor":22.0},{"not_picked":["Bane+1","Crippling Poison"],"picked":"Sucker Punch+1","floor":24.0},{"not_picked":["Deadly Poison","Venomology"],"picked":"Deflect","floor":28.0},{"not_picked":["Backstab+1","Outmaneuver+1"],"picked":"All Out Attack+1","floor":30.0},{"not_picked":["Riddle With Holes+1","Eviscerate+1"],"picked":"Footwork","floor":31},{"not_picked":["Wraith Form v2","Unload+1"],"picked":"Tools of the Trade","floor":33},{"not_picked":["Prepared","Dodge and Roll"],"picked":"Leg Sweep","floor":35},{"not_picked":["Acrobatics","Catalyst"],"picked":"Underhanded Strike+1","floor":36},{"not_picked":["Deflect","Prepared+1"],"picked":"Heel Hook+1","floor":39},{"not_picked":["Bouncing Flask","Deadly Poison","Outmaneuver"],"picked":"Singing Bowl","floor":41},{"not_picked":["PiercingWail","Setup"],"picked":"Phantasmal Killer","floor":46},{"not_picked":["Eviscerate+1","Dagger Spray+1","Leg Sweep"],"picked":"Singing Bowl","floor":48}],"player_experience":1097442,"relics_obtained":[{"floor":7.0,"key":"Singing Bowl"},{"floor":9.0,"key":"Molten Egg 2"},{"floor":10.0,"key":"Torii"},{"floor":24.0,"key":"Ancient Tea Set"},{"floor":26.0,"key":"Whetstone"},{"floor":28.0,"key":"Pear"},{"floor":41,"key":"Pantograph"},{"floor":43,"key":"Paper Crane"}],"event_choices":[{"cards_removed":["Defend_G"],"damage_healed":0.0,"max_hp_gain":0.0,"max_hp_loss":0.0,"gold_gain":0.0,"event_name":"Golden Wing","player_choice":"Card Removal","floor":2.0,"gold_loss":0.0,"damage_taken":7.0},{"damage_healed":22.0,"max_hp_gain":0.0,"max_hp_loss":0.0,"gold_gain":0.0,"event_name":"Big Fish","player_choice":"Banana","floor":4.0,"gold_loss":0.0,"damage_taken":0.0},{"cards_removed":["Strike_G"],"damage_healed":0.0,"max_hp_gain":0.0,"max_hp_loss":0.0,"gold_gain":0.0,"event_name":"Purifier","player_choice":"Purged","floor":27.0,"gold_loss":0.0,"damage_taken":0.0},{"damage_healed":0,"gold_gain":0,"player_choice":"Copied","damage_taken":0,"max_hp_gain":0,"max_hp_loss":0,"event_name":"Duplicator","floor":38,"gold_loss":0,"cards_obtained":["After Image"]},{"damage_healed":0,"gold_gain":0,"player_choice":"Ignored","damage_taken":0,"max_hp_gain":0,"max_hp_loss":0,"event_name":"OrinTheCat","floor":47,"gold_loss":0}],"is_beta":false,"boss_relics":[{"not_picked":["Ring of the Serpent","Ectoplasm"],"picked":"Sozu"},{"not_picked":["SacredBark","Astrolabe"],"picked":"Cursed Key"}],"items_purged_floors":[29,37],"is_endless":false,"potions_floor_spawned":[1,3,10,13,16,18,19,20,22,24,39,41,48],"ascension_level":20}}