{"host":"gjbmv0wqve0qfw94","time":1607762488,"event":{"mods":["BaseMod","Colored Map","Colored Powertips","DeckTracker","Googly Eyes","Minty Spire (QoL Compilation)","StSLib"],"gold_per_floor":[117,129,129,94,104,139,139,152,152,152,183,183,208,219,219,219,219],"floor_reached":16,"playtime":609,"items_purged":[],"score":240,"play_id":"98e7c54c-171b-4859-aee3-fa8e474dda24","local_time":"20201212094128","is_ascension_mode":true,"campfire_choices":[{"data":"Armaments","floor":7,"key":"SMITH"},{"floor":12,"key":"REST"},{"data":"Combust","floor":15,"key":"SMITH"}],"circlet_count":0,"master_deck":["AscendersBane","Strike_R","Strike_R","Strike_R","Strike_R","Defend_R","Defend_R","Defend_R","Defend_R","Bash","Combust+1","Armaments+1","Immolate","Disarm","Second Wind","Pommel Strike","Uppercut","Burning Pact"],"relics":["Burning Blood","Potion Belt","Juzu Bracelet","Gremlin Horn","The Courier","Matryoshka","Mercury Hourglass"],"acts_visited":["Exordium"],"potions_floor_usage":[13],"damage_taken":[{"damage":9,"enemies":"2 Louse","floor":1,"turns":3},{"damage":12,"enemies":"Jaw Worm","floor":2,"turns":2},{"damage":1,"enemies":"Small Slimes","floor":5,"turns":6},{"damage":31,"enemies":"Gremlin Nob","floor":6,"turns":4},{"damage":2,"enemies":"Exordium Wildlife","floor":8,"turns":3},{"damage":34,"enemies":"Lagavulin","floor":11,"turns":7},{"damage":15,"enemies":"3 Sentries","floor":13,"turns":4},{"damage":0,"enemies":"2 Fungi Beasts","floor":14,"turns":3},{"damage":31,"enemies":"Slime Boss","floor":16,"turns":6}],"seed_played":"6967779921171467466","potions_obtained":[{"floor":5,"key":"Block Potion"},{"floor":6,"key":"EssenceOfSteel"},{"floor":11,"key":"SteroidPotion"},{"floor":14,"key":"PowerPotion"}],"is_trial":false,"path_per_floor":["M","M","?","?","M","E","R","M","T","?","E","R","E","M","R","B"],"character_chosen":"IRONCLAD","items_purchased":[],"campfire_rested":1,"item_purchase_floors":[],"current_hp_per_floor":[65,59,41,59,64,39,39,43,43,36,8,30,21,27,27,0,0],"gold":219,"neow_bonus":"RANDOM_COMMON_RELIC","is_daily":false,"chose_seed":false,"campfire_upgraded":2,"win_rate":0.0,"timestamp":1607762488,"path_taken":["M","M","?","?","M","E","R","M","T","?","E","R","E","M","R","BOSS"],"items_purchased_type":[],"build_version":"2020-11-30","purchased_purges":0,"victory":false,"max_hp_per_floor":[75,75,75,75,75,75,75,75,75,75,75,75,75,75,75,75,75],"card_choices":[{"not_picked":["Wild Strike","Armaments"],"picked":"Combust","floor":1},{"not_picked":["Entrench","Sentinel"],"picked":"Armaments","floor":2},{"not_picked":["Inflame","Disarm"],"picked":"Immolate","floor":5},{"not_picked":["Battle Trance","Perfected Strike"],"picked":"Disarm","floor":6},{"not_picked":["Thunderclap","Feel No Pain"],"picked":"Second Wind","floor":8},{"not_picked":["Sword Boomerang","Second Wind"],"picked":"Pommel Strike","floor":11},{"not_picked":["Ghostly Armor","Perfected Strike"],"picked":"Uppercut","floor":13},{"not_picked":["Havoc","Heavy Blade"],"picked":"Burning Pact","floor":14}],"player_experience":1180528,"relics_obtained":[{"floor":6,"key":"Gremlin Horn"},{"floor":9,"key":"The Courier"},{"floor":11,"key":"Matryoshka"},{"floor":13,"key":"Mercury Hourglass"}],"event_choices":[{"damage_healed":0,"gold_gain":0,"player_choice":"Success","damage_taken":18,"relics_obtained":["Juzu Bracelet"],"max_hp_gain":0,"max_hp_loss":0,"event_name":"Scrap Ooze","floor":3,"gold_loss":0},{"damage_healed":18,"gold_gain":0,"player_choice":"Healed","damage_taken":0,"max_hp_gain":0,"max_hp_loss":0,"event_name":"The Cleric","floor":4,"gold_loss":35},{"cards_removed":["Strike_R"],"damage_healed":0,"gold_gain":0,"player_choice":"Card Removal","damage_taken":7,"max_hp_gain":0,"max_hp_loss":0,"event_name":"Golden Wing","floor":10,"gold_loss":0}],"is_beta":false,"boss_relics":[],"items_purged_floors":[],"is_endless":false,"potions_floor_spawned":[5,6,11,14],"killed_by":"Slime Boss","ascension_level":20}}