{"host":"r4fdjn7z3inifdxd","time":1607811089,"event":{"mods":["BaseMod","Minty Spire (QoL Compilation)"],"gold_per_floor":[12,12,28,41,56,56,89,89,89,102,115,150,167,187,187,260,260,277,13,23,23,40,40,40,40],"floor_reached":24,"playtime":2127,"items_purged":[],"score":485,"play_id":"7c5317e6-8403-4047-a3b8-0e3151e384ff","local_time":"20201213051129","is_ascension_mode":true,"campfire_choices":[{"data":"Eruption","floor":6,"key":"SMITH"},{"data":"CutThroughFate","floor":8,"key":"SMITH"},{"data":"TalkToTheHand","floor":15,"key":"SMITH"},{"data":"1","floor":23,"key":"LIFT"}],"circlet_count":0,"master_deck":["AscendersBane","Strike_P","Strike_P","Strike_P","Defend_P","Defend_P","Defend_P","Defend_P","Eruption+1","Vigilance","Conclude","CutThroughFate+1","ThirdEye","Consecrate","Weave","Brilliance","Wallop","TalkToTheHand+1","Wish","Evaluate","Swivel","DeceiveReality","Prostrate+1"],"relics":["PureWater","Unceasing Top","Vajra","Akabeko","The Courier","Busted Crown","Girya"],"acts_visited":["Exordium","TheCity"],"potions_floor_usage":[7,12,12,16,16],"damage_taken":[{"damage":0,"enemies":"Cultist","floor":1,"turns":2},{"damage":8,"enemies":"Small Slimes","floor":3,"turns":4},{"damage":0,"enemies":"2 Louse","floor":4,"turns":2},{"damage":8,"enemies":"Looter","floor":5,"turns":4},{"damage":0,"enemies":"3 Sentries","floor":7,"turns":2},{"damage":0,"enemies":"Large Slime","floor":10,"turns":2},{"damage":0,"enemies":"Red Slaver","floor":11,"turns":2},{"damage":0,"enemies":"Lagavulin","floor":12,"turns":5},{"damage":0,"enemies":"Exordium Wildlife","floor":13,"turns":1},{"damage":0,"enemies":"Exordium Thugs","floor":14,"turns":2},{"damage":1,"enemies":"Hexaghost","floor":16,"turns":10},{"damage":2,"enemies":"2 Thieves","floor":18,"turns":4},{"damage":6,"enemies":"3 Byrds","floor":20,"turns":6},{"damage":33,"enemies":"Snecko","floor":22,"turns":7},{"damage":24,"enemies":"Slavers","floor":24,"turns":2}],"seed_played":"8913812568015514976","potions_obtained":[{"floor":1,"key":"FairyPotion"},{"floor":5,"key":"Fire Potion"},{"floor":10,"key":"PowerPotion"},{"floor":11,"key":"SkillPotion"},{"floor":13,"key":"Energy Potion"},{"floor":14,"key":"BlessingOfTheForge"}],"is_trial":false,"path_per_floor":["M","?","M","M","M","R","E","R","T","M","M","E","M","M","R","B",null,"M","$","M","?","M","R","E"],"character_chosen":"WATCHER","items_purchased":["Girya"],"campfire_rested":0,"item_purchase_floors":[19],"current_hp_per_floor":[61,61,53,53,45,45,45,45,45,45,45,45,45,45,45,44,62,60,60,54,54,21,21,0,0],"gold":40,"neow_bonus":"ONE_RARE_RELIC","is_daily":false,"chose_seed":false,"campfire_upgraded":3,"win_rate":0.0,"timestamp":1607811089,"path_taken":["M","?","M","M","?","R","E","R","T","M","M","E","M","M","R","BOSS","M","$","M","?","M","R","E"],"items_purchased_type":["Relic"],"build_version":"2020-11-30","purchased_purges":0,"victory":false,"max_hp_per_floor":[68,68,68,68,68,68,68,68,68,68,68,68,68,68,68,68,68,68,68,68,68,68,68,68,68],"card_choices":[{"not_picked":["SignatureMove","PathToVictory","ClearTheMind"],"picked":"SKIP","floor":1},{"not_picked":["Crescendo","Prostrate"],"picked":"Conclude","floor":3},{"not_picked":["Conclude","ClearTheMind"],"picked":"CutThroughFate","floor":4},{"not_picked":["Protect","Meditate"],"picked":"ThirdEye","floor":5},{"not_picked":["PathToVictory","ThirdEye","Crescendo"],"picked":"SKIP","floor":7},{"not_picked":["FlyingSleeves","Evaluate"],"picked":"Consecrate","floor":10},{"not_picked":["ConjureBlade","CutThroughFate"],"picked":"Weave","floor":11},{"not_picked":["Protect","Meditate"],"picked":"Brilliance","floor":12},{"not_picked":["Indignation","Consecrate"],"picked":"Wallop","floor":13},{"not_picked":["Wireheading","ReachHeaven"],"picked":"TalkToTheHand","floor":14},{"not_picked":["Judgement","Establishment"],"picked":"Wish","floor":16},{"not_picked":[],"picked":"Evaluate","floor":18},{"not_picked":[],"picked":"Swivel","floor":20},{"not_picked":[],"picked":"Prostrate+1","floor":22}],"player_experience":1475204,"relics_obtained":[{"floor":7,"key":"Vajra"},{"floor":9,"key":"Akabeko"},{"floor":12,"key":"The Courier"}],"event_choices":[{"cards_removed":["Strike_P"],"damage_healed":0,"gold_gain":0,"player_choice":"Purged","damage_taken":0,"max_hp_gain":0,"max_hp_loss":0,"event_name":"Purifier","floor":2,"gold_loss":0},{"damage_healed":0,"gold_gain":0,"player_choice":"Read","damage_taken":0,"max_hp_gain":0,"max_hp_loss":0,"event_name":"The Library","floor":21,"gold_loss":0,"cards_obtained":["DeceiveReality"]}],"is_beta":false,"boss_relics":[{"not_picked":["Calling Bell","SacredBark"],"picked":"Busted Crown"}],"items_purged_floors":[],"is_endless":false,"potions_floor_spawned":[1,5,10,11,13,14],"killed_by":"Slavers","ascension_level":17}}