{"host":"Ian","time":1607769547,"event":{"mods":["BaseMod","Bestiary","Block Reminder","Colored Map","Highlight Path","Key Reminder","Minty Spire (QoL Compilation)","Relic Stats"],"gold_per_floor":[119,138,152,1,16,16,16,16,70,70,18,30,30,64,64,143,143,160,180,180,190,200,229,245,258,329,363,379,399,399,428,428,506,506,524,543,560,560,31,66,66,95,95,124,140,40,65,94,94,94,94,94,94,11,44,44,44],"floor_reached":56,"playtime":3376,"items_purged":["Strike_R","Strike_R"],"score":2208,"play_id":"58f4dad2-781d-4e3f-9c11-21e82ebfafb9","local_time":"20201212103907","is_ascension_mode":true,"campfire_choices":[{"data":"Wild Strike","floor":8,"key":"SMITH"},{"data":"Feel No Pain","floor":10,"key":"SMITH"},{"data":"Bludgeon","floor":13,"key":"SMITH"},{"data":"Flame Barrier","floor":15,"key":"SMITH"},{"data":"Demon Form","floor":30,"key":"SMITH"},{"data":"Disarm","floor":32,"key":"SMITH"},{"data":"Power Through","floor":41,"key":"SMITH"},{"floor":49,"key":"RECALL"},{"data":"Bash","floor":53,"key":"SMITH"}],"circlet_count":0,"master_deck":["AscendersBane","Strike_R","Strike_R","Defend_R","Defend_R","Defend_R","Bash+1","Havoc+1","Flame Barrier+1","Wild Strike+1","Feel No Pain+1","Warcry","Bludgeon+1","Corruption","Shrug It Off","Fire Breathing","Power Through","Spot Weakness+1","Demon Form+1","Power Through+1","Infernal Blade","Disarm+1","Feel No Pain+1","Corruption","Evolve+1","Forethought","Entrench","Feel No Pain+1","Intimidate+1","Shrug It Off+1"],"relics":["Burning Blood","Dead Branch","Bag of Marbles","Lantern","Snecko Eye","Bottled Flame","Letter Opener","MealTicket","StoneCalendar","Mark of Pain","Bottled Lightning","Potion Belt","Strawberry","Vajra","Centennial Puzzle","Unceasing Top","Shuriken","Bird Faced Urn"],"acts_visited":["Exordium","TheCity","TheBeyond","TheEnding"],"potions_floor_usage":[45,51,56,56,56],"damage_taken":[{"damage":2,"enemies":"Cultist","floor":1,"turns":4},{"damage":4,"enemies":"Jaw Worm","floor":2,"turns":4},{"damage":8,"enemies":"Small Slimes","floor":3,"turns":4},{"damage":2,"enemies":"Looter","floor":5,"turns":5},{"damage":9,"enemies":"Red Slaver","floor":12,"turns":2},{"damage":15,"enemies":"3 Sentries","floor":14,"turns":7},{"damage":9,"enemies":"Slime Boss","floor":16,"turns":9},{"damage":0,"enemies":"Chosen","floor":18,"turns":3},{"damage":0,"enemies":"2 Thieves","floor":19,"turns":2},{"damage":0,"enemies":"Cultist and Chosen","floor":21,"turns":3},{"damage":0,"enemies":"Centurion and Healer","floor":22,"turns":4},{"damage":0,"enemies":"Gremlin Leader","floor":23,"turns":6},{"damage":0,"enemies":"Snake Plant","floor":24,"turns":2},{"damage":0,"enemies":"Snecko","floor":25,"turns":3},{"damage":0,"enemies":"Slavers","floor":27,"turns":2},{"damage":0,"enemies":"3 Cultists","floor":28,"turns":4},{"damage":19,"enemies":"Snake Plant","floor":29,"turns":2},{"damage":4,"enemies":"Book of Stabbing","floor":31,"turns":4},{"damage":2,"enemies":"Collector","floor":33,"turns":9},{"damage":1,"enemies":"3 Darklings","floor":35,"turns":2},{"damage":0,"enemies":"Orb Walker","floor":36,"turns":2},{"damage":9,"enemies":"Spire Growth","floor":37,"turns":4},{"damage":5,"enemies":"Nemesis","floor":40,"turns":5},{"damage":3,"enemies":"Reptomancer","floor":42,"turns":3},{"damage":48,"enemies":"Giant Head","floor":44,"turns":6},{"damage":0,"enemies":"Jaw Worm Horde","floor":45,"turns":6},{"damage":0,"enemies":"Mind Bloom Boss Battle","floor":47,"turns":5},{"damage":5,"enemies":"Reptomancer","floor":48,"turns":5},{"damage":16,"enemies":"Time Eater","floor":50,"turns":7},{"damage":14,"enemies":"Awakened One","floor":51,"turns":7},{"damage":18,"enemies":"Shield and Spear","floor":55,"turns":5},{"damage":107,"enemies":"The Heart","floor":56,"turns":6}],"seed_played":"-2435357994033535722","potions_obtained":[{"floor":3,"key":"LiquidMemories"},{"floor":5,"key":"FairyPotion"},{"floor":14,"key":"Regen Potion"},{"floor":44,"key":"SneckoOil"},{"floor":47,"key":"ColorlessPotion"},{"floor":48,"key":"ElixirPotion"}],"is_trial":false,"path_per_floor":["M","M","M","$","M","?","?","R","T","R","$","M","R","E","R","B",null,"M","M","?","M","M","E","M","M","T","E","M","M","R","E","R","B",null,"M","M","M","?","$","E","R","E","T","E","M","$","?","E","R","B","B",null,"R","$","E","B"],"character_chosen":"IRONCLAD","items_purchased":["Feel No Pain","Warcry","Bottled Lightning","Potion Belt","Forethought","LiquidBronze"],"campfire_rested":0,"item_purchase_floors":[4,11,39,39,39,54],"current_hp_per_floor":[68,68,66,66,68,68,68,68,68,68,68,65,65,56,56,53,64,68,68,68,68,68,68,68,68,68,68,68,55,55,57,57,61,66,68,68,65,65,68,75,75,75,75,33,54,69,75,75,75,65,57,71,71,75,63,0,0],"gold":44,"neow_bonus":"ONE_RARE_RELIC","is_daily":false,"chose_seed":false,"campfire_upgraded":8,"win_rate":0.0,"timestamp":1607769547,"path_taken":["M","M","M","?","M","?","?","R","T","R","$","M","R","E","R","BOSS","M","M","?","M","M","E","M","M","T","E","M","?","R","E","R","BOSS","M","M","?","?","$","E","R","E","T","E","M","$","?","E","R","BOSS","BOSS","R","$","E","BOSS"],"items_purchased_type":["Card","Card","Relic","Relic","Card","Potion"],"build_version":"2020-12-07","purchased_purges":2,"victory":false,"max_hp_per_floor":[68,68,68,68,68,68,68,68,68,68,68,68,68,68,68,68,68,68,68,68,68,68,68,68,68,68,68,68,68,68,68,68,68,68,68,68,68,68,68,75,75,75,75,75,75,75,75,75,75,75,75,75,75,75,75,75,75],"relic_stats":{"Centennial Puzzle":[15],"counters":[32,142],"Shuriken":[6],"Dead Branch":[311],"Bird Faced Urn":[16],"Snecko Eye":[191,185,193,199],"MealTicket":22,"StoneCalendar":[105],"Letter Opener":[319],"obtain_stats":[{"Potion Belt":39,"Lantern":14,"Dead Branch":0,"Vajra":42,"StoneCalendar":31,"Letter Opener":26,"Burning Blood":0,"keyreminder:keyreminder":43,"Bottled Flame":23,"Centennial Puzzle":44,"Shuriken":48,"Strawberry":40,"Bird Faced Urn":55,"Snecko Eye":17,"MealTicket":27,"Mark of Pain":34,"Bag of Marbles":9,"Bottled Lightning":39,"Unceasing Top":47},{"Potion Belt":22,"Lantern":6,"Dead Branch":0,"Vajra":24,"StoneCalendar":18,"Letter Opener":14,"Burning Blood":0,"keyreminder:keyreminder":24,"Bottled Flame":12,"Centennial Puzzle":25,"Shuriken":28,"Strawberry":23,"Bird Faced Urn":31,"Snecko Eye":7,"MealTicket":15,"Mark of Pain":19,"Bag of Marbles":4,"Bottled Lightning":22,"Unceasing Top":27},{"Potion Belt":87,"Lantern":26,"Dead Branch":0,"Vajra":95,"StoneCalendar":70,"Letter Opener":58,"Burning Blood":0,"keyreminder:keyreminder":95,"Bottled Flame":53,"Centennial Puzzle":101,"Shuriken":117,"Strawberry":92,"Bird Faced Urn":136,"Snecko Eye":35,"MealTicket":60,"Mark of Pain":79,"Bag of Marbles":17,"Bottled Lightning":87,"Unceasing Top":112}],"Burning Blood":114,"Unceasing Top":[0]},"card_choices":[{"not_picked":["Fire Breathing","Sword Boomerang"],"picked":"Havoc","floor":1},{"not_picked":["Dual Wield","Anger"],"picked":"Flame Barrier","floor":2},{"not_picked":["Perfected Strike","Sword Boomerang"],"picked":"Wild Strike","floor":3},{"not_picked":["Body Slam","Rupture","Bloodletting"],"picked":"SKIP","floor":5},{"not_picked":["Clothesline","True Grit"],"picked":"Bludgeon","floor":12},{"not_picked":["Berserk","Iron Wave","Flex"],"picked":"SKIP","floor":14},{"not_picked":["Offering","Brutality"],"picked":"Corruption","floor":16},{"not_picked":["Anger","Clash"],"picked":"Shrug It Off","floor":18},{"not_picked":["Sword Boomerang+1","Fire Breathing+1","Heavy Blade"],"picked":"SKIP","floor":19},{"not_picked":["Clash","Combust"],"picked":"Power Through","floor":21},{"not_picked":["Thunderclap","Twin Strike","Pommel Strike"],"picked":"SKIP","floor":22},{"not_picked":["Cleave","Searing Blow"],"picked":"Spot Weakness+1","floor":23},{"not_picked":["Heavy Blade","Clash","Blood for Blood"],"picked":"SKIP","floor":24},{"not_picked":["Battle Trance","Armaments"],"picked":"Demon Form","floor":25},{"not_picked":["Combust","Bloodletting"],"picked":"Power Through","floor":27},{"not_picked":["Sword Boomerang+1","Metallicize"],"picked":"Infernal Blade","floor":28},{"not_picked":["Carnage","Clash"],"picked":"Disarm","floor":29},{"not_picked":["Body Slam","Clothesline"],"picked":"Feel No Pain+1","floor":31},{"not_picked":["Brutality","Immolate"],"picked":"Corruption","floor":33},{"not_picked":["Sword Boomerang","Pommel Strike","Infernal Blade"],"picked":"SKIP","floor":35},{"not_picked":["Searing Blow+1","Armaments"],"picked":"Evolve+1","floor":36},{"not_picked":["Armaments","Headbutt+1","Cleave"],"picked":"SKIP","floor":37},{"not_picked":["Warcry","Iron Wave"],"picked":"Entrench","floor":40},{"not_picked":["Rage","Heavy Blade","Infernal Blade"],"picked":"SKIP","floor":42},{"not_picked":["Body Slam","Iron Wave+1","Perfected Strike"],"picked":"SKIP","floor":44},{"not_picked":["Cleave","Anger"],"picked":"Feel No Pain+1","floor":45},{"not_picked":["Flex","Bloodletting"],"picked":"Intimidate+1","floor":47},{"not_picked":["Twin Strike","Entrench","Fire Breathing"],"picked":"SKIP","floor":48},{"not_picked":["Hemokinesis+1","Sever Soul"],"picked":"Shrug It Off+1","floor":55}],"player_experience":2498231,"relics_obtained":[{"floor":9,"key":"Bag of Marbles"},{"floor":14,"key":"Lantern"},{"floor":23,"key":"Bottled Flame"},{"floor":26,"key":"Letter Opener"},{"floor":27,"key":"MealTicket"},{"floor":31,"key":"StoneCalendar"},{"floor":40,"key":"Strawberry"},{"floor":42,"key":"Vajra"},{"floor":44,"key":"Centennial Puzzle"},{"floor":47,"key":"Unceasing Top"},{"floor":48,"key":"Shuriken"},{"floor":55,"key":"Bird Faced Urn"}],"event_choices":[{"damage_healed":0,"gold_gain":0,"player_choice":"Ignored","damage_taken":0,"max_hp_gain":0,"max_hp_loss":0,"event_name":"Liars Game","floor":6,"gold_loss":0},{"damage_healed":0,"gold_gain":0,"player_choice":"Grow","damage_taken":0,"max_hp_gain":0,"max_hp_loss":0,"event_name":"Living Wall","floor":7,"gold_loss":0,"cards_upgraded":["Havoc"]},{"damage_healed":0,"gold_gain":0,"cards_transformed":["Strike_R"],"player_choice":"Transformed","damage_taken":0,"max_hp_gain":0,"max_hp_loss":0,"event_name":"Transmorgrifier","floor":20,"gold_loss":0,"cards_obtained":["Fire Breathing"]},{"cards_removed":["Defend_R"],"damage_healed":0,"gold_gain":0,"player_choice":"Removed Skill","damage_taken":0,"max_hp_gain":0,"max_hp_loss":0,"event_name":"Falling","floor":38,"gold_loss":0},{"damage_healed":0,"gold_gain":0,"player_choice":"Fight","damage_taken":0,"max_hp_gain":0,"max_hp_loss":0,"event_name":"MindBloom","floor":47,"gold_loss":0}],"is_beta":true,"boss_relics":[{"not_picked":["Sozu","Velvet Choker"],"picked":"Snecko Eye"},{"not_picked":["Runic Dome","Runic Cube"],"picked":"Mark of Pain"}],"items_purged_floors":[4,46],"is_endless":false,"potions_floor_spawned":[3,5,14,21,22,25,28,29,31,33,37,44,47,48],"killed_by":"The Heart","ascension_level":20}}