{"host":"81h68oe4mr04pk3r","time":1607759614,"event":{"mods":["Act Like it!","Aspiration","BaseMod","BetterRewards","Colored Map","Colored Powertips","Conspire","Downfall","Hermit","Hubris","Infinite Spire","Jorbs\u0027s Wanderer Trilogy","Koishi","Lobotomy","LobotomyExtend","Marisa????????","Minty Spire (QoL Compilation)","Quick Restart","Reimu??????","Remilia??????","Replay The Spire","StSLib","The Bug Knight","The Construct","The Cursed","The Disciple","The Servant 0.9.4"],"gold_per_floor":[114,132,132,19,19,44,44,44,71,82,116,116,116,116,129,75,75,172,172,182,4,17,17,17,17,35,35,35,55,85,85,96,116,116,216,216,230,230,230],"floor_reached":38,"playtime":4705,"items_purged":["StarDustReverie"],"score":382,"play_id":"6fa3e9f6-b3f2-458d-859e-e715dc3e3894","local_time":"20201211235334","is_ascension_mode":false,"campfire_choices":[{"data":"EarthLightRay","floor":7,"key":"SMITH"},{"data":"Acceleration","floor":17,"key":"SMITH"},{"floor":25,"key":"REST"},{"floor":34,"key":"REST"}],"circlet_count":0,"master_deck":["Strike_MRS+1","Strike_MRS","Strike_MRS+1","Defend_MRS","Defend_MRS","Defend_MRS","Defend_MRS","MasterSpark","UpSweep","LuminesStrike","AsteroidBelt+1","StarBarrage+1","EarthLightRay+1","Acceleration+1","StarBarrage","Flex","Guardian:Gem_Red","IllusionStar+1","SporeBomb","ShootingEcho","ChargingUp","infinitespire:Collect","DarkMatter+1","GrandCross","Acceleration","WitchLeyline+1","PowerUp","BinaryStars","PropBag+1"],"relics":["MiniHakkero","aspiration:Nostalgia","Burning Blood","LetterFromLob","hubris:Icosahedron","hubris:Towel","aspiration:SeaSaltIceCream","m_GuardianBlood","MealTicket","Whetstone","Runic Pyramid","ReplayTheSpireMod:EnergyBall","hubris:FunFungus","hubris:PeanutButter","Red Mask","Replay:Drink Me","Meat on the Bone"],"acts_visited":["Exordium","TheCity","TheBeyond"],"potions_floor_usage":[18,26,30,38],"damage_taken":[{"damage":1,"enemies":"Cultist","floor":1,"turns":3},{"damage":12,"enemies":"Small Slimes","floor":2,"turns":3},{"damage":18,"enemies":"Gremlin Nob","floor":6,"turns":5},{"damage":5,"enemies":"2 Louse","floor":10,"turns":3},{"damage":25,"enemies":"Replay:BlueRogue","floor":11,"turns":8},{"damage":17,"enemies":"Large Slime","floor":15,"turns":5},{"damage":59,"enemies":"The Guardian","floor":18,"turns":11},{"damage":20,"enemies":"Chosen","floor":20,"turns":4},{"damage":52,"enemies":"3 Byrds","floor":22,"turns":5},{"damage":47,"enemies":"Shelled Parasite and Fungi","floor":26,"turns":4},{"damage":15,"enemies":"Snake Plant","floor":29,"turns":3},{"damage":0,"enemies":"Masked Bandits","floor":30,"turns":3},{"damage":17,"enemies":"Cultist and Chosen","floor":32,"turns":7},{"damage":6,"enemies":"Chosen and Byrds","floor":33,"turns":5},{"damage":47,"enemies":"hubris:MusketHawk","floor":35,"turns":7},{"damage":0,"enemies":"Orb Walker","floor":37,"turns":1},{"damage":67,"enemies":"3 Darklings","floor":38,"turns":8}],"seed_played":"-3034095754049874948","potions_obtained":[{"floor":10,"key":"Dexterity Potion"},{"floor":15,"key":"Adrenaline Potion"},{"floor":18,"key":"Adrenaline Potion"},{"floor":26,"key":"Adrenaline Potion"},{"floor":30,"key":"Guardian:BlockOnCardUsePotion"},{"floor":35,"key":"Reflective Coating"}],"is_trial":false,"path_per_floor":["M","M","?","$","?","E","R","?","T","M","E","PTL","PTL","M","M","$","R","B",null,"M","$","M","AVR","?","R","M","?","T","M","?","?","M","M","R","B",null,"M","M"],"character_chosen":"MARISA","items_purchased":["AsteroidBelt+1","StarBarrage","Guardian:Gem_Red","SporeBomb","ShootingEcho"],"campfire_rested":2,"item_purchase_floors":[4,4,16,21,21],"current_hp_per_floor":[75,69,69,69,69,57,57,57,57,70,62,62,62,62,63,75,75,28,75,73,75,35,35,35,57,28,28,28,25,43,43,44,56,75,46,57,57,0,0],"gold":230,"neow_bonus":"NOSTALGIA","is_daily":false,"chose_seed":false,"campfire_upgraded":2,"win_rate":0.0,"timestamp":1607759614,"path_taken":["M","M","?","$","?","E","R","?","T","M","E","PTL","PTL","?","M","$","R","BOSS","M","$","M","AVR","?","R","M","?","T","?","?","?","M","M","R","BOSS","M","M"],"items_purchased_type":["Card","Card","Card","Card","Card"],"build_version":"2020-11-30","purchased_purges":1,"victory":false,"max_hp_per_floor":[75,75,75,75,75,75,75,75,75,75,75,75,75,75,75,75,75,75,75,75,75,75,75,75,75,75,75,75,75,75,75,75,75,75,75,57,57,57,57],"card_choices":[{"not_picked":["OortCloud","UnstableBomb"],"picked":"LuminesStrike","floor":1},{"not_picked":["GrandCross","6A"],"picked":"RefractionSpark","floor":2},{"not_picked":["AsteroidBelt","ShootingEcho"],"picked":"EarthLightRay","floor":6},{"not_picked":["OortCloud","Guardian:GuardianWhirl"],"picked":"Acceleration","floor":10},{"not_picked":["BlazingStar","SuperNova"],"picked":"StarBarrage","floor":11},{"not_picked":["StarlightTyphoon","Body Slam"],"picked":"Flex","floor":15},{"not_picked":["BlazingStar","MaximisePower"],"picked":"StarDustReverie","floor":18},{"not_picked":["LuminesStrike+1","ChargeUpSpray"],"picked":"IllusionStar+1","floor":20},{"not_picked":["SuperNova","NonDirectionalLaser"],"picked":"ChargingUp","floor":22},{"not_picked":["ChargingUp","Acceleration"],"picked":"DarkMatter+1","floor":26},{"not_picked":["UnstableBomb","SporeBomb"],"picked":"GrandCross","floor":29},{"not_picked":["GalacticHalo","ManaConvection"],"picked":"Acceleration","floor":30},{"not_picked":["UnstableBomb+1","AsteroidBelt+1"],"picked":"WitchLeyline+1","floor":32},{"not_picked":["MysteriousBeam","OortCloud"],"picked":"PowerUp","floor":33},{"not_picked":["ManaRampage","UltimateShortwave"],"picked":"BinaryStars","floor":35},{"not_picked":["IllusionStar+1","LuminesStrike"],"picked":"PropBag+1","floor":37}],"player_experience":86904,"relics_obtained":[{"floor":1,"key":"LetterFromLob"},{"floor":6,"key":"aspiration:SeaSaltIceCream"},{"floor":9,"key":"MealTicket"},{"floor":11,"key":"Whetstone"},{"floor":28,"key":"hubris:PeanutButter"},{"floor":30,"key":"Red Mask"}],"event_choices":[{"damage_healed":0,"gold_gain":0,"player_choice":"Forge","damage_taken":0,"max_hp_gain":0,"max_hp_loss":0,"event_name":"Accursed Blacksmith","floor":8,"gold_loss":0,"cards_upgraded":["StarBarrage"]},{"damage_healed":0,"gold_gain":0,"player_choice":"Leave","damage_taken":0,"max_hp_gain":0,"max_hp_loss":0,"event_name":"conspire:Investor","floor":24,"gold_loss":0},{"damage_healed":0,"gold_gain":0,"player_choice":"Opened","damage_taken":0,"relics_obtained":["hubris:FunFungus"],"max_hp_gain":0,"max_hp_loss":0,"event_name":"The Mausoleum","floor":27,"gold_loss":0},{"damage_healed":0,"gold_gain":0,"player_choice":"Fought Bandits","damage_taken":0,"max_hp_gain":0,"max_hp_loss":0,"event_name":"Masked Bandits","floor":30,"gold_loss":0},{"damage_healed":0,"gold_gain":0,"player_choice":"Read","damage_taken":0,"max_hp_gain":0,"max_hp_loss":0,"event_name":"The Library","floor":31,"gold_loss":0,"cards_obtained":["HollowMod:SharpenedNail"]}],"is_beta":false,"boss_relics":[{"not_picked":["construct:ClawGrip","ReplayTheSpireMod:DimensionalGlitch"],"picked":"Runic Pyramid"},{"not_picked":["hubris:TerracottaHorce","hubris:BlackHole"],"picked":"Replay:Drink Me"}],"items_purged_floors":[21],"is_endless":false,"potions_floor_spawned":[10,15,18,26,30,35],"killed_by":"3 Darklings","ascension_level":0}}