{"host":"81h68oe4mr04pk3r","time":1607754850,"event":{"mods":["Act Like it!","Aspiration","BaseMod","BetterRewards","Colored Map","Colored Powertips","Conspire","Downfall","Hermit","Hubris","Infinite Spire","Jorbs\u0027s Wanderer Trilogy","Koishi","Lobotomy","LobotomyExtend","Marisa????????","Minty Spire (QoL Compilation)","Quick Restart","Reimu??????","Remilia??????","Replay The Spire","StSLib","The Bug Knight","The Construct","The Cursed","The Disciple","The Servant 0.9.4"],"gold_per_floor":[111,111,129,140,342,369,369,381,381,381,381,33,33,50,50,158,158,173,194,212,212,212,209,209],"floor_reached":23,"playtime":1244,"items_purged":["hubris:Despair"],"score":190,"play_id":"0eccd9a8-4ed1-4a53-8938-01ce8a9d6093","local_time":"20201211223410","is_ascension_mode":false,"campfire_choices":[{"floor":7,"key":"REST"},{"floor":11,"key":"DIG"},{"floor":15,"key":"REST"}],"circlet_count":0,"master_deck":["Strike_MRS","Strike_MRS","Strike_MRS","Strike_MRS","Defend_MRS","Defend_MRS","Defend_MRS","Defend_MRS","UpSweep","ShootingEcho","MysteriousBeam","SporeBomb","DarkMatter","AsteroidBelt","MilkyWay+1","StarlightTyphoon","Robbery","DoubleSpark","JA","hubris:DuctTapeCard","hubris:Wrath","DoubleSpark","DarkMatter"],"relics":["MiniHakkero","infinitespire:Cupcake","aspiration:SecretTechniqueScroll","LetterFromLob","hubris:Towel","Torii","Shovel","YidongShenshe:ReiMu","Replay:Towering Pillar of Hats","HollowMod:PaleOreRelic","Spirit Poop","Replay:Ancient Bell","hubris:SlimyHat","hubris:DuctTape","Replay:Multitool","WingedGreaves","Molten Egg 2"],"acts_visited":["Exordium","TheCity"],"potions_floor_usage":[6],"damage_taken":[{"damage":0,"enemies":"Cultist","floor":1,"turns":3},{"damage":12,"enemies":"2 Louse","floor":3,"turns":2},{"damage":10,"enemies":"Small Slimes","floor":4,"turns":3},{"damage":19,"enemies":"Lagavulin","floor":6,"turns":4},{"damage":21,"enemies":"2 Fungi Beasts","floor":8,"turns":3},{"damage":0,"enemies":"3 Louse","floor":14,"turns":2},{"damage":19,"enemies":"Hexaghost","floor":16,"turns":6},{"damage":1,"enemies":"Chosen","floor":18,"turns":3},{"damage":30,"enemies":"2 Thieves","floor":19,"turns":4},{"damage":9,"enemies":"Snecko","floor":20,"turns":3},{"damage":158,"enemies":"HollowMod:Nosk","floor":23,"turns":4}],"seed_played":"8425515284155666857","potions_obtained":[{"floor":4,"key":"SteroidPotion"},{"floor":14,"key":"Reflective Coating"}],"is_trial":false,"path_per_floor":["M","?","M","M","?","E","R","M","T","?","R","$","?","M","R","B",null,"M","M","M","AVR","T","E"],"character_chosen":"MARISA","items_purchased":["MilkyWay+1","StarlightTyphoon","Robbery","HollowMod:PaleOreRelic"],"campfire_rested":2,"item_purchase_floors":[12,12,12,12],"current_hp_per_floor":[75,75,63,53,35,16,38,17,17,17,17,17,17,17,39,20,75,74,44,35,35,35,0,0],"gold":209,"neow_bonus":"DOUBLE_BOSS_RELIC","is_daily":false,"chose_seed":false,"campfire_upgraded":0,"win_rate":0.0,"timestamp":1607754850,"path_taken":["M","?","M","M","?","E","R","M","T","?","R","$","?","M","R","BOSS","M","M","M","AVR","?","E"],"items_purchased_type":["Card","Card","Card","Relic"],"build_version":"2020-11-30","purchased_purges":1,"victory":false,"max_hp_per_floor":[75,75,75,75,75,75,75,75,75,75,75,75,75,75,75,75,75,75,75,75,75,75,75,75],"card_choices":[{"not_picked":["DragonMeteor","WitchOfGreed"],"picked":"RefractionSpark","floor":1},{"not_picked":["6A","GravityBeat"],"picked":"ShootingEcho","floor":3},{"not_picked":["Acceleration","MilkyWay"],"picked":"MysteriousBeam","floor":4},{"not_picked":["Acceleration","GravityBeat"],"picked":"SporeBomb","floor":5},{"not_picked":["WitchOfGreed","SprinkleStarSeal"],"picked":"DarkMatter","floor":6},{"not_picked":["UnstableBomb","BigCrunch"],"picked":"AsteroidBelt","floor":8},{"not_picked":["SprinkleStarSeal","ShootingEcho"],"picked":"DoubleSpark","floor":14},{"not_picked":["FinalSpark","MaximisePower"],"picked":"JA","floor":16},{"not_picked":["infinitespire:Pacifist","Looming Evil"],"picked":"hubris:Wrath","floor":17},{"not_picked":["SwitchConfidence","infinitespire:Pacifist"],"picked":"ReplayTheSpireMod:Doomed","floor":17},{"not_picked":["Replay:Sluggish","hexamod:Haunted"],"picked":"hubris:Despair","floor":17},{"not_picked":["ShootingEcho","UnstableBomb"],"picked":"DoubleSpark","floor":18},{"not_picked":["Acceleration","SporeBomb+1"],"picked":"DarkMatter","floor":19},{"not_picked":["GravityBeat","UnstableBomb+1","Robbery+1"],"picked":"SKIP","floor":20}],"player_experience":86904,"relics_obtained":[{"floor":1,"key":"LetterFromLob"},{"floor":6,"key":"Torii"},{"floor":9,"key":"Shovel"},{"floor":11,"key":"Replay:Towering Pillar of Hats"},{"floor":22,"key":"Molten Egg 2"}],"event_choices":[{"damage_healed":0,"gold_gain":0,"player_choice":"Take Tiny Shrine away","damage_taken":0,"relics_obtained":["YidongShenshe:ReiMu"],"max_hp_gain":0,"max_hp_loss":0,"event_name":"yidonshenshe","floor":10,"gold_loss":0,"cards_obtained":["Poor:ReiMu"]},{"cards_removed":["Poor:ReiMu"],"damage_healed":0,"gold_gain":0,"player_choice":"Offered Curse","damage_taken":0,"relics_obtained":["Spirit Poop"],"max_hp_gain":0,"max_hp_loss":0,"event_name":"Bonfire Elementals","floor":13,"gold_loss":0}],"is_beta":false,"boss_relics":[{"not_picked":["aspiration:RitualDagger","aspiration:RunicSpoon"],"picked":"Replay:Ancient Bell"},{"not_picked":["Ancient Tea Set","RuthlessExorcism:ReiMu"],"picked":"hubris:SlimyHat"},{"not_picked":["hubris:MysteriousPyramids","Pear"],"picked":"hubris:DuctTape"},{"not_picked":["Replay:PocketPolymizer","hubris:Potato"],"picked":"Replay:Multitool"}],"items_purged_floors":[21],"is_endless":false,"potions_floor_spawned":[4,14],"killed_by":"HollowMod:Nosk","ascension_level":0}}