{"host":"3a1ypf1irl30q4k8","time":1607799499,"event":{"mods":["AchievementEnabler","BaseMod","Bestiary","Colored Map","Minty Spire (QoL Compilation)","Relic Stats"],"gold_per_floor":[118,133,133,30,305,340,340,366,413,448,623,623,648,659,659,761,761,773,226,226,272,272,272,272,297,297,297,42,62,62,76,76,172,172,184,184,201,221,24,24,24,24,24],"floor_reached":42,"playtime":2143,"items_purged":["Strike_B","Strike_B"],"score":740,"play_id":"26e5ece7-371e-4d6e-b783-88ccaa122874","local_time":"20201212185819","is_ascension_mode":true,"campfire_choices":[{"data":"Zap","floor":7,"key":"SMITH"},{"floor":12,"key":"REST"},{"data":"Steam","floor":15,"key":"SMITH"},{"floor":23,"key":"REST"},{"data":"Force Field","floor":27,"key":"SMITH"},{"data":"Strike_B","floor":32,"key":"PURGE"},{"data":"Strike_B","floor":40,"key":"PURGE"}],"circlet_count":0,"master_deck":["Defend_B","Defend_B","Defend_B","Zap+1","Dualcast","Steam","Sweeping Beam","Ball Lightning","Cold Snap","Regret","Coolheaded","Leap","Steam+1","Doubt","Biased Cognition","Coolheaded+1","Defragment","Capacitor","Self Repair","Genetic Algorithm","Self Repair","Pain","Force Field+1","Biased Cognition","Heatsinks","Recycle","Doom and Gloom","Echo Form","Hologram","BootSequence"],"relics":["Cracked Core","NeowsBlessing","Tiny Chest","Juzu Bracelet","Pantograph","Art of War","The Courier","Blue Candle","Nuclear Battery","Runic Capacitor","Toy Ornithopter","Anchor","WarpedTongs","Peace Pipe","Lantern","DollysMirror","Shuriken","Black Star","Lee\u0027s Waffle"],"acts_visited":["Exordium","TheCity","TheBeyond"],"potions_floor_usage":[8,16,16,18,25,41,42],"damage_taken":[{"damage":0,"enemies":"Small Slimes","floor":1,"turns":1},{"damage":0,"enemies":"2 Louse","floor":2,"turns":1},{"damage":0,"enemies":"3 Sentries","floor":6,"turns":1},{"damage":21,"enemies":"Lagavulin","floor":8,"turns":5},{"damage":17,"enemies":"Gremlin Nob","floor":10,"turns":4},{"damage":10,"enemies":"Lagavulin","floor":13,"turns":7},{"damage":0,"enemies":"Cultist","floor":14,"turns":3},{"damage":48,"enemies":"Hexaghost","floor":16,"turns":12},{"damage":8,"enemies":"2 Thieves","floor":18,"turns":4},{"damage":9,"enemies":"Slavers","floor":25,"turns":8},{"damage":8,"enemies":"Chosen","floor":29,"turns":6},{"damage":15,"enemies":"Shelled Parasite and Fungi","floor":31,"turns":6},{"damage":62,"enemies":"Collector","floor":33,"turns":11},{"damage":35,"enemies":"3 Darklings","floor":35,"turns":6},{"damage":37,"enemies":"3 Shapes","floor":37,"turns":4},{"damage":7,"enemies":"Maw","floor":38,"turns":7},{"damage":4,"enemies":"Reptomancer","floor":41,"turns":2},{"damage":106,"enemies":"2 Orb Walkers","floor":42,"turns":8}],"seed_played":"25538571531235829","potions_obtained":[{"floor":2,"key":"Strength Potion"},{"floor":10,"key":"Fruit Juice"},{"floor":14,"key":"BlessingOfTheForge"},{"floor":16,"key":"ColorlessPotion"},{"floor":18,"key":"Fire Potion"},{"floor":33,"key":"SmokeBomb"},{"floor":35,"key":"Weak Potion"}],"is_trial":false,"path_per_floor":["M","M","?","$","?","E","R","E","T","E","?","R","E","M","R","B",null,"M","$","?","T","?","R","?","E","T","R","$","M","T","M","R","B",null,"M","?","M","M","$","R","E","?"],"character_chosen":"DEFECT","items_purchased":["Ball Lightning","Cold Snap","Defragment","Capacitor","Self Repair","Runic Capacitor","Genetic Algorithm","Toy Ornithopter","DollysMirror","Heatsinks","Lee\u0027s Waffle","Hologram","BootSequence"],"campfire_rested":2,"item_purchase_floors":[4,4,19,19,19,19,19,19,28,28,39,39,39],"current_hp_per_floor":[68,68,61,61,61,61,61,40,40,23,23,45,35,35,35,17,64,56,56,41,41,41,66,66,79,79,79,79,85,85,84,84,37,73,66,66,36,50,92,92,92,0,0],"gold":24,"neow_bonus":"THREE_ENEMY_KILL","is_daily":false,"chose_seed":false,"campfire_upgraded":3,"win_rate":0.0,"timestamp":1607799499,"path_taken":["M","M","?","$","?","E","R","E","T","E","?","R","E","M","R","BOSS","M","$","?","?","?","R","?","E","T","R","?","M","?","M","R","BOSS","M","?","M","M","$","R","E","?"],"items_purchased_type":["Card","Card","Card","Card","Card","Relic","Card","Relic","Relic","Card","Relic","Card","Card"],"build_version":"2020-11-30","purchased_purges":2,"victory":false,"max_hp_per_floor":[75,75,75,75,75,75,75,75,75,75,75,75,75,75,75,80,80,80,80,85,85,85,85,85,85,85,85,85,85,85,85,85,85,85,85,85,85,85,92,92,92,92,92],"relic_stats":{"Lee\u0027s Waffle":42,"counters":[18,96],"Blue Candle":[25],"Juzu Bracelet":2,"WarpedTongs":[57],"Peace Pipe":2,"Shuriken":[2],"Pantograph":26,"Tiny Chest":2,"Art of War":[22],"Black Star":1,"obtain_stats":[{"Lantern":26,"Lee\u0027s Waffle":39,"NeowsBlessing":0,"Blue Candle":13,"The Courier":10,"Juzu Bracelet":6,"Runic Capacitor":19,"Nuclear Battery":17,"WarpedTongs":24,"Peace Pipe":25,"Anchor":21,"DollysMirror":28,"Shuriken":30,"Pantograph":8,"Tiny Chest":3,"Art of War":9,"Black Star":34,"Cracked Core":0,"Toy Ornithopter":19},{"Lantern":10,"Lee\u0027s Waffle":16,"NeowsBlessing":0,"Blue Candle":6,"The Courier":5,"Juzu Bracelet":3,"Runic Capacitor":9,"Nuclear Battery":8,"WarpedTongs":9,"Peace Pipe":10,"Anchor":9,"DollysMirror":10,"Shuriken":11,"Pantograph":4,"Tiny Chest":2,"Art of War":4,"Black Star":13,"Cracked Core":0,"Toy Ornithopter":9},{"Lantern":46,"Lee\u0027s Waffle":86,"NeowsBlessing":0,"Blue Candle":19,"The Courier":12,"Juzu Bracelet":3,"Runic Capacitor":38,"Nuclear Battery":34,"WarpedTongs":38,"Peace Pipe":46,"Anchor":38,"DollysMirror":46,"Shuriken":52,"Pantograph":8,"Tiny Chest":2,"Art of War":8,"Black Star":69,"Cracked Core":0,"Toy Ornithopter":38}],"Toy Ornithopter":14},"card_choices":[{"not_picked":["Streamline","Rebound"],"picked":"Steam","floor":1},{"not_picked":["Turbo","Rip and Tear"],"picked":"Sweeping Beam","floor":2},{"not_picked":["Core Surge","Skim"],"picked":"Coolheaded","floor":6},{"not_picked":["Go for the Eyes","Sweeping Beam"],"picked":"Leap","floor":8},{"not_picked":["Streamline","Barrage"],"picked":"Steam","floor":10},{"not_picked":["Rebound","Meteor Strike","Coolheaded"],"picked":"SKIP","floor":13},{"not_picked":["Hologram","Stack","Coolheaded"],"picked":"SKIP","floor":14},{"not_picked":["Multi-Cast","Echo Form"],"picked":"Biased Cognition","floor":16},{"not_picked":["Ball Lightning","Rebound+1"],"picked":"Coolheaded+1","floor":18},{"not_picked":["Darkness","Fusion"],"picked":"Force Field","floor":25},{"not_picked":["Leap","Stack"],"picked":"Recycle","floor":29},{"not_picked":["Gash","Reprogram+1"],"picked":"Doom and Gloom","floor":31},{"not_picked":["Machine Learning","Meteor Strike"],"picked":"Echo Form","floor":33},{"not_picked":["Streamline+1","Gash","Compile Driver"],"picked":"SKIP","floor":35},{"not_picked":["Aggregate+1","FTL+1","Gash+1"],"picked":"SKIP","floor":37},{"not_picked":["Sweeping Beam+1","Gash","Lockon"],"picked":"SKIP","floor":38}],"player_experience":826813,"relics_obtained":[{"floor":6,"key":"Juzu Bracelet"},{"floor":8,"key":"Pantograph"},{"floor":9,"key":"Art of War"},{"floor":10,"key":"The Courier"},{"floor":13,"key":"Blue Candle"},{"floor":21,"key":"Anchor"},{"floor":25,"key":"Peace Pipe"},{"floor":26,"key":"Lantern"},{"floor":30,"key":"Shuriken"}],"event_choices":[{"damage_healed":0,"gold_gain":0,"player_choice":"Success","damage_taken":7,"relics_obtained":["Tiny Chest"],"max_hp_gain":0,"max_hp_loss":0,"event_name":"Scrap Ooze","floor":3,"gold_loss":0},{"damage_healed":0,"gold_gain":275,"player_choice":"Desecrate","damage_taken":0,"max_hp_gain":0,"max_hp_loss":0,"event_name":"Golden Shrine","floor":5,"gold_loss":0,"cards_obtained":["Regret"]},{"damage_healed":0,"gold_gain":175,"player_choice":"AGREE","damage_taken":0,"max_hp_gain":0,"max_hp_loss":0,"event_name":"Liars Game","floor":11,"gold_loss":0,"cards_obtained":["Doubt"]},{"damage_healed":0,"gold_gain":0,"player_choice":"Shed Blood","damage_taken":20,"max_hp_gain":5,"max_hp_loss":0,"event_name":"Forgotten Altar","floor":20,"gold_loss":0},{"damage_healed":0,"gold_gain":0,"player_choice":"Copied","damage_taken":0,"max_hp_gain":0,"max_hp_loss":0,"event_name":"Duplicator","floor":22,"gold_loss":0,"cards_obtained":["Self Repair"]},{"damage_healed":0,"gold_gain":0,"player_choice":"Rummage","damage_taken":0,"relics_obtained":["WarpedTongs"],"max_hp_gain":0,"max_hp_loss":0,"event_name":"Accursed Blacksmith","floor":24,"gold_loss":0,"cards_obtained":["Pain"]},{"cards_removed":["Defend_B"],"damage_healed":0,"gold_gain":0,"player_choice":"Removed Skill","damage_taken":0,"max_hp_gain":0,"max_hp_loss":0,"event_name":"Falling","floor":36,"gold_loss":0},{"damage_healed":0,"gold_gain":0,"player_choice":"Fight","damage_taken":0,"max_hp_gain":0,"max_hp_loss":0,"event_name":"Mysterious Sphere","floor":42,"gold_loss":0}],"is_beta":false,"boss_relics":[{"not_picked":["Runic Dome","Philosopher\u0027s Stone"],"picked":"Nuclear Battery"},{"not_picked":["Sozu","Velvet Choker"],"picked":"Black Star"}],"items_purged_floors":[19,28],"is_endless":false,"potions_floor_spawned":[2,10,14,16,18,33,35],"killed_by":"2 Orb Walkers","ascension_level":8}}