{"host":"jm9833yuloeli2yd","time":1607803772,"event":{"mods":["AchievementEnabler","BaseMod","Better Altar","Better Match","Better Note","Better Sensory Stone","Better Skull","Better Vampires","Colored Map","Colored Powertips","DeckTracker","Minty Spire (QoL Compilation)","Permanent Neow","Quick Restart","Replay The Spire","StSLib","SuperFastMode"],"gold_per_floor":[109,109,129,143,158,158,183,197,222,240,240,269,283,283,283,283,283],"floor_reached":16,"playtime":568,"items_purged":[],"score":228,"play_id":"5669c85e-523d-4d01-86e9-a16c9bb9874a","local_time":"20201212150932","is_ascension_mode":true,"campfire_choices":[{"floor":6.0,"key":"REST"}],"circlet_count":0,"master_deck":["AscendersBane","Strike_B","Strike_B","Strike_B","Strike_B","Defend_B","Defend_B","Defend_B","Defend_B","Zap","Dualcast","ReplayGash","Defragment+1","Beam Cell","Sunder+1","Gash","Static Discharge","Go for the Eyes","Stack","Glacier","Ball Lightning","Gash","Panic Button"],"relics":["Cracked Core","Prayer Wheel","Potion Belt","Omamori","Akabeko","CultistMask"],"acts_visited":["Exordium"],"potions_floor_usage":[],"damage_taken":[{"damage":15.0,"enemies":"Small Slimes","floor":1.0,"turns":5.0},{"damage":7.0,"enemies":"Jaw Worm","floor":3.0,"turns":4.0},{"damage":11.0,"enemies":"2 Louse","floor":4.0,"turns":2.0},{"damage":10.0,"enemies":"Lots of Slimes","floor":5.0,"turns":3.0},{"damage":29.0,"enemies":"Gremlin Nob","floor":7.0,"turns":4.0},{"damage":1.0,"enemies":"Exordium Wildlife","floor":8.0,"turns":3.0},{"damage":10.0,"enemies":"Red Slaver","floor":10.0,"turns":4.0},{"damage":5,"enemies":"Replay:BlueRogue","floor":12,"turns":7},{"damage":0,"enemies":"2 Fungi Beasts","floor":13,"turns":2},{"damage":55,"enemies":"Fading Forest","floor":16,"turns":10}],"seed_played":"-9038104441421817325","potions_obtained":[{"floor":1.0,"key":"SkillPotion"},{"floor":4.0,"key":"FearPotion"},{"floor":7.0,"key":"EssenceOfSteel"},{"floor":8.0,"key":"FearPotion"},{"floor":13,"key":"Energy Potion"}],"is_trial":false,"path_per_floor":["M","?","M","M","M","R","E","M","T","M","?","E","M","?","R_BF","B"],"character_chosen":"DEFECT","items_purchased":[],"campfire_rested":1,"item_purchase_floors":[],"current_hp_per_floor":[49,49,42,31,21,42,13,12,12,2,19,14,14,14,35,0,0],"gold":283,"neow_bonus":"ONE_RANDOM_RARE_CARD","is_daily":false,"chose_seed":false,"campfire_upgraded":0,"win_rate":0.0,"timestamp":1607803772,"path_taken":["M","?","M","M","M","R","E","M","T","M","?","E","M","?","R_BF","BOSS"],"items_purchased_type":[],"build_version":"2020-11-30","purchased_purges":0,"victory":false,"max_hp_per_floor":[71,71,71,71,71,71,71,71,71,71,71,71,71,71,71,71,71],"card_choices":[{"not_picked":["Hologram","Conserve Battery"],"picked":"ReplayGash","floor":1.0},{"not_picked":["Coolheaded","Self Repair"],"picked":"Defragment","floor":1.0},{"not_picked":["Coolheaded","Leap"],"picked":"Beam Cell","floor":3.0},{"not_picked":["Blizzard","Lockon","Stack"],"picked":"SKIP","floor":3.0},{"not_picked":["Leap","Panic Button"],"picked":"Sunder","floor":4.0},{"not_picked":["FIFO Queue","Leap"],"picked":"Gash","floor":4.0},{"not_picked":["ReplaySolidLightProjector","Turbo"],"picked":"Static Discharge","floor":5.0},{"not_picked":["Hello World","ReplayTheSpireMod:Fabricate Wheel"],"picked":"Go for the Eyes","floor":5.0},{"not_picked":["Barrage","Steam Power"],"picked":"Stack","floor":7.0},{"not_picked":["Go for the Eyes","Rip and Tear"],"picked":"Glacier","floor":8.0},{"not_picked":["Force Field","Static Discharge","ReplayTheSpireMod:Repulse"],"picked":"SKIP","floor":8.0},{"not_picked":["Beam Cell","Stack"],"picked":"Ball Lightning","floor":10.0},{"not_picked":["Stack","Steam"],"picked":"Gash","floor":10.0},{"not_picked":["Coolheaded","ReplayTheSpireMod:System Scan","ReplayTheSpireMod:GoodbyeWorld"],"picked":"SKIP","floor":12},{"not_picked":["Go for the Eyes","Leap"],"picked":"Panic Button","floor":13},{"not_picked":["ReplayTheSpireMod:GoodbyeWorld","Reprogram","Darkness"],"picked":"SKIP","floor":13}],"player_experience":1036691,"relics_obtained":[{"floor":7.0,"key":"Potion Belt"},{"floor":9.0,"key":"Omamori"},{"floor":12,"key":"Akabeko"}],"event_choices":[{"damage_healed":0.0,"max_hp_gain":0.0,"max_hp_loss":0.0,"gold_gain":0.0,"event_name":"Living Wall","player_choice":"Grow","floor":2.0,"gold_loss":0.0,"damage_taken":0.0,"cards_upgraded":["Defragment"]},{"damage_healed":17.0,"max_hp_gain":0.0,"max_hp_loss":0.0,"gold_gain":0.0,"event_name":"Mushrooms","player_choice":"Healed and dodged fight","floor":11.0,"gold_loss":0.0,"damage_taken":0.0,"cards_obtained":["Parasite"]},{"damage_healed":0,"gold_gain":0,"player_choice":"Trade","damage_taken":0,"relics_obtained":["CultistMask"],"max_hp_gain":0,"max_hp_loss":0,"event_name":"FaceTrader","floor":14,"gold_loss":0}],"is_beta":false,"boss_relics":[],"items_purged_floors":[],"is_endless":false,"potions_floor_spawned":[1,4,7,8,13],"killed_by":"Fading Forest","ascension_level":20}}