{"host":"swfi5d1pbdyvl8hq","time":1607772187,"event":{"mods":["Act Like it!","BaseMod","Minty Spire (QoL Compilation)","MostiFishMod","Replay The Spire","Robot Space Explorer","StSLib","vexMod"],"gold_per_floor":[118,118,118,131,149,175,192,192,215,265,280,35,49,61,61,160,160,173,272,292,267,195,195,225,245,296,316,316,327,135,155,155,252,918,931,931,931,592,592,625,635,635,635,354,354,372,372,391,666,666,666,666,182,217,217],"floor_reached":56,"playtime":2451,"items_purged":["Voices","Amnesia","ReplayTheSpireMod:Splinters","Shame","Amnesia"],"score":1524,"play_id":"f1dd3f24-f75a-4a61-8f8d-8dd946c1b17d","local_time":"20201212192306","is_ascension_mode":false,"campfire_choices":[{"floor":8,"key":"RECALL"},{"data":"RobotSpaceExplorer:Asteroid","floor":15,"key":"SMITH"},{"data":"Flex","floor":23,"key":"SMITH"},{"data":"MostiFishMod:WinterMarkForm","floor":32,"key":"SMITH"},{"data":"RobotSpaceExplorer:LaserBurst","floor":42,"key":"SMITH"},{"data":"Prepared","floor":52,"key":"SMITH"}],"circlet_count":0,"master_deck":["RobotSpaceExplorer:Strike","RobotSpaceExplorer:Strike","RobotSpaceExplorer:Strike","RobotSpaceExplorer:Defend","RobotSpaceExplorer:Defend","RobotSpaceExplorer:Defend","RobotSpaceExplorer:Scan","RobotSpaceExplorer:MiniLasers+1","MostiFishMod:FrostNova","MostiFishMod:WinterMarkForm+1","RobotSpaceExplorer:FranticSearch","ReplaySort","Dramatic Entrance+1","Deep Breath","Flex+1","RobotSpaceExplorer:Asteroid+1","RobotSpaceExplorer:ScrapToss+1","RobotSpaceExplorer:ScrapMissile","Prepared+1","Voices","MostiFishMod:Overload","CommonCold","Injury","Writhe","Adrenaline+1","ReplayTheSpireMod:Uncanny Aura+1","Prepared+1","Necronomicurse","Sickly","Crescendo+1","Master of Strategy+1","Pain","Regret","MostiFishMod:JungleRules+1","ReplayTheSpireMod:Private Reserves+1","RobotSpaceExplorer:DoubleFind+1","RobotSpaceExplorer:LaserBurst+1","MostiFishMod:Overload+1","RobotSpaceExplorer:Ammunition+1","Flex+1","RobotSpaceExplorer:Asteroid+1","RobotSpaceExplorer:DoubleFind+1","Regret","Sickly","Writhe","MostiFishMod:SparklingWater+1","Omniscience+1"],"relics":["RobotSpaceExplorer:TurboCore","DaveBox","FrostBlade","NeowsBlessing","Question Card","PrismaticShard","Pen Nib","Ring of Misfortune","Ring of Greed","Smiling Mask","Blue Doll","ImportantClient","Replay:Ancient Bell","Boot","Toxic Egg 2","Replay:Kaleidoscope","Tiny Chest","Bag of Preparation","vexMod:MemoryStick","Necronomicon","Replay:Grab Bag","Coffee Dripper","vexMod:RockOfEvil","TakeMeEscape","Garlic","Replay:Wax Seal","DollysMirror","ReplayTheSpireMod:TigerMarble","Eternal Feather","RobotSpaceExplorer:ClockworkSextant","vexMod:PaidLearning","Bottled Lightning","vexMod:BarristanHead"],"acts_visited":["Exordium","TheCity","TheBeyond","TheEnding"],"potions_floor_usage":[6,7,11,16,16,29,50,55],"damage_taken":[{"damage":0,"enemies":"Jaw Worm","floor":1,"turns":1},{"damage":0,"enemies":"Small Slimes","floor":4,"turns":1},{"damage":0,"enemies":"Cultist","floor":5,"turns":1},{"damage":0,"enemies":"Lagavulin","floor":6,"turns":2},{"damage":0,"enemies":"3 Louse","floor":7,"turns":1},{"damage":0,"enemies":"2 Fungi Beasts","floor":11,"turns":2},{"damage":0,"enemies":"Large Slime","floor":13,"turns":2},{"damage":0,"enemies":"3 Louse","floor":14,"turns":1},{"damage":0,"enemies":"Slime Boss","floor":16,"turns":1},{"damage":0,"enemies":"Shell Parasite","floor":18,"turns":2},{"damage":0,"enemies":"Chosen","floor":20,"turns":1},{"damage":0,"enemies":"Book of Stabbing","floor":24,"turns":4},{"damage":0,"enemies":"Sentry and Sphere","floor":25,"turns":1},{"damage":0,"enemies":"Snake Plant","floor":27,"turns":1},{"damage":0,"enemies":"Snecko","floor":29,"turns":3},{"damage":0,"enemies":"Shelled Parasite and Fungi","floor":31,"turns":2},{"damage":0,"enemies":"Champ","floor":33,"turns":2},{"damage":0,"enemies":"Orb Walker","floor":35,"turns":1},{"damage":0,"enemies":"Giant Head","floor":40,"turns":2},{"damage":0,"enemies":"3 Shapes","floor":41,"turns":1},{"damage":0,"enemies":"Maw","floor":46,"turns":1},{"damage":0,"enemies":"Jaw Worm Horde","floor":48,"turns":1},{"damage":0,"enemies":"Replay:Hell Engine","floor":50,"turns":1},{"damage":0,"enemies":"Shield and Spear","floor":54,"turns":2},{"damage":0,"enemies":"The Heart","floor":55,"turns":3}],"seed_played":"3422847306749289719","potions_obtained":[{"floor":4,"key":"FearPotion"},{"floor":5,"key":"Explosive Potion"},{"floor":7,"key":"FearPotion"},{"floor":11,"key":"Fruit Juice"},{"floor":13,"key":"Strength Potion"},{"floor":27,"key":"RobotSpaceExplorer:LiquidFusion"},{"floor":31,"key":"Elixir"},{"floor":33,"key":"Fire Potion"},{"floor":46,"key":"RobotSpaceExplorer:RecyclePotion"},{"floor":48,"key":"Swift Potion"},{"floor":54,"key":"DistilledChaos"}],"is_trial":false,"path_per_floor":["M","?","?","M","M","E","M","R","T","?","M","$","M","M","R","B",null,"M","?","M","?","?","R","E","M","T","M","?","M","$","M","R","B",null,"M","?","T","$","?","E","M","R","T","$","?","M","?","M","R","B",null,"R","$","E","B",null],"character_chosen":"RobotSpaceExplorer","items_purchased":["RobotSpaceExplorer:Asteroid","RobotSpaceExplorer:ScrapToss+1","Master of Strategy+1","Replay:Wax Seal","RobotSpaceExplorer:DoubleFind+1","RobotSpaceExplorer:LaserBurst","DollysMirror","RobotSpaceExplorer:Ammunition+1","RobotSpaceExplorer:ClockworkSextant","vexMod:PaidLearning","Bottled Lightning","MostiFishMod:SparklingWater+1","Flashbang"],"campfire_rested":0,"item_purchase_floors":[12,12,30,38,38,38,38,38,44,44,53,53,53],"current_hp_per_floor":[75,75,75,75,75,75,75,75,75,75,80,80,80,80,80,80,80,80,80,80,80,80,80,80,80,80,80,64,64,64,64,64,64,80,80,75,75,75,75,75,75,75,75,75,75,75,75,75,76,76,76,76,76,76,76],"gold":217,"neow_bonus":"THREE_ENEMY_KILL","is_daily":false,"chose_seed":false,"campfire_upgraded":5,"win_rate":0.0,"timestamp":1607772186,"path_taken":["M","?","?","?","M","E","M","R","T","?","M","$","M","M","R","BOSS","M","?","M","?","?","R","E","M","T","?","?","M","$","M","R","BOSS","M","?","?","$","?","E","M","R","T","$","?","M","?","M","R","BOSS","R","$","E","BOSS"],"items_purchased_type":["Card","Card","Card","Relic","Card","Card","Relic","Card","Relic","Relic","Relic","Card","Potion"],"build_version":"2020-11-30","purchased_purges":5,"victory":true,"max_hp_per_floor":[75,75,75,75,75,75,75,75,75,75,80,80,80,80,80,80,80,80,80,80,80,80,80,80,80,80,80,80,80,80,80,80,80,80,80,80,80,80,76,76,76,76,76,76,76,76,76,76,76,76,76,76,76,76,76],"card_choices":[{"not_picked":["RobotSpaceExplorer:MiniDrones","RobotSpaceExplorer:Pulsar"],"picked":"RobotSpaceExplorer:FranticSearch","floor":1},{"not_picked":["True Grit","Turbo","RobotSpaceExplorer:ImprovisedAttack"],"picked":"ReplaySort","floor":4},{"not_picked":["Hemokinesis","CutThroughFate","ReplayTheSpireMod:Muscle Training"],"picked":"Dramatic Entrance","floor":5},{"not_picked":["Meditate","Fasting2","Choke","Metallicize"],"picked":"SKIP","floor":6},{"not_picked":["Steam","Toxin Wave","Rage"],"picked":"Deep Breath","floor":7},{"not_picked":["Survey Options","Eviscerate","LikeWater"],"picked":"Flex","floor":11},{"not_picked":["Replay:Poison Smokescreen","Evolve","Replay:ManipulateFuture"],"picked":"RobotSpaceExplorer:ScrapMissile","floor":13},{"not_picked":["JustLucky","BasicCrystalCard","Rebound"],"picked":"Prepared","floor":14},{"not_picked":["MostiFishMod:MusicBox","Chrysalis","MostiFishMod:404NotFound"],"picked":"MostiFishMod:Overload","floor":16},{"not_picked":["Sickly","Spreading Infection","Overencumbered"],"picked":"CommonCold","floor":17},{"not_picked":["Regret","Overencumbered","Looming Evil"],"picked":"Injury","floor":17},{"not_picked":["Decay","Regret","Languid"],"picked":"Writhe","floor":17},{"not_picked":["Halt+1","Defy Death+1","ReplayGash+1","Headbutt"],"picked":"SKIP","floor":18},{"not_picked":["CutThroughFate","RobotSpaceExplorer:Counterblock+1","Envenom","RobotSpaceExplorer:Electroshield+1"],"picked":"SKIP","floor":20},{"not_picked":["Consecrate","RobotSpaceExplorer:JunkDive+1","Rebound"],"picked":"Adrenaline+1","floor":24},{"not_picked":["CarveReality+1","RobotSpaceExplorer:FreezingShield+1","JustLucky"],"picked":"ReplayTheSpireMod:Uncanny Aura+1","floor":25},{"not_picked":["Nirvana+1","RobotSpaceExplorer:ScrapMissile","FlurryOfBlows"],"picked":"Prepared+1","floor":27},{"not_picked":["ReplayTheSpireMod:Brewmster","Defy Death+1","Poisoned Stab"],"picked":"Crescendo+1","floor":29},{"not_picked":["RobotSpaceExplorer:FrostMissile","Turbo+1","ReplaySolidLightProjector+1","FlyingSleeves"],"picked":"SKIP","floor":31},{"not_picked":["Crystallizer","ReplayTheSpireMod:Strike From Hell+1","Finesse+1","Endless Agony"],"picked":"SKIP","floor":35},{"not_picked":["Replay:Bootleg Shield Generator+1","Good Instincts+1","MostiFishMod:TheEndOfMoonlight"],"picked":"MostiFishMod:JungleRules+1","floor":36},{"not_picked":["Deep Breath+1","Purity+1","Replay:Sssssssssshield+1"],"picked":"ReplayTheSpireMod:Private Reserves+1","floor":36},{"not_picked":["RobotSpaceExplorer:SwiftStep+1","RobotSpaceExplorer:ShockKick","ReplayTheSpireMod:GoodbyeWorld","Poisoned Stab"],"picked":"SKIP","floor":40},{"not_picked":["Rebound","PiercingWail+1","Eviscerate","Clash"],"picked":"SKIP","floor":41},{"not_picked":["RobotSpaceExplorer:SurgingStrike","EmptyFist","Hologram+1"],"picked":"Flex+1","floor":46},{"not_picked":["CutThroughFate","Flash of Steel","Dagger Throw"],"picked":"RobotSpaceExplorer:DoubleFind+1","floor":48},{"not_picked":["RobotSpaceExplorer:SurgingStrike","Body Slam+1","Armaments+1"],"picked":"Omniscience+1","floor":54}],"player_experience":530213,"relics_obtained":[{"floor":1,"key":"Question Card"},{"floor":6,"key":"Pen Nib"},{"floor":10,"key":"Ring of Misfortune"},{"floor":10,"key":"Ring of Greed"},{"floor":10,"key":"Smiling Mask"},{"floor":10,"key":"Blue Doll"},{"floor":16,"key":"ImportantClient"},{"floor":24,"key":"Bag of Preparation"},{"floor":26,"key":"vexMod:MemoryStick"},{"floor":28,"key":"Necronomicon"},{"floor":37,"key":"Garlic"},{"floor":40,"key":"ReplayTheSpireMod:TigerMarble"},{"floor":43,"key":"Eternal Feather"},{"floor":54,"key":"vexMod:BarristanHead"}],"event_choices":[{"cards_removed":["RobotSpaceExplorer:Defend"],"damage_healed":0,"gold_gain":0,"player_choice":"Forget","damage_taken":0,"max_hp_gain":0,"max_hp_loss":0,"event_name":"Living Wall","floor":3,"gold_loss":0},{"damage_healed":0,"gold_gain":99,"player_choice":"Stole From Cult","damage_taken":0,"max_hp_gain":0,"max_hp_loss":0,"event_name":"Nest","floor":19,"gold_loss":0},{"damage_healed":0,"gold_gain":0,"player_choice":"Paid Gold","damage_taken":0,"relics_obtained":["Tiny Chest"],"max_hp_gain":0,"max_hp_loss":0,"event_name":"WeMeetAgain","floor":22,"gold_loss":72},{"damage_healed":0,"gold_gain":0,"player_choice":"Obtained Book","damage_taken":16,"max_hp_gain":0,"max_hp_loss":0,"event_name":"Cursed Tome","floor":28,"gold_loss":0},{"damage_healed":0,"gold_gain":0,"player_choice":"Memory 2","damage_taken":5,"max_hp_gain":0,"max_hp_loss":0,"event_name":"SensoryStone","floor":36,"gold_loss":0},{"damage_healed":0,"gold_gain":0,"player_choice":"Max HP","damage_taken":0,"max_hp_gain":0,"max_hp_loss":4,"event_name":"Winding Halls","floor":39,"gold_loss":0},{"cards_removed":["RobotSpaceExplorer:Strike"],"damage_healed":0,"gold_gain":0,"player_choice":"Removed Attack","damage_taken":0,"max_hp_gain":0,"max_hp_loss":0,"event_name":"Falling","floor":45,"gold_loss":0},{"damage_healed":0,"gold_gain":0,"player_choice":"Copied","damage_taken":0,"max_hp_gain":0,"max_hp_loss":0,"event_name":"Duplicator","floor":47,"gold_loss":0,"cards_obtained":["RobotSpaceExplorer:Asteroid"]},{"damage_healed":0,"gold_gain":275,"player_choice":"Desecrate","damage_taken":0,"max_hp_gain":0,"max_hp_loss":0,"event_name":"Golden Shrine","floor":49,"gold_loss":0,"cards_obtained":["Regret"]}],"is_beta":false,"boss_relics":[{"not_picked":["Runic Dome","SacredBark"],"picked":"Replay:Ancient Bell"},{"not_picked":["Strawberry","Blood Vial"],"picked":"Boot"},{"not_picked":["Blue Candle","Replay:Bottled Flurry"],"picked":"Toxic Egg 2"},{"not_picked":["StoneCalendar","Turnip"],"picked":"Replay:Kaleidoscope"},{"not_picked":["Painkiller Herb","HaiYi:Twilight"],"picked":"Replay:Grab Bag"},{"not_picked":["vexMod:DeviousBotling","Velvet Choker"],"picked":"Coffee Dripper"},{"not_picked":["Busted Crown","vexMod:CursedCompass"],"picked":"vexMod:RockOfEvil"},{"not_picked":["RobotSpaceExplorer:Reprocessor","Astrolabe"],"picked":"RobotSpaceExplorer:TurboCore"},{"not_picked":["FixedStarFall","Honey Jar"],"picked":"TakeMeEscape"}],"items_purged_floors":[12,30,38,44,53],"is_endless":false,"potions_floor_spawned":[4,5,7,11,13,27,31,33,46,48,54],"ascension_level":0}}