{"host":"kx62hxkutszy5nb0","time":1607772734,"event":{"mods":["2.2 Compatiblity","AchievementEnabler","Aspiration","BaseMod","Better Altar","Better Match","Better Note","Better Sensory Stone","Better Skull","Better Third Choice","Better Vampires","CCEM","Colored Map","Colored Powertips","Conspire","Custom Start","Defuse TimeMaze Blight","Displayed Cursed Tome","Downfall","Fiend Mod","Hermit","Hubris","Infinite Spire","Jorbs\u0027s Wanderer Trilogy","Koishi","Marked Mod","Minty Spire (QoL Compilation)","Prisma Mod","Relic Sorter","Relic Stats","Replay The Spire","Shade Mod","Shop Mod","Spikes Relics","StSLib","Td1madao Mod","The Alterego","The Bladedancer","The Construct","The Cursed","The Exalted","The Forsaken","The Hierophant","The Judge","The Jungle","The Trickster","TheSwordswoman","TheWitcher","Virulent Crown","everything is the same but u backflip on backflip"],"gold_per_floor":[115,131,131,131,85,85,114,114,142,142],"floor_reached":10,"playtime":244,"items_purged":[],"score":99,"play_id":"4831597c-0157-4f45-9a0a-7a524da5a516","local_time":"20201212213214","is_ascension_mode":false,"campfire_choices":[{"floor":6,"key":"REST"}],"circlet_count":0,"master_deck":["Fiend:FiendDemonSlash","Fiend:FiendDemonSlash","Fiend:FiendDemonSlash","Fiend:FiendDemonSlash","Fiend:FiendDemonSlash","Fiend:FiendFortify","Fiend:FiendFortify","Fiend:FiendFortify","Fiend:FiendFortify","Fiend:FiendConsume","Fiend:FiendDemonicContract","Fiend:FiendHarden","Replay:Fractal Strike","Fiend:FiendSalvage","Fiend:FiendDemonWhip"],"relics":["Fiend:FiendTotem","NeowsBlessing","CCEMRelics:PorcelainBowl","hubris:Teleporter","aspiration:AnachronicSnailShell","hubris:Potato"],"acts_visited":["Exordium"],"potions_floor_usage":[10],"damage_taken":[{"damage":0,"enemies":"2 Louse","floor":1,"turns":2},{"damage":0,"enemies":"Small Slimes","floor":2,"turns":1},{"damage":0,"enemies":"Lagavulin","floor":7,"turns":1},{"damage":19,"enemies":"Replay:BlueRogue","floor":10,"turns":5}],"seed_played":"-6627399136242837791","potions_obtained":[{"floor":7,"key":"Fire Potion"}],"is_trial":false,"path_per_floor":["M","M","?","?","$","R","E","T","E"],"character_chosen":"THE_FIEND","items_purchased":["Fiend:FiendSalvage"],"campfire_rested":1,"item_purchase_floors":[5],"current_hp_per_floor":[70,70,53,35,35,56,56,56,42,42],"gold":142,"neow_bonus":"THREE_ENEMY_KILL","is_daily":false,"chose_seed":false,"campfire_upgraded":0,"win_rate":0.0,"timestamp":1607772734,"path_taken":["M","M","?","?","?","R","E","T","E"],"items_purchased_type":["Card"],"build_version":"2020-11-30","purchased_purges":0,"victory":false,"max_hp_per_floor":[70,70,70,70,70,70,70,70,71,71],"relic_stats":{"counters":[4,9],"obtain_stats":[{"CCEMRelics:PorcelainBowl":4,"hubris:Teleporter":7,"NeowsBlessing":0,"aspiration:AnachronicSnailShell":9,"Fiend:FiendTotem":0,"hubris:Potato":10},{"CCEMRelics:PorcelainBowl":2,"hubris:Teleporter":3,"NeowsBlessing":0,"aspiration:AnachronicSnailShell":3,"Fiend:FiendTotem":0,"hubris:Potato":4},{"CCEMRelics:PorcelainBowl":3,"hubris:Teleporter":4,"NeowsBlessing":0,"aspiration:AnachronicSnailShell":4,"Fiend:FiendTotem":0,"hubris:Potato":9}]},"card_choices":[{"not_picked":["Fiend:FiendHarden","Fiend:FiendMeditate"],"picked":"Fiend:FiendDemonicContract","floor":1},{"not_picked":["Fiend:FiendFlay","Fiend:FiendCurse"],"picked":"Fiend:FiendHarden","floor":2},{"not_picked":["ReplayTheSpireMod:Chaos Vortex","infinitespire:FinalStrike"],"picked":"Replay:Fractal Strike","floor":3},{"not_picked":["Fiend:FiendAbomination","Fiend:FiendRadiation"],"picked":"Fiend:FiendDemonWhip","floor":7}],"player_experience":739072,"relics_obtained":[{"floor":7,"key":"hubris:Teleporter"},{"floor":9,"key":"aspiration:AnachronicSnailShell"},{"floor":10,"key":"hubris:Potato"}],"event_choices":[{"damage_healed":0,"gold_gain":0,"player_choice":"Relic ","damage_taken":18,"max_hp_gain":0,"max_hp_loss":0,"event_name":"betterThird:BetterScrap","floor":4,"gold_loss":0,"cards_obtained":["ReplayTheSpireMod:Necrosis"]}],"is_beta":false,"boss_relics":[],"items_purged_floors":[],"is_endless":false,"potions_floor_spawned":[2,7],"killed_by":"Replay:BlueRogue","ascension_level":0}}