{"host":"l1ihaotq1cxp1b6b","time":1607757511,"event":{"mods":["AchievementEnabler","BaseMod","Colored Map","Custom Start","DeckTracker","Minty Spire (QoL Compilation)","StSLib","SuperFastMode","everything is the same but u backflip on backflip"],"gold_per_floor":[115,128,128,128,128,154,166,166,219,219,233,233,243,266,266,368,368,386,404,329,34,34,34,68,68,68,68,80,91,110,10,10,10,10],"floor_reached":33,"playtime":620,"items_purged":["Strike_P","Halt"],"score":290,"play_id":"43d99d2f-f881-4d39-b55e-da0d5e1d2b50","local_time":"20201212161831","is_ascension_mode":false,"campfire_choices":[{"data":"Vigilance","floor":8.0,"key":"SMITH"},{"data":"Consecrate","floor":10.0,"key":"SMITH"},{"data":"LessonLearned","floor":15.0,"key":"SMITH"},{"data":"Worship","floor":23.0,"key":"SMITH"},{"data":"MentalFortress","floor":25.0,"key":"SMITH"},{"floor":27.0,"key":"REST"},{"floor":32.0,"key":"REST"}],"circlet_count":0,"master_deck":["Strike_P+1","Strike_P+1","Defend_P+1","Defend_P+1","Eruption+1","Vigilance+1","CrushJoints+1","Consecrate+1","LessonLearned+1","EmptyFist+1","Vault+1","Consecrate+1","MentalFortress+1","InnerPeace+1","Worship+1","Swivel+1","Tantrum"],"relics":["PureWater","NeowsBlessing","Akabeko","CultistMask","Potion Belt","Odd Mushroom","Snecko Eye","Nunchaku","Pen Nib","HornCleat"],"acts_visited":["Exordium","TheCity"],"potions_floor_usage":[33],"damage_taken":[{"damage":0.0,"enemies":"Cultist","floor":1.0,"turns":1.0},{"damage":0.0,"enemies":"Small Slimes","floor":2.0,"turns":1.0},{"damage":0.0,"enemies":"Lagavulin","floor":6.0,"turns":1.0},{"damage":0.0,"enemies":"2 Louse","floor":7.0,"turns":1.0},{"damage":1.0,"enemies":"Gremlin Gang","floor":11.0,"turns":2.0},{"damage":0.0,"enemies":"Large Slime","floor":13.0,"turns":2.0},{"damage":0.0,"enemies":"The Mushroom Lair","floor":14.0,"turns":3.0},{"damage":37.0,"enemies":"The Guardian","floor":16.0,"turns":10.0},{"damage":0.0,"enemies":"Spheric Guardian","floor":18.0,"turns":3.0},{"damage":0.0,"enemies":"Chosen","floor":19.0,"turns":2.0},{"damage":48.0,"enemies":"Book of Stabbing","floor":24.0,"turns":6.0},{"damage":0.0,"enemies":"Snecko","floor":28.0,"turns":3.0},{"damage":8.0,"enemies":"Cultist and Chosen","floor":29.0,"turns":8.0},{"damage":27.0,"enemies":"Snake Plant","floor":30.0,"turns":3.0},{"damage":40,"enemies":"Champ","floor":33,"turns":7}],"seed_played":"-4223022871997906252","potions_obtained":[{"floor":6.0,"key":"SneckoOil"},{"floor":7.0,"key":"Regen Potion"},{"floor":13.0,"key":"Strength Potion"},{"floor":19.0,"key":"PowerPotion"},{"floor":28.0,"key":"Swift Potion"},{"floor":30.0,"key":"BlessingOfTheForge"}],"is_trial":false,"path_per_floor":["M","M","?","?","?","E","M","R","T","R","M","?","M","?","R","B",null,"M","M","?","$","?","R","E","R","T","R","M","M","M","$","R","B"],"character_chosen":"WATCHER","items_purchased":["InnerPeace","Nunchaku"],"campfire_rested":2,"item_purchase_floors":[21,21],"current_hp_per_floor":[72,72,58,58,58,58,58,58,58,58,57,50,50,50,50,28,72,72,72,72,72,72,72,24,24,24,45,45,37,10,10,31,0,0],"gold":10,"neow_bonus":"THREE_ENEMY_KILL","is_daily":false,"chose_seed":false,"campfire_upgraded":5,"win_rate":0.0,"timestamp":1607757511,"path_taken":["M","M","?","?","?","E","M","R","T","R","?","?","M","?","R","BOSS","M","M","?","$","?","R","E","R","T","R","?","M","M","?","R","BOSS"],"items_purchased_type":["Card","Relic"],"build_version":"2020-11-30","purchased_purges":2,"victory":false,"max_hp_per_floor":[72,72,72,72,72,72,72,72,72,72,72,72,72,72,72,72,72,72,72,72,72,72,72,72,72,72,72,72,72,72,72,72,72,72],"card_choices":[{"not_picked":["ThirdEye","PathToVictory"],"picked":"CrushJoints","floor":1.0},{"not_picked":["Pray","PathToVictory","FlyingSleeves"],"picked":"SKIP","floor":2.0},{"not_picked":["Collect","FlyingSleeves","ClearTheMind"],"picked":"SKIP","floor":6.0},{"not_picked":["CutThroughFate","EmptyMind"],"picked":"Consecrate","floor":7.0},{"not_picked":["Wireheading","CutThroughFate"],"picked":"LessonLearned","floor":11.0},{"not_picked":["ClearTheMind","FollowUp","JustLucky"],"picked":"SKIP","floor":13.0},{"not_picked":["SashWhip","Collect"],"picked":"EmptyFist","floor":14.0},{"not_picked":["Alpha","Omniscience"],"picked":"Vault","floor":16.0},{"not_picked":["EmptyFist+1","ThirdEye"],"picked":"Consecrate+1","floor":18.0},{"not_picked":["ThirdEye","FlyingSleeves"],"picked":"MentalFortress","floor":19.0},{"not_picked":["InnerPeace","Study+1"],"picked":"Swivel","floor":24.0},{"not_picked":["JustLucky","PathToVictory","LessonLearned"],"picked":"SKIP","floor":28.0},{"not_picked":["ThirdEye","Protect"],"picked":"Halt","floor":29.0},{"not_picked":["Sanctity","BowlingBash"],"picked":"Tantrum","floor":30.0}],"player_experience":526259,"relics_obtained":[{"floor":6.0,"key":"Akabeko"},{"floor":9.0,"key":"Potion Belt"},{"floor":14.0,"key":"Odd Mushroom"},{"floor":24.0,"key":"Pen Nib"},{"floor":26.0,"key":"HornCleat"}],"event_choices":[{"damage_healed":0.0,"max_hp_gain":0.0,"max_hp_loss":0.0,"gold_gain":0.0,"event_name":"Shining Light","player_choice":"Entered Light","floor":3.0,"gold_loss":0.0,"damage_taken":14.0,"cards_upgraded":["CrushJoints","Eruption"]},{"damage_healed":0.0,"max_hp_gain":0.0,"max_hp_loss":0.0,"gold_gain":0.0,"event_name":"Living Wall","player_choice":"Grow","floor":4.0,"gold_loss":0.0,"damage_taken":0.0,"cards_upgraded":["Strike_P"]},{"damage_healed":0.0,"max_hp_gain":0.0,"max_hp_loss":0.0,"gold_gain":0.0,"event_name":"FaceTrader","player_choice":"Trade","floor":5.0,"gold_loss":0.0,"damage_taken":0.0,"relics_obtained":["NlothsMask"]},{"cards_removed":["Strike_P"],"damage_healed":0.0,"max_hp_gain":0.0,"max_hp_loss":0.0,"gold_gain":0.0,"event_name":"Golden Wing","player_choice":"Card Removal","floor":12.0,"gold_loss":0.0,"damage_taken":7.0},{"damage_healed":0.0,"max_hp_gain":0.0,"max_hp_loss":0.0,"gold_gain":0.0,"event_name":"Mushrooms","player_choice":"Fought Mushrooms","floor":14.0,"gold_loss":0.0,"damage_taken":0.0},{"cards_removed":["Defend_P"],"damage_healed":0.0,"max_hp_gain":0.0,"max_hp_loss":0.0,"gold_gain":0.0,"event_name":"Beggar","player_choice":"Gave Gold","floor":20.0,"gold_loss":75.0,"damage_taken":0.0},{"damage_healed":0.0,"max_hp_gain":0.0,"max_hp_loss":0.0,"gold_gain":0.0,"cards_transformed":["Defend_P"],"event_name":"Transmorgrifier","player_choice":"Transformed","floor":22.0,"gold_loss":0.0,"damage_taken":0.0,"cards_obtained":["Worship"]}],"is_beta":false,"boss_relics":[{"not_picked":["Runic Dome","Busted Crown"],"picked":"Snecko Eye"}],"items_purged_floors":[21,31],"is_endless":false,"potions_floor_spawned":[6,7,13,19,28,30],"killed_by":"Champ","ascension_level":0}}