{"host":"ve9aztkoyqeblvav","time":1607765772,"event":{"mods":["Act Like it!","BaseMod","Colored Map","Colored Powertips","Highlight Path","Minty Spire (QoL Compilation)","Quick Restart","StSLib","The Hierophant","Waifu the Spire"],"gold_per_floor":[110,110,129,129,204,229,69,69,69,94,105,124,124,144,144,218,218,229,229,58,74,74,74],"floor_reached":22,"playtime":443,"items_purged":[],"score":418,"play_id":"22441529-8e87-4689-aa9c-184771cada66","local_time":"20201212173611","is_ascension_mode":true,"campfire_choices":[{"data":"Dualcast","floor":8.0,"key":"SMITH"},{"data":"Zap","floor":13.0,"key":"SMITH"},{"data":"Meditate","floor":15.0,"key":"SMITH"}],"circlet_count":0,"master_deck":["AscendersBane","Strike_B+1","Strike_B+1","Strike_B+1","Defend_B+1","Defend_B+1","Defend_B+1","Defend_B+1","Zap+1","Dualcast+1","Ball Lightning","A Thousand Cuts","Meditate+1","Core Surge","Metallicize"],"relics":["Cracked Core","NeowsBlessing","Symbiotic Virus","PrismaticShard","Shuriken","Odd Mushroom","Philosopher\u0027s Stone","Medical Kit"],"acts_visited":[],"potions_floor_usage":[18],"damage_taken":[{"damage":0.0,"enemies":"Small Slimes","floor":1.0,"turns":1.0},{"damage":0.0,"enemies":"2 Louse","floor":3.0,"turns":1.0},{"damage":0.0,"enemies":"Gremlin Nob","floor":6.0,"turns":1.0},{"damage":11.0,"enemies":"The Mushroom Lair","floor":10.0,"turns":3.0},{"damage":0.0,"enemies":"Cultist","floor":11.0,"turns":3.0},{"damage":7.0,"enemies":"Large Slime","floor":12.0,"turns":3.0},{"damage":4.0,"enemies":"Red Slaver","floor":14.0,"turns":3.0},{"damage":19.0,"enemies":"Hexaghost","floor":16.0,"turns":9.0},{"damage":37,"enemies":"2 Thieves","floor":18,"turns":5},{"damage":9,"enemies":"Chosen","floor":21,"turns":5},{"damage":17,"enemies":"Centurion and Healer","floor":22,"turns":1}],"seed_played":"2897540305415018672","potions_obtained":[{"floor":3.0,"key":"Dexterity Potion"},{"floor":11.0,"key":"GamblersBrew"}],"is_trial":false,"path_per_floor":["M","?","M","?","?","E","$","R","T","?","M","M","R","M","R","B",null,"M","?","$","M","M"],"character_chosen":"DEFECT","items_purchased":["PrismaticShard","Medical Kit"],"campfire_rested":0,"item_purchase_floors":[7,20],"current_hp_per_floor":[64,57,57,62,51,51,51,51,51,40,40,33,33,29,29,10,60,23,23,23,14,0,0],"gold":74,"neow_bonus":"THREE_ENEMY_KILL","is_daily":false,"chose_seed":false,"campfire_upgraded":3,"win_rate":0.0,"timestamp":1607765771,"path_taken":["M","?","M","?","?","E","$","R","T","?","M","M","R","M","R","BOSS","M","?","$","M","M"],"items_purchased_type":["Relic","Relic"],"build_version":"2020-11-30","purchased_purges":0,"victory":false,"max_hp_per_floor":[71,71,71,76,76,76,76,76,76,76,76,76,76,76,76,76,76,76,76,76,76,76,76],"card_choices":[{"not_picked":["Redo","Compile Driver"],"picked":"Ball Lightning","floor":1.0},{"not_picked":["EmptyFist","A Thousand Cuts","Deadly Poison"],"picked":"SKIP","floor":11.0},{"not_picked":["EmptyFist","Deadly Poison"],"picked":"A Thousand Cuts","floor":11.0},{"not_picked":["Prepared","FlyingSleeves"],"picked":"Meditate","floor":12.0},{"not_picked":["Ghostly Armor","Reprogram","Intimidate"],"picked":"SKIP","floor":14.0},{"not_picked":["Ghostly Armor","Reprogram","Intimidate"],"picked":"SKIP","floor":14.0},{"not_picked":["Bludgeon","Phantasmal Killer"],"picked":"Core Surge","floor":16.0},{"not_picked":["Deadly Poison","Auto Shields"],"picked":"Metallicize","floor":18},{"not_picked":["hierophant:Exaltation","FlyingSleeves","hierophant:CoinFling"],"picked":"SKIP","floor":21}],"player_experience":1617919,"relics_obtained":[{"floor":6.0,"key":"Symbiotic Virus"},{"floor":9.0,"key":"Shuriken"},{"floor":10.0,"key":"Odd Mushroom"}],"event_choices":[{"cards_removed":["Strike_B"],"damage_healed":0.0,"max_hp_gain":0.0,"max_hp_loss":0.0,"gold_gain":0.0,"event_name":"Golden Wing","player_choice":"Card Removal","floor":2.0,"gold_loss":0.0,"damage_taken":7.0},{"damage_healed":0.0,"max_hp_gain":5.0,"max_hp_loss":0.0,"gold_gain":0.0,"event_name":"Big Fish","player_choice":"Donut","floor":4.0,"gold_loss":0.0,"damage_taken":0.0},{"damage_healed":0.0,"max_hp_gain":0.0,"max_hp_loss":0.0,"gold_gain":75.0,"event_name":"World of Goop","player_choice":"Gather Gold","floor":5.0,"gold_loss":0.0,"damage_taken":11.0},{"damage_healed":0.0,"max_hp_gain":0.0,"max_hp_loss":0.0,"gold_gain":0.0,"event_name":"Mushrooms","player_choice":"Fought Mushrooms","floor":10.0,"gold_loss":0.0,"damage_taken":0.0},{"damage_healed":0,"gold_gain":0,"player_choice":"Simplicity","damage_taken":0,"max_hp_gain":0,"max_hp_loss":0,"event_name":"Back to Basics","floor":19,"gold_loss":0,"cards_upgraded":["Strike_B","Strike_B","Strike_B","Defend_B","Defend_B","Defend_B","Defend_B"]}],"is_beta":false,"boss_relics":[{"not_picked":["Nuclear Battery","Sozu"],"picked":"Philosopher\u0027s Stone"}],"items_purged_floors":[],"is_endless":false,"potions_floor_spawned":[3,11],"killed_by":"Centurion and Healer","ascension_level":20}}