{"host":"vpnygm79y7yi43ig","time":1607815903,"event":{"mods":["BaseMod","Bestiary","Minty Spire (QoL Compilation)"],"gold_per_floor":[360,373,391,408,30,56,76,76,102,118,144,172,172,186,186,287,287,301,301,301,157,157,157,172,207,232,249,267,280,280,315,315,417,417,435,445,445,250,270,301,301,314,314,314,324,351,362,381,381,381],"floor_reached":51,"playtime":2844,"items_purged":["Strike_P"],"score":938,"play_id":"798ba75a-22da-4a15-a5e9-c1a7a7f31012","local_time":"20201212153143","is_ascension_mode":false,"campfire_choices":[{"data":"Judgement","floor":8,"key":"SMITH"},{"data":"TalkToTheHand","floor":13,"key":"SMITH"},{"data":"Eruption","floor":15,"key":"SMITH"},{"data":"Vault","floor":23,"key":"SMITH"},{"data":"MentalFortress","floor":32,"key":"SMITH"},{"data":"Wish","floor":44,"key":"SMITH"},{"data":"Tantrum","floor":49,"key":"SMITH"}],"circlet_count":0,"master_deck":["Strike_P+1","Defend_P+1","Defend_P+1","Defend_P+1","Defend_P+1","Eruption+1","Vigilance","FollowUp","FlyingSleeves","SashWhip","Tantrum+1","Judgement+1","Consecrate","Swivel","TalkToTheHand+1","CutThroughFate","Vault+1","Sanctity+1","EmptyBody+1","SashWhip","Wallop+1","Conclude+1","Weave","TalkToTheHand+1","FlurryOfBlows","CutThroughFate+1","EmptyFist+1","MentalFortress+1","DeusExMachina","EmptyBody+1","WheelKick","FlurryOfBlows","Wish+1","FlurryOfBlows+1","EmptyFist+1"],"relics":["HolyWater","Nunchaku","Pen Nib","Toy Ornithopter","Tiny Chest","Potion Belt","Odd Mushroom","Coffee Dripper","Question Card","Bag of Preparation","Centennial Puzzle","War Paint","HandDrill","Ornamental Fan","Bag of Marbles","Whetstone","PreservedInsect"],"acts_visited":["Exordium","TheCity","TheBeyond"],"potions_floor_usage":[16,18,27,33,33,50,50,50,50,50],"damage_taken":[{"damage":2.0,"enemies":"Jaw Worm","floor":1.0,"turns":5.0},{"damage":0.0,"enemies":"Small Slimes","floor":2.0,"turns":3.0},{"damage":0.0,"enemies":"Cultist","floor":3.0,"turns":2.0},{"damage":0.0,"enemies":"3 Louse","floor":4.0,"turns":3.0},{"damage":12,"enemies":"Gremlin Nob","floor":6,"turns":3},{"damage":3,"enemies":"Red Slaver","floor":7,"turns":3},{"damage":0,"enemies":"Exordium Thugs","floor":10,"turns":2},{"damage":0,"enemies":"Lagavulin","floor":11,"turns":3},{"damage":1,"enemies":"The Mushroom Lair","floor":12,"turns":4},{"damage":0,"enemies":"Large Slime","floor":14,"turns":3},{"damage":0,"enemies":"Slime Boss","floor":16,"turns":3},{"damage":0,"enemies":"Spheric Guardian","floor":18,"turns":2},{"damage":5,"enemies":"Shell Parasite","floor":24,"turns":3},{"damage":7,"enemies":"Gremlin Leader","floor":25,"turns":6},{"damage":1,"enemies":"Snake Plant","floor":27,"turns":2},{"damage":0,"enemies":"Centurion and Healer","floor":28,"turns":4},{"damage":0,"enemies":"Sentry and Sphere","floor":29,"turns":3},{"damage":0,"enemies":"Slavers","floor":31,"turns":3},{"damage":41,"enemies":"Champ","floor":33,"turns":10},{"damage":0,"enemies":"3 Darklings","floor":35,"turns":3},{"damage":0,"enemies":"Orb Walker","floor":36,"turns":2},{"damage":0,"enemies":"Maw","floor":39,"turns":6},{"damage":0,"enemies":"Giant Head","floor":40,"turns":8},{"damage":0,"enemies":"Sphere and 2 Shapes","floor":42,"turns":2},{"damage":0,"enemies":"Writhing Mass","floor":45,"turns":5},{"damage":8,"enemies":"Reptomancer","floor":46,"turns":3},{"damage":0,"enemies":"Jaw Worm Horde","floor":47,"turns":3},{"damage":0,"enemies":"3 Darklings","floor":48,"turns":1},{"damage":0,"enemies":"Time Eater","floor":50,"turns":5}],"seed_played":"-3769034315148616688","potions_obtained":[{"floor":1.0,"key":"StancePotion"},{"floor":3.0,"key":"Block Potion"},{"floor":7,"key":"GamblersBrew"},{"floor":12,"key":"GamblersBrew"},{"floor":16,"key":"BlessingOfTheForge"},{"floor":18,"key":"SpeedPotion"},{"floor":25,"key":"BlessingOfTheForge"},{"floor":28,"key":"Dexterity Potion"},{"floor":31,"key":"EssenceOfSteel"},{"floor":33,"key":"Ancient Potion"},{"floor":35,"key":"Explosive Potion"},{"floor":45,"key":"Dexterity Potion"},{"floor":48,"key":"Swift Potion"}],"is_trial":false,"path_per_floor":["M","M","M","M","$","E","M","R","T","M","E","?","R","M","R","B",null,"M","?","?","$","T","R","M","E","T","M","M","M","?","E","R","B",null,"M","M","?","$","M","E","T","M","T","R","M","E","M","M","R","B",null],"character_chosen":"WATCHER","items_purchased":["Nunchaku","Pen Nib","Wallop","Conclude","WheelKick","HandDrill"],"campfire_rested":0,"item_purchase_floors":[5,5,21,21,38,38],"current_hp_per_floor":[63,63,63,63,63,51,48,48,48,48,48,47,47,47,47,52,65,65,65,65,65,65,65,60,53,53,57,57,57,57,57,57,24,65,65,65,65,65,65,65,65,65,65,65,65,57,57,57,57,65],"gold":381,"neow_bonus":"TWO_FIFTY_GOLD","is_daily":false,"chose_seed":false,"campfire_upgraded":7,"win_rate":0.0,"timestamp":1607815903,"path_taken":["M","M","M","M","$","E","M","R","T","M","E","?","R","M","R","BOSS","M","?","?","$","?","R","M","E","T","M","M","?","?","E","R","BOSS","M","M","?","$","M","E","?","M","T","R","M","E","M","M","R","BOSS"],"items_purchased_type":["Relic","Relic","Card","Card","Card","Relic"],"build_version":"2020-11-30","purchased_purges":1,"victory":true,"max_hp_per_floor":[65,65,65,65,65,65,65,65,65,65,65,65,65,65,65,65,65,65,65,65,65,65,65,65,65,65,65,65,65,65,65,65,65,65,65,65,65,65,65,65,65,65,65,65,65,65,65,65,65,65],"card_choices":[{"not_picked":["WreathOfFlame","Prostrate","Halt"],"picked":"SKIP","floor":1.0},{"not_picked":["ClearTheMind","WreathOfFlame"],"picked":"FollowUp","floor":2.0},{"not_picked":["Evaluate","Meditate"],"picked":"FlyingSleeves","floor":3.0},{"not_picked":["BowlingBash","ReachHeaven"],"picked":"SashWhip","floor":4.0},{"not_picked":["Prostrate","SandsOfTime"],"picked":"Tantrum","floor":6},{"not_picked":["Adaptation","ClearTheMind"],"picked":"Judgement","floor":7},{"not_picked":["Protect","ClearTheMind"],"picked":"Consecrate","floor":10},{"not_picked":["JustLucky","ReachHeaven"],"picked":"Swivel","floor":11},{"not_picked":["EmptyBody","Consecrate"],"picked":"TalkToTheHand","floor":12},{"not_picked":["Protect","InnerPeace"],"picked":"CutThroughFate","floor":14},{"not_picked":["Brilliance","LessonLearned"],"picked":"Vault","floor":16},{"not_picked":["BowlingBash","FlyingSleeves"],"picked":"Sanctity","floor":18},{"not_picked":["InnerPeace+1","Halt+1","CutThroughFate"],"picked":"Weave","floor":24},{"not_picked":["CarveReality","Alpha","SignatureMove"],"picked":"TalkToTheHand","floor":25},{"not_picked":["Tantrum+1","Wallop","Prostrate"],"picked":"FlurryOfBlows","floor":27},{"not_picked":["FlyingSleeves","Consecrate","Prostrate+1"],"picked":"CutThroughFate+1","floor":28},{"not_picked":["EmptyBody","SashWhip+1","Weave"],"picked":"EmptyFist+1","floor":29},{"not_picked":["Perseverance+1","ReachHeaven","Vault"],"picked":"MentalFortress","floor":31},{"not_picked":["Vault","Omniscience","Alpha"],"picked":"DeusExMachina","floor":33},{"not_picked":["CarveReality+1","Crescendo","FlurryOfBlows+1"],"picked":"EmptyBody+1","floor":35},{"not_picked":["Consecrate","WreathOfFlame+1","FollowUp","Crescendo"],"picked":"SKIP","floor":36},{"not_picked":["Perseverance+1","Protect","FlyingSleeves","Ragnarok"],"picked":"SKIP","floor":39},{"not_picked":["JustLucky","ThirdEye+1","BowlingBash"],"picked":"FlurryOfBlows","floor":40},{"not_picked":["Sanctity","BattleHymn","Consecrate+1"],"picked":"Wish","floor":42},{"not_picked":["JustLucky+1","Evaluate+1","SashWhip+1","Collect"],"picked":"SKIP","floor":45},{"not_picked":["Prostrate+1","Protect","EmptyBody+1"],"picked":"FlurryOfBlows+1","floor":46},{"not_picked":["FearNoEvil","EmptyBody","ClearTheMind+1","Collect"],"picked":"SKIP","floor":47},{"not_picked":["ClearTheMind","DevaForm","FlurryOfBlows+1"],"picked":"EmptyFist+1","floor":48}],"player_experience":166466,"relics_obtained":[{"floor":6,"key":"Toy Ornithopter"},{"floor":9,"key":"Tiny Chest"},{"floor":11,"key":"Potion Belt"},{"floor":12,"key":"Odd Mushroom"},{"floor":22,"key":"Question Card"},{"floor":25,"key":"Bag of Preparation"},{"floor":26,"key":"Centennial Puzzle"},{"floor":31,"key":"War Paint"},{"floor":40,"key":"Ornamental Fan"},{"floor":41,"key":"Bag of Marbles"},{"floor":43,"key":"Whetstone"},{"floor":46,"key":"PreservedInsect"}],"event_choices":[{"damage_healed":0,"gold_gain":0,"player_choice":"Fought Mushrooms","damage_taken":0,"max_hp_gain":0,"max_hp_loss":0,"event_name":"Mushrooms","floor":12,"gold_loss":0},{"damage_healed":0,"gold_gain":0,"cards_transformed":["Strike_P","Strike_P"],"player_choice":"Became Test Subject","damage_taken":0,"max_hp_gain":0,"max_hp_loss":0,"event_name":"Drug Dealer","floor":19,"gold_loss":0,"cards_obtained":["EmptyBody","SashWhip"]},{"damage_healed":0,"gold_gain":0,"player_choice":"Simplicity","damage_taken":0,"max_hp_gain":0,"max_hp_loss":0,"event_name":"Back to Basics","floor":20,"gold_loss":0,"cards_upgraded":["Strike_P","Defend_P","Defend_P","Defend_P","Defend_P"]},{"damage_healed":0,"gold_gain":0,"player_choice":"Ignored","damage_taken":0,"max_hp_gain":0,"max_hp_loss":0,"event_name":"NoteForYourself","floor":30,"gold_loss":0},{"damage_healed":0,"gold_gain":0,"player_choice":"Forge","damage_taken":0,"max_hp_gain":0,"max_hp_loss":0,"event_name":"Accursed Blacksmith","floor":37,"gold_loss":0,"cards_upgraded":["TalkToTheHand"]}],"is_beta":false,"boss_relics":[{"not_picked":["SlaversCollar","Busted Crown"],"picked":"Coffee Dripper"},{"not_picked":["Empty Cage","Cursed Key"],"picked":"HolyWater"}],"items_purged_floors":[5],"is_endless":false,"potions_floor_spawned":[1,3,7,12,16,18,25,28,31,33,35,40,42,45,46,48],"ascension_level":0}}