{"host":"6p0attdrtjqaih7v","time":1607768393,"event":{"mods":["2.2 Compatiblity","AchievementEnabler","Bard","BaseMod","Better Skull","Better Third Choice","Colored Powertips","Hermit","Highlight Path","Jorbs\u0027s Wanderer Trilogy","Key Reminder","Minty Spire (QoL Compilation)","Permanent Neow","Quick Restart","Random Character Button","Relic Stats","Replay The Spire","StSLib","The Construct"],"gold_per_floor":[113,113,126,142,142,167,182,182,182,182,207,45,76,86,86,160,160,170,188,199,124,124,124,142,171,171,171,17,51,66,86,86,160,160,176,176,176,196,96,96,111,122,122,140,158,1,1,16,16,16],"floor_reached":51,"playtime":2730,"items_purged":["Strike_R","Strike_R"],"score":1412,"play_id":"26d68c47-27eb-483f-9cde-0fbbedaa0b50","local_time":"20201212051953","is_ascension_mode":true,"campfire_choices":[{"data":"Blood for Blood","floor":10,"key":"SMITH"},{"data":"Bash","floor":15,"key":"SMITH"},{"data":"Juggernaut","floor":23,"key":"SMITH"},{"data":"Feel No Pain","floor":27,"key":"SMITH"},{"data":"Feed","floor":32,"key":"SMITH"},{"data":"Evolve","floor":40,"key":"SMITH"},{"data":"Disarm","floor":49,"key":"SMITH"}],"circlet_count":0,"master_deck":["AscendersBane","Defend_R","Defend_R","Defend_R","Defend_R","Bash+1","Corruption","Shrug It Off","Shrug It Off","Anger","Reaper","Blood for Blood+1","Power Through","Evolve+1","Thunderclap","Juggernaut+1","Feel No Pain+1","Wild Strike+1","Dropkick","Demon Form+1","Seeing Red","Barricade+1","Burning Pact","Disarm+1","Reckless Charge"],"relics":["Burning Blood","Onion Ring","Replay:Accelerometer","Centennial Puzzle","Kunai","ReplayTheSpireMod:Lightbulb","Coffee Dripper","ReplayTheSpireMod:Ninjato","Dead Branch","Golden Egg","Sozu","Akabeko","TheAbacus"],"acts_visited":["Exordium","TheCity","TheBeyond"],"potions_floor_usage":[6,11,14,24,30,50],"damage_taken":[{"damage":24,"enemies":"Jaw Worm","floor":1,"turns":5},{"damage":7,"enemies":"Cultist","floor":3,"turns":5},{"damage":2,"enemies":"2 Louse","floor":4,"turns":4},{"damage":6,"enemies":"3 Sentries","floor":6,"turns":12},{"damage":0,"enemies":"Exordium Wildlife","floor":7,"turns":4},{"damage":5,"enemies":"Gremlin Nob","floor":11,"turns":5},{"damage":14,"enemies":"3 Sentries","floor":13,"turns":7},{"damage":0,"enemies":"3 Louse","floor":14,"turns":1},{"damage":54,"enemies":"The Guardian","floor":16,"turns":16},{"damage":2,"enemies":"Chosen","floor":18,"turns":5},{"damage":1,"enemies":"Spheric Guardian","floor":19,"turns":4},{"damage":12,"enemies":"Centurion and Healer","floor":20,"turns":7},{"damage":0,"enemies":"Chosen and Byrds","floor":24,"turns":5},{"damage":8,"enemies":"Book of Stabbing","floor":25,"turns":5},{"damage":0,"enemies":"Gremlin Leader","floor":29,"turns":7},{"damage":5,"enemies":"Snecko","floor":30,"turns":5},{"damage":30,"enemies":"Cultist and Chosen","floor":31,"turns":5},{"damage":42,"enemies":"Collector","floor":33,"turns":8},{"damage":2,"enemies":"3 Shapes","floor":35,"turns":9},{"damage":40,"enemies":"3 Darklings","floor":38,"turns":6},{"damage":26,"enemies":"Spire Growth","floor":41,"turns":4},{"damage":6,"enemies":"4 Shapes","floor":42,"turns":5},{"damage":20,"enemies":"3 Darklings","floor":44,"turns":3},{"damage":11,"enemies":"Transient","floor":45,"turns":4},{"damage":4,"enemies":"4 Shapes","floor":48,"turns":5},{"damage":21,"enemies":"Time Eater","floor":50,"turns":8}],"seed_played":"2019931070799789018","potions_obtained":[{"floor":3,"key":"HeartOfIron"},{"floor":7,"key":"Flashbang"},{"floor":11,"key":"Explosive Potion"},{"floor":13,"key":"Flashbang"},{"floor":19,"key":"Cursed Concoction"},{"floor":29,"key":"LiquidMemories"},{"floor":30,"key":"Reflective Coating"}],"is_trial":false,"path_per_floor":["M","?","M","M","?","E","M","T","T","R","E","$","E","M","R","B",null,"M","M","M","?","?","R","M","E","T","R","$","E","M","M","R","B",null,"M","?","?","M","$","R","M","M","T","M","M","$","?","M","R","B",null],"character_chosen":"IRONCLAD","items_purchased":["Evolve","Feed","TheAbacus"],"campfire_rested":0,"item_purchase_floors":[12,28,46],"current_hp_per_floor":[32,32,31,35,40,40,46,46,46,46,49,49,49,64,64,22,66,74,79,79,79,79,79,80,80,80,80,80,80,83,83,83,83,83,87,87,97,77,77,77,57,66,66,83,97,97,97,97,97,83],"gold":16,"neow_bonus":"THREE_RARE_CARDS","is_daily":false,"chose_seed":false,"campfire_upgraded":7,"win_rate":0.0,"timestamp":1607768393,"path_taken":["M","?","M","?","?","E","M","?","T","R","E","$","E","M","R","BOSS","M","M","M","?","?","R","M","E","T","R","$","E","M","?","R","BOSS","M","?","?","M","$","R","M","M","T","M","?","$","?","M","R","BOSS"],"items_purchased_type":["Card","Card","Relic"],"build_version":"2020-11-30","purchased_purges":2,"victory":true,"max_hp_per_floor":[75,75,75,75,80,80,80,80,80,80,80,80,80,80,80,80,80,80,80,80,80,80,80,80,80,80,80,80,80,83,83,83,83,83,87,87,97,97,97,97,97,97,97,97,97,97,97,97,97,97],"relic_stats":{"Sozu":4,"Centennial Puzzle":[54],"TheAbacus":[18],"counters":[26,154],"Dead Branch":[249],"Kunai":[35],"obtain_stats":[{"Replay:Accelerometer":8,"Golden Egg":29,"ReplayTheSpireMod:Ninjato":25,"Dead Branch":26,"Burning Blood":0,"Akabeko":43,"Sozu":34,"Centennial Puzzle":9,"TheAbacus":46,"Onion Ring":6,"Coffee Dripper":17,"Kunai":11,"ReplayTheSpireMod:Lightbulb":13},{"Replay:Accelerometer":5,"Golden Egg":15,"ReplayTheSpireMod:Ninjato":14,"Dead Branch":14,"Burning Blood":0,"Akabeko":22,"Sozu":18,"Centennial Puzzle":5,"TheAbacus":24,"Onion Ring":4,"Coffee Dripper":9,"Kunai":6,"ReplayTheSpireMod:Lightbulb":7},{"Replay:Accelerometer":30,"Golden Egg":92,"ReplayTheSpireMod:Ninjato":85,"Dead Branch":85,"Burning Blood":0,"Akabeko":134,"Sozu":110,"Centennial Puzzle":30,"TheAbacus":141,"Onion Ring":26,"Coffee Dripper":59,"Kunai":35,"ReplayTheSpireMod:Lightbulb":42}],"Burning Blood":129},"card_choices":[{"not_picked":["Brutality","Hemogenesis"],"picked":"Corruption","floor":0},{"not_picked":["Havoc","Feel No Pain"],"picked":"Shrug It Off","floor":1},{"not_picked":["Flex","Heavy Blade"],"picked":"Shrug It Off","floor":3},{"not_picked":["Clothesline","Clash"],"picked":"Anger","floor":4},{"not_picked":["Havoc","Headbutt"],"picked":"Reaper","floor":6},{"not_picked":["Flex","Body Slam"],"picked":"Blood for Blood","floor":7},{"not_picked":["Clothesline","Sever Soul"],"picked":"Power Through","floor":11},{"not_picked":["Wild Strike","Flex"],"picked":"Thunderclap","floor":13},{"not_picked":["Abandon","Seeing Red","Headbutt"],"picked":"SKIP","floor":14},{"not_picked":["Berserk","Hemogenesis"],"picked":"Juggernaut","floor":16},{"not_picked":["Abandon","Armaments","Rampage"],"picked":"SKIP","floor":18},{"not_picked":["Inflame","Armaments"],"picked":"Feel No Pain","floor":19},{"not_picked":["Twin Strike","Second Wind","True Grit"],"picked":"SKIP","floor":20},{"not_picked":["Sentinel","Dual Wield"],"picked":"Wild Strike+1","floor":24},{"not_picked":["Bloodletting","Blood for Blood"],"picked":"Dropkick","floor":25},{"not_picked":["Cleave","Havoc"],"picked":"Demon Form","floor":29},{"not_picked":["Clash+1","Flex"],"picked":"Seeing Red","floor":30},{"not_picked":["Power Through","Carnage+1","Heavy Blade"],"picked":"SKIP","floor":31},{"not_picked":["Juggernaut","Feed"],"picked":"Barricade","floor":33},{"not_picked":["Cleave","Hemokinesis"],"picked":"Burning Pact","floor":35},{"not_picked":["Twin Strike+1","Heavy Blade","ReplayTheSpireMod:Muscle Training"],"picked":"SKIP","floor":38},{"not_picked":["Warcry","Clash","Cleave"],"picked":"SKIP","floor":41},{"not_picked":["Havoc+1","Immolate","Warcry"],"picked":"SKIP","floor":42},{"not_picked":["Uppercut","Headbutt"],"picked":"Disarm","floor":44},{"not_picked":["Searing Blow+1","Clothesline","Warcry"],"picked":"SKIP","floor":45},{"not_picked":["Sword Boomerang","Anger"],"picked":"Reckless Charge","floor":48}],"player_experience":824867,"relics_obtained":[{"floor":6,"key":"Onion Ring"},{"floor":8,"key":"Replay:Accelerometer"},{"floor":9,"key":"Centennial Puzzle"},{"floor":11,"key":"Kunai"},{"floor":13,"key":"ReplayTheSpireMod:Lightbulb"},{"floor":25,"key":"ReplayTheSpireMod:Ninjato"},{"floor":26,"key":"Dead Branch"},{"floor":29,"key":"Golden Egg"},{"floor":43,"key":"Akabeko"}],"event_choices":[{"cards_removed":["Strike_R"],"damage_healed":0,"gold_gain":0,"player_choice":"Purged","damage_taken":0,"max_hp_gain":0,"max_hp_loss":0,"event_name":"Purifier","floor":2,"gold_loss":0},{"damage_healed":0,"gold_gain":0,"player_choice":"Donut","damage_taken":0,"max_hp_gain":5,"max_hp_loss":0,"event_name":"Big Fish","floor":5,"gold_loss":0},{"cards_removed":["Strike_R"],"damage_healed":0,"gold_gain":0,"player_choice":"Gave Gold","damage_taken":0,"max_hp_gain":0,"max_hp_loss":0,"event_name":"Beggar","floor":21,"gold_loss":75},{"cards_removed":["Strike_R"],"damage_healed":0,"gold_gain":0,"player_choice":"Purged","damage_taken":0,"max_hp_gain":0,"max_hp_loss":0,"event_name":"Purifier","floor":22,"gold_loss":0},{"damage_healed":0,"gold_gain":0,"player_choice":"Ignored","damage_taken":0,"max_hp_gain":0,"max_hp_loss":0,"event_name":"Tomb of Lord Red Mask","floor":36,"gold_loss":0},{"cards_removed":["Feed"],"damage_healed":0,"gold_gain":0,"player_choice":"Offered Rare","damage_taken":0,"max_hp_gain":10,"max_hp_loss":0,"event_name":"Bonfire Elementals","floor":37,"gold_loss":0}],"is_beta":false,"boss_relics":[{"not_picked":["Ectoplasm","construct:WeddingRing"],"picked":"Coffee Dripper"},{"not_picked":["Black Blood","Snecko Heart"],"picked":"Sozu"}],"items_purged_floors":[12,39],"is_endless":false,"potions_floor_spawned":[3,7,11,13,19,20,29,30,33,35,41,42,44],"ascension_level":17}}