{"host":"v0n6ky7dmveherv3","time":1607800733,"event":{"mods":["BaseMod","Better Third Choice","Downfall","Minty Spire (QoL Compilation)","StSLib"],"gold_per_floor":[112,126,146,156,156,59,97,97,179,26,101,140,140,179,179,302,302,320,320,343,57,72,72,85,125,170,170,189,189,214,253,253,378,378,402,96,112,125,125,125,158,0,0,0,36,60,60,83,83,83],"floor_reached":51,"playtime":2576,"items_purged":["Strike_G","Strike_G+1"],"score":1095,"play_id":"1b5a974f-e960-4197-a3b8-3b4816245491","local_time":"20201212121853","is_ascension_mode":true,"campfire_choices":[{"data":"Cloak And Dagger","floor":8,"key":"SMITH"},{"floor":13,"key":"REST"},{"data":"Accuracy","floor":15,"key":"SMITH"},{"data":"Cloak And Dagger","floor":23,"key":"SMITH"},{"data":"Blade Dance","floor":27,"key":"SMITH"},{"data":"Accuracy","floor":29,"key":"SMITH"},{"data":"Footwork","floor":32,"key":"SMITH"},{"data":"Blade Dance","floor":40,"key":"SMITH"},{"data":"Blade Dance","floor":44,"key":"SMITH"},{"data":"Phantasmal Killer","floor":47,"key":"SMITH"},{"floor":49,"key":"REST"}],"circlet_count":0,"master_deck":["Strike_G+1","Strike_G+1","Defend_G+1","Defend_G+1","Defend_G+1","Defend_G+1","Defend_G+1","Survivor","Neutralize","Die Die Die","Terror","PiercingWail","Deflect","Blade Dance+1","Cloak And Dagger+1","Footwork+1","Cloak And Dagger+1","Accuracy+1","Night Terror","Deflect","Footwork","Blade Dance+1","Blade Dance+1","Accuracy+1","Phantasmal Killer+1","Prepared+1","Phantasmal Killer","Deflect+1","Blade Dance+1","Cloak And Dagger+1","Footwork"],"relics":["Ring of the Snake","Golden Idol","Torii","Shuriken","MealTicket","Vajra","Runic Pyramid","ClockworkSouvenir","Paper Crane","Boot","Strawberry","sneckomod:SneckoTalon","Lee\u0027s Waffle","Peace Pipe","Red Mask","Darkstone Periapt","Pen Nib"],"acts_visited":["Exordium","TheCity","TheBeyond"],"potions_floor_usage":[12,18,25,31,48,50,50,50],"damage_taken":[{"damage":0,"enemies":"2 Louse","floor":1,"turns":1},{"damage":0,"enemies":"Jaw Worm","floor":2,"turns":3},{"damage":0,"enemies":"Small Slimes","floor":3,"turns":3},{"damage":0,"enemies":"2 Fungi Beasts","floor":4,"turns":3},{"damage":21,"enemies":"3 Sentries","floor":7,"turns":8},{"damage":7,"enemies":"Gremlin Nob","floor":12,"turns":3},{"damage":2,"enemies":"3 Sentries","floor":14,"turns":6},{"damage":0,"enemies":"Slime Boss","floor":16,"turns":4},{"damage":9,"enemies":"2 Thieves","floor":18,"turns":4},{"damage":6,"enemies":"3 Byrds","floor":20,"turns":5},{"damage":0,"enemies":"Snecko","floor":22,"turns":5},{"damage":6,"enemies":"Chosen and Byrds","floor":24,"turns":5},{"damage":8,"enemies":"Book of Stabbing","floor":25,"turns":5},{"damage":0,"enemies":"Centurion and Healer","floor":28,"turns":3},{"damage":10,"enemies":"Snecko","floor":30,"turns":4},{"damage":2,"enemies":"Slavers","floor":31,"turns":4},{"damage":0,"enemies":"Champ","floor":33,"turns":4},{"damage":0,"enemies":"3 Shapes","floor":35,"turns":2},{"damage":14,"enemies":"3 Darklings","floor":37,"turns":5},{"damage":0,"enemies":"Maw","floor":38,"turns":4},{"damage":0,"enemies":"Giant Head","floor":41,"turns":5},{"damage":9,"enemies":"Reptomancer","floor":45,"turns":3},{"damage":0,"enemies":"Transient","floor":46,"turns":5},{"damage":17,"enemies":"4 Shapes","floor":48,"turns":4},{"damage":19,"enemies":"Awakened One","floor":50,"turns":6}],"seed_played":"672425323588893080","potions_obtained":[{"floor":1,"key":"SpeedPotion"},{"floor":2,"key":"DuplicationPotion"},{"floor":16,"key":"Strength Potion"},{"floor":20,"key":"Regen Potion"},{"floor":24,"key":"Poison Potion"},{"floor":25,"key":"DuplicationPotion"},{"floor":30,"key":"SkillPotion"},{"floor":33,"key":"ColorlessPotion"},{"floor":48,"key":"AttackPotion"}],"is_trial":false,"path_per_floor":["M","M","M","M","?","$","E","R","T","$","?","E","R","E","R","B",null,"M","?","M","$","M","R","M","E","T","R","M","R","M","E","R","B",null,"M","$","M","M","?","R","E","?","T","R","E","M","R","M","R","B",null],"character_chosen":"THE_SILENT","items_purchased":["Cloak And Dagger","Footwork","Accuracy","Footwork","ClockworkSouvenir","Lee\u0027s Waffle","Phantasmal Killer"],"campfire_rested":2,"item_purchase_floors":[6,6,10,21,21,36,36],"current_hp_per_floor":[63,63,63,63,58,58,37,37,37,37,26,19,36,34,34,34,58,49,49,43,58,58,58,52,55,55,55,55,55,45,50,50,50,65,65,72,58,58,58,58,58,58,58,58,49,49,49,32,53,34],"gold":83,"neow_bonus":"THREE_RARE_CARDS","is_daily":false,"chose_seed":false,"campfire_upgraded":9,"win_rate":0.0,"timestamp":1607800733,"path_taken":["M","M","M","M","?","$","E","R","T","$","?","E","R","E","R","BOSS","M","?","M","$","M","R","M","E","T","R","M","R","M","E","R","BOSS","M","$","M","M","?","R","E","?","T","R","E","M","R","M","R","BOSS"],"items_purchased_type":["Card","Card","Card","Card","Relic","Relic","Card"],"build_version":"2020-11-30","purchased_purges":2,"victory":true,"max_hp_per_floor":[63,63,63,63,58,58,58,58,58,58,58,58,58,58,58,58,58,58,58,58,58,58,58,58,58,58,58,58,58,58,65,65,65,65,65,72,72,72,72,72,72,72,72,72,72,72,72,72,72,72],"card_choices":[{"not_picked":["A Thousand Cuts","Storm of Steel"],"picked":"Die Die Die","floor":0},{"not_picked":["Reflex","Skewer"],"picked":"Terror","floor":1},{"not_picked":["Infinite Blades","Blur"],"picked":"PiercingWail","floor":2},{"not_picked":["Sucker Punch","Choke"],"picked":"Deflect","floor":3},{"not_picked":["Poisoned Stab","Predator"],"picked":"Blade Dance","floor":4},{"not_picked":["Riddle With Holes","Blade Dance"],"picked":"Cloak And Dagger","floor":7},{"not_picked":["Underhanded Strike","Caltrops","Bane"],"picked":"SKIP","floor":12},{"not_picked":["PiercingWail","Deadly Poison","Infinite Blades"],"picked":"SKIP","floor":14},{"not_picked":["Tools of the Trade","Die Die Die"],"picked":"Night Terror","floor":16},{"not_picked":["Endless Agony","Dodge and Roll+1","Dagger Spray"],"picked":"SKIP","floor":18},{"not_picked":["Endless Agony","Dodge and Roll+1","Dagger Spray"],"picked":"SKIP","floor":18},{"not_picked":["Acrobatics","Cloak And Dagger"],"picked":"Deflect","floor":20},{"not_picked":["Deflect","Prepared","Backflip"],"picked":"SKIP","floor":22},{"not_picked":["Dodge and Roll","Footwork"],"picked":"Blade Dance","floor":24},{"not_picked":["Deadly Poison","Sucker Punch"],"picked":"Blade Dance","floor":25},{"not_picked":["Dodge and Roll","Flying Knee"],"picked":"Accuracy","floor":28},{"not_picked":["Slice","Heel Hook+1","Deadly Poison"],"picked":"SKIP","floor":30},{"not_picked":["Heel Hook","Cloak And Dagger","Distraction"],"picked":"SKIP","floor":31},{"not_picked":["Burst","Tools of the Trade"],"picked":"Phantasmal Killer","floor":33},{"not_picked":["Poisoned Stab+1","Slice+1"],"picked":"Prepared+1","floor":35},{"not_picked":["Underhanded Strike+1","Choke+1"],"picked":"Deflect+1","floor":37},{"not_picked":["Flechettes","Poisoned Stab+1"],"picked":"Blade Dance+1","floor":38},{"not_picked":["Catalyst+1","Deflect","Unload"],"picked":"SKIP","floor":41},{"not_picked":["Blade Dance","Distraction","Bouncing Flask+1"],"picked":"SKIP","floor":45},{"not_picked":["Endless Agony+1","Choke+1"],"picked":"Cloak And Dagger+1","floor":46},{"not_picked":["Dagger Spray","Prepared"],"picked":"Footwork","floor":48}],"player_experience":83902,"relics_obtained":[{"floor":7,"key":"Torii"},{"floor":9,"key":"Shuriken"},{"floor":12,"key":"MealTicket"},{"floor":14,"key":"Vajra"},{"floor":25,"key":"Paper Crane"},{"floor":26,"key":"Boot"},{"floor":31,"key":"Strawberry"},{"floor":41,"key":"Peace Pipe"},{"floor":43,"key":"Darkstone Periapt"},{"floor":45,"key":"Pen Nib"}],"event_choices":[{"damage_healed":0,"gold_gain":0,"player_choice":"Lose Max HP","damage_taken":0,"relics_obtained":["Golden Idol"],"max_hp_gain":0,"max_hp_loss":5,"event_name":"Golden Idol","floor":5,"gold_loss":0},{"damage_healed":0,"gold_gain":75,"player_choice":"Gold","damage_taken":11,"max_hp_gain":0,"max_hp_loss":0,"event_name":"betterThird:BetterGoop","floor":11,"gold_loss":0},{"damage_healed":0,"gold_gain":0,"player_choice":"Simplicity","damage_taken":0,"max_hp_gain":0,"max_hp_loss":9,"event_name":"betterThird:BetterWriting","floor":19,"gold_loss":0},{"cards_removed":["Strike_G"],"damage_healed":0,"gold_gain":0,"player_choice":"Removed Attack","damage_taken":0,"max_hp_gain":0,"max_hp_loss":0,"event_name":"Falling","floor":39,"gold_loss":0},{"damage_healed":0,"gold_gain":0,"player_choice":"Paid","damage_taken":0,"relics_obtained":["Red Mask"],"max_hp_gain":0,"max_hp_loss":0,"event_name":"Tomb of Lord Red Mask","floor":42,"gold_loss":158}],"is_beta":false,"boss_relics":[{"not_picked":["Astrolabe","Coffee Dripper"],"picked":"Runic Pyramid"},{"not_picked":["Velvet Choker","HoveringKite"],"picked":"sneckomod:SneckoTalon"}],"items_purged_floors":[10,21],"is_endless":false,"potions_floor_spawned":[1,2,16,20,24,25,30,33,37,38,45,46,48],"ascension_level":3}}