{"host":"6o1vh5lr98s0jjq7","time":1607772961,"event":{"mods":["2.2 Compatiblity","Act Like it!","Aspiration","BaseMod","Better Altar","Better Match","Better Note","Better Third Choice","Conspire","Downfall","Gensokyo","Hallownest","Infinite Spire","Marisa????????","Minty Spire (QoL Compilation)","Replay The Spire","StSLib","The Alterego","WarShipGirlsR/????R mod"],"gold_per_floor":[110,110,124,124,138,168,168,202,238,250,281,304,316,353,365,474,486,512,524,536,60,76,76,96,121,121,151,151,161,173,193,193,320,320,361,40,73,73,102,102,104,145,213,257,257,257,295,326,326,326,326,326,7,32,64,64],"floor_reached":55,"playtime":3018,"items_purged":[],"score":1412,"play_id":"067e257f-512b-4963-aeb5-5f4556baa5fc","local_time":"20201212053601","is_ascension_mode":true,"campfire_choices":[{"data":"DC","floor":7,"key":"SMITH"},{"floor":10,"key":"RECALL"},{"floor":13,"key":"REST"},{"floor":28,"key":"REST"},{"data":"ReplayTheSpireMod:Book of Names","floor":32,"key":"SMITH"},{"floor":40,"key":"REST"},{"data":"ReplayTheSpireMod:Book of Names","floor":46,"key":"SMITH"},{"floor":49,"key":"REST"},{"data":"ChargingUp","floor":52,"key":"SMITH"}],"circlet_count":0,"master_deck":["Strike_MRS","Strike_MRS","Strike_MRS","Defend_MRS","Defend_MRS","Defend_MRS","MasterSpark","UpSweep","MaximisePower+1","DoubleSpark","ChargingUp+1","DC+1","GalacticHalo","MilkyWay","ChargingUp","PulseMagic","BinaryStars","Occultation","ReplayTheSpireMod:Book of Names+1","ReplayTheSpireMod:Book of Names+1","expansioncontent:ChargeUp","6A","Singularity","Noxious Fumes+1","AsteroidBelt","MeteoricShower+1","SporeBomb","GrandCross+1","Backstab","MaximisePower","PowerUp+1","ChargeUpSpray","OpenUniverse","NonDirectionalLaser","Midas Touch","IllusionStar","SprinkleStarSeal+1","MysteriousBeam","NonDirectionalLaser","JA","Singularity","Replay:SS_forest_2","LuminesStrike+1"],"relics":["MiniHakkero","Vajra","MawBank","aspiration:ArtOfWarUpgrade","conspire:RunicOctahedron","aspiration:Nostalgia","m_SlimeRing","aspiration:ChemicalBlood","Tiny Chest","aspiration:Stabinomicon","ReplayTheSpireMod:Ninjato","infinitespire:Midas Blood","infinitespire:EvilPickle","Philosopher\u0027s Stone","Replay:Kaleidoscope","Replay:Bottled Flurry","Replay:Accelerometer","Ice Cream","Bottled Tornado","Replay:PocketPolymizer","HandmadeGrimoire","Replay:Wax Seal","SimpleLauncher","aspiration:Lifesprig"],"acts_visited":["Exordium","TheCity","TheBeyond","TheEnding"],"potions_floor_usage":[6,14,22,24,25,27,29,33,33,37,37,37,39,42,44,47,54,55],"damage_taken":[{"damage":0,"enemies":"2 Louse","floor":1,"turns":3},{"damage":7,"enemies":"Jaw Worm","floor":3,"turns":4},{"damage":1,"enemies":"Cultist","floor":5,"turns":3},{"damage":0,"enemies":"3 Sentries","floor":6,"turns":1},{"damage":2,"enemies":"Gremlin Nob","floor":8,"turns":3},{"damage":14,"enemies":"Lots of Slimes","floor":11,"turns":4},{"damage":0,"enemies":"2 Fungi Beasts","floor":12,"turns":2},{"damage":13,"enemies":"Lagavulin","floor":14,"turns":4},{"damage":41,"enemies":"Hexaghost","floor":16,"turns":9},{"damage":7,"enemies":"Chosen","floor":18,"turns":3},{"damage":5,"enemies":"2 Thieves","floor":22,"turns":2},{"damage":0,"enemies":"Snecko","floor":24,"turns":4},{"damage":18,"enemies":"Book of Stabbing","floor":25,"turns":3},{"damage":0,"enemies":"Gremlin Leader","floor":27,"turns":6},{"damage":0,"enemies":"Centurion and Healer","floor":29,"turns":3},{"damage":0,"enemies":"Snake Plant","floor":30,"turns":1},{"damage":6,"enemies":"Cultist and Chosen","floor":31,"turns":4},{"damage":20,"enemies":"Pondfish","floor":33,"turns":7},{"damage":0,"enemies":"Orb Walker","floor":35,"turns":1},{"damage":53,"enemies":"3 Darklings","floor":37,"turns":3},{"damage":0,"enemies":"conspire:MimicChest","floor":39,"turns":2},{"damage":9,"enemies":"Giant Head","floor":42,"turns":3},{"damage":0,"enemies":"R_Hoarder","floor":44,"turns":2},{"damage":4,"enemies":"4 Shapes","floor":47,"turns":1},{"damage":0,"enemies":"Spire Growth","floor":48,"turns":3},{"damage":0,"enemies":"Donu and Deca","floor":50,"turns":1},{"damage":0,"enemies":"Shield and Spear","floor":54,"turns":2},{"damage":75,"enemies":"The Heart","floor":55,"turns":3}],"seed_played":"7815768648351641213","potions_obtained":[{"floor":5,"key":"AttackPotion"},{"floor":8,"key":"FearPotion"},{"floor":14,"key":"sneckomod:MuddlingPotion"},{"floor":22,"key":"GamblersBrew"},{"floor":25,"key":"SneckoOil"},{"floor":29,"key":"Weak Potion"},{"floor":33,"key":"Adrenaline Potion"},{"floor":35,"key":"Toxic Potion"},{"floor":42,"key":"Fire Potion"},{"floor":48,"key":"SteroidPotion"}],"is_trial":false,"path_per_floor":["M","?","M","?","M","E","R","E","T","R","M","M","R","E","R","B",null,"M","AVR","?","$","M","R","M","E","T","E","R","M","M","M","R","B",null,"M","$","M","AVR","?","R","?","E","T","E","T","R","M","M","R","B",null,"R","$","E","B"],"character_chosen":"MARISA","items_purchased":["aspiration:ChemicalBlood","Tiny Chest","expansioncontent:ChargeUp","AttackPotion","6A","Replay:Kaleidoscope","ChargeUpSpray","Replay:Wax Seal","SimpleLauncher"],"campfire_rested":4,"item_purchase_floors":[21,21,21,21,21,36,36,53,53],"current_hp_per_floor":[75,75,68,68,67,67,67,65,65,65,51,51,73,60,60,19,75,68,68,68,68,63,63,63,45,45,45,67,67,67,61,61,41,75,75,75,52,52,52,74,69,60,60,60,60,60,56,56,75,75,75,75,75,75,0,0],"gold":64,"neow_bonus":"TRANSFORM_CARD","is_daily":false,"chose_seed":false,"campfire_upgraded":4,"win_rate":0.0,"timestamp":1607772961,"path_taken":["M","?","M","?","M","E","R","E","T","R","M","M","R","E","R","BOSS","M","AVR","?","?","M","R","M","E","T","E","R","M","?","M","R","BOSS","M","$","M","AVR","?","R","?","E","T","E","?","R","?","M","R","BOSS","R","$","E","BOSS"],"items_purchased_type":["Relic","Relic","Card","Potion","Card","Relic","Card","Relic","Relic"],"build_version":"2020-11-30","purchased_purges":0,"victory":false,"max_hp_per_floor":[75,75,75,75,75,75,75,75,75,75,75,75,75,75,75,75,75,75,75,75,75,75,75,75,75,75,75,75,75,75,75,75,75,75,75,75,75,75,75,75,75,75,75,75,75,75,75,75,75,75,75,75,75,75,75,75],"card_choices":[{"not_picked":["6A","DragonMeteor"],"picked":"GrandCross","floor":1},{"not_picked":["EnergyFlow","6A"],"picked":"DoubleSpark","floor":3},{"not_picked":["6A","GrandCross"],"picked":"ChargingUp","floor":5},{"not_picked":["MeteoricShower","6A"],"picked":"DC","floor":6},{"not_picked":["StarDustReverie","Acceleration"],"picked":"GalacticHalo","floor":8},{"not_picked":["DC","Orbital"],"picked":"MilkyWay","floor":11},{"not_picked":["OrrerysSun","ManaConvection"],"picked":"ChargingUp","floor":12},{"not_picked":["DarkMatter","GravityBeat"],"picked":"PulseMagic","floor":14},{"not_picked":["FinalSpark","BlazingStar"],"picked":"BinaryStars","floor":16},{"not_picked":["Robbery","SporeBomb"],"picked":"Occultation","floor":18},{"not_picked":["GalacticHalo","AsteroidBelt"],"picked":"Singularity","floor":22},{"not_picked":["DC","MilkyWay"],"picked":"Noxious Fumes+1","floor":24},{"not_picked":["SporeBomb","Replay:Poison Smokescreen"],"picked":"AsteroidBelt","floor":25},{"not_picked":["Bane","SuperNova"],"picked":"MeteoricShower+1","floor":27},{"not_picked":["EventHorizon","ShootingEcho"],"picked":"SporeBomb","floor":29},{"not_picked":["DoubleSpark","Crippling Poison+1"],"picked":"GrandCross+1","floor":30},{"not_picked":["EarthLightRay","AsteroidBelt"],"picked":"Backstab","floor":31},{"not_picked":["BigCrunch","CasketOfStar"],"picked":"MaximisePower","floor":33},{"not_picked":["WitchLeyline","SporeBomb+1"],"picked":"PowerUp+1","floor":35},{"not_picked":["ShootingEcho+1","Orbital"],"picked":"OpenUniverse","floor":37},{"not_picked":["Robbery+1","AsteroidBelt"],"picked":"NonDirectionalLaser","floor":39},{"not_picked":["Purity","ReplayUltimateDefense"],"picked":"Replay:Bootleg Shield Generator","floor":41},{"not_picked":["Purity","expansioncontent:LastStand"],"picked":"Midas Touch","floor":41},{"not_picked":["ShootTheMoon+1","DC+1"],"picked":"IllusionStar","floor":42},{"not_picked":["OrrerysSun","EnergyRecoil"],"picked":"SprinkleStarSeal+1","floor":44},{"not_picked":["PowerUp","SporeBomb+1"],"picked":"NonDirectionalLaser","floor":47},{"not_picked":["ChargeUpSpray+1","GrandCross+1"],"picked":"JA","floor":48},{"not_picked":["TreasureHunter","WitchOfGreed+1"],"picked":"LuminesStrike+1","floor":54}],"player_experience":197601,"relics_obtained":[{"floor":6,"key":"Vajra"},{"floor":8,"key":"MawBank"},{"floor":14,"key":"Art of War"},{"floor":25,"key":"aspiration:Stabinomicon"},{"floor":26,"key":"ReplayTheSpireMod:Ninjato"},{"floor":27,"key":"infinitespire:Midas Blood"},{"floor":39,"key":"Replay:Accelerometer"},{"floor":42,"key":"Ice Cream"},{"floor":43,"key":"Bottled Tornado"},{"floor":44,"key":"Replay:PocketPolymizer"},{"floor":45,"key":"HandmadeGrimoire"},{"floor":54,"key":"aspiration:Lifesprig"}],"event_choices":[{"damage_healed":0,"gold_gain":0,"player_choice":"Ignored","damage_taken":0,"max_hp_gain":0,"max_hp_loss":0,"event_name":"Golden Wing","floor":4,"gold_loss":0},{"damage_healed":0,"gold_gain":0,"player_choice":"Copied","damage_taken":0,"max_hp_gain":0,"max_hp_loss":0,"event_name":"Duplicator","floor":20,"gold_loss":0,"cards_obtained":["ReplayTheSpireMod:Book of Names"]},{"damage_healed":0,"gold_gain":0,"player_choice":"Memory 2","damage_taken":5,"max_hp_gain":0,"max_hp_loss":0,"event_name":"SensoryStone","floor":41,"gold_loss":0}],"is_beta":false,"boss_relics":[{"not_picked":["Kintsugi","Snecko Eye"],"picked":"conspire:RunicOctahedron"},{"not_picked":["aspiration:RitualDagger","ReplayTheSpireMod:DimensionalGlitch"],"picked":"Philosopher\u0027s Stone"}],"items_purged_floors":[],"is_endless":false,"potions_floor_spawned":[5,8,14,22,25,29,33,35,42,48],"killed_by":"The Heart","ascension_level":4}}