{"host":"bnompyt684vb3qt9","time":1607747205,"event":{"mods":["AYAYA","BaseMod","Card Forge","CatGirl Mod","Colored Map","Downfall","Highlight Path","Minty Spire (QoL Compilation)","Practice Mode","Quick Restart","Rare Cards Sparkle","Replay The Spire","Shop Mod","StSLib","SuperFastMode","The Cursed","The Disciple","The IronCluck","The Runesmith","The Servant 0.9.4","Transform Curses","Yuri Mod","everything is the same but u backflip on backflip","slay the spire mod where everything is the same but ironclad has a cowboy hat"],"gold_per_floor":[116,116,116,116,135,135,170,170,196,212,229,244,244,263,263,263,263],"floor_reached":16,"playtime":906,"items_purged":[],"score":102,"play_id":"19b4e7da-97dc-4a73-8bc3-aa6451cbd701","local_time":"20201212142645","is_ascension_mode":false,"campfire_choices":[{"data":"Runesmith:Refine","floor":6,"key":"SMITH"},{"data":"Runesmith:ChiselStab","floor":8,"key":"SMITH"},{"floor":15,"key":"REST"}],"circlet_count":0,"master_deck":["Runesmith:Strike_RS","Runesmith:Strike_RS","Runesmith:Strike_RS+1","Runesmith:Strike_RS","Runesmith:Defend_RS","Runesmith:Defend_RS","Runesmith:Defend_RS","Runesmith:Defend_RS","Runesmith:CraftFirestone","Runesmith:Fortify+1","Runesmith:Refine+1","Runesmith:ChiselStab+1","Runesmith:Firestorm","Runesmith:Grindstone"],"relics":["Runesmith:BrokenRuby","Hammer of Thor","Seething Fire","Anvil of the Gods","Calipers","ReplayTheSpireMod:Lightbulb","Regal Pillow"],"acts_visited":["Exordium"],"potions_floor_usage":[],"damage_taken":[{"damage":4,"enemies":"Small Slimes","floor":1,"turns":4},{"damage":0,"enemies":"Jaw Worm","floor":5,"turns":4},{"damage":17,"enemies":"Lagavulin","floor":7,"turns":7},{"damage":5,"enemies":"2 Louse","floor":10,"turns":3},{"damage":9,"enemies":"Gremlin Gang","floor":11,"turns":4},{"damage":16,"enemies":"3 Louse","floor":12,"turns":5},{"damage":2,"enemies":"Blue Slaver","floor":14,"turns":4},{"damage":78,"enemies":"Fading Forest","floor":16,"turns":10}],"seed_played":"-8402191486439751204","potions_obtained":[{"floor":1,"key":"Reflective Coating"},{"floor":5,"key":"BlessingOfTheForge"},{"floor":12,"key":"LiquidMemories"}],"is_trial":false,"path_per_floor":["M","?","?","T","M","R","E","R","T","M","M","M","?","M","R","B"],"character_chosen":"RUNESMITH_CLASS","items_purchased":[],"campfire_rested":1,"item_purchase_floors":[],"current_hp_per_floor":[73,58,58,58,58,58,41,41,41,36,27,11,16,14,52,0,0],"gold":263,"neow_bonus":"TEN_PERCENT_HP_BONUS","is_daily":false,"chose_seed":false,"campfire_upgraded":2,"win_rate":0.0,"timestamp":1607747205,"path_taken":["M","?","?","?","M","R","E","R","T","M","?","M","?","?","R","BOSS"],"items_purchased_type":[],"build_version":"2020-11-30","purchased_purges":0,"victory":false,"max_hp_per_floor":[77,77,77,77,77,77,77,77,77,77,77,77,77,77,77,77,77],"card_choices":[{"not_picked":["Runesmith:Prism","Runesmith:ShiftingStrike","Runesmith:CraftIncendium"],"picked":"SKIP","floor":1},{"not_picked":["Runesmith:Firewall","Runesmith:LithiumIon"],"picked":"Runesmith:Refine","floor":5},{"not_picked":["Runesmith:UnstableHammer","Runesmith:HammerTime"],"picked":"Runesmith:ChiselStab","floor":7},{"not_picked":["Runesmith:NanitesCloud","Runesmith:HeatedChisel"],"picked":"Runesmith:HammerThrow","floor":10},{"not_picked":["Runesmith:Repurpose","Runesmith:Permafrost"],"picked":"Runesmith:Firestorm","floor":11},{"not_picked":["Runesmith:NanitesCloud","Runesmith:LightningRod","Runesmith:Repurpose"],"picked":"SKIP","floor":12},{"not_picked":["Runesmith:CraftMagma","Runesmith:GoWithTheFlow"],"picked":"Runesmith:Grindstone","floor":14}],"player_experience":409203,"relics_obtained":[{"floor":4,"key":"Calipers"},{"floor":7,"key":"ReplayTheSpireMod:Lightbulb"},{"floor":9,"key":"Regal Pillow"}],"event_choices":[{"damage_healed":0,"gold_gain":0,"player_choice":"Entered Light","damage_taken":15,"max_hp_gain":0,"max_hp_loss":0,"event_name":"Shining Light","floor":2,"gold_loss":0,"cards_upgraded":["Runesmith:Strike_RS","Runesmith:Fortify"]},{"damage_healed":0,"gold_gain":0,"player_choice":"Ignored","damage_taken":0,"max_hp_gain":0,"max_hp_loss":0,"event_name":"Golden Idol","floor":3,"gold_loss":0},{"cards_removed":["Runesmith:HammerThrow"],"damage_healed":5,"gold_gain":0,"player_choice":"Offered Common","damage_taken":0,"max_hp_gain":0,"max_hp_loss":0,"event_name":"Bonfire Elementals","floor":13,"gold_loss":0},{"cards_removed":["Runesmith:HammerThrow"],"damage_healed":5,"gold_gain":0,"player_choice":"Offered Special","damage_taken":0,"max_hp_gain":0,"max_hp_loss":0,"event_name":"Bonfire Elementals","floor":13,"gold_loss":0}],"is_beta":false,"boss_relics":[],"items_purged_floors":[],"is_endless":false,"potions_floor_spawned":[1,5,12,14],"killed_by":"Fading Forest","ascension_level":0}}