{"host":"iznqfvo3hw1g9wtc","time":1607803567,"event":{"mods":["2.2 Compatiblity","AchievementEnabler","Aspiration","BaseMod","Bestiary","Colored Map","Colored Powertips","GungeonMod","Highlight Path","Hubris","Infinite Spire","Minty Spire (QoL Compilation)","Practice Mode","Quick Restart","Random Character Button","Rare Cards Sparkle","Replay The Spire","Spire Birthday Party","StSLib","Synergy Search","The Jungle"],"gold_per_floor":[110,110,123,123,123,123,135,135,184,184,184,297,297,317,317,419,419,432,27,27,27,140,140,172,172,247,263,321,351,351,370,195,293,293,310,310,49,95,20,20,32,32,32,50,50,81,81,106,106,106],"floor_reached":51,"playtime":1641,"items_purged":["Defend_G"],"score":954,"play_id":"0cb134dd-03ad-4060-a93c-d4f8ca5a69f7","local_time":"20201212210607","daily_mods":["Heirloom","Time Dilation","Flight"],"is_ascension_mode":false,"campfire_choices":[{"data":"Dodge and Roll","floor":6,"key":"SMITH"},{"data":"Sucker Punch","floor":8,"key":"SMITH"},{"data":"Survivor","floor":10,"key":"SMITH"},{"data":"Dagger Spray","floor":13,"key":"SMITH"},{"data":"Blade Dance","floor":15,"key":"SMITH"},{"data":"Glass Knife","floor":23,"key":"SMITH"},{"floor":40,"key":"REST"},{"data":"Blade Dance","floor":45,"key":"SMITH"},{"floor":49,"key":"REST"}],"circlet_count":0,"master_deck":["Strike_G","Strike_G","Strike_G","Strike_G","Defend_G","Defend_G","Defend_G","Survivor+1","Neutralize+1","Sucker Punch+1","Dodge and Roll+1","Dagger Spray+1","Blade Dance+1","Glass Knife+1","Backflip+1","PiercingWail+1","Blur+1","Cloak And Dagger+1","Flechettes+1","Well Laid Plans+1","Distraction+1","Backflip+1","Cloak And Dagger+1","Blade Dance+1","ReplayTheSpireMod:Shiv Toss+1","Noxious Fumes+1"],"relics":["Ring of the Snake","Replay:PocketPolymizer","hubris:Icosahedron","Replay:Wax Seal","DemoMod:GlassGuonStoneRelic","WristBlade","aspiration:FetidBarrel","aspiration:Lifesprig","Chameleon Ring","hubris:Metronome","aspiration:HummingbirdHeart","Toy Ornithopter","infinitespire:EmpoweringShard","theJungle:ShellPeas","hubris:ScarierMask","Shuriken","Counterbalance","Snake Skull","aspiration:SeaSaltIceCream","aspiration:Nostalgia","Burning Blood","hubris:MedicalManual"],"acts_visited":["Exordium","Exordium","TheBeyond"],"potions_floor_usage":[14,16,24,33,33,44,50],"damage_taken":[{"damage":1,"enemies":"Cultist","floor":1,"turns":4},{"damage":1,"enemies":"2 Louse","floor":3,"turns":3},{"damage":0,"enemies":"Small Slimes","floor":7,"turns":4},{"damage":0,"enemies":"3 Louse","floor":12,"turns":4},{"damage":3,"enemies":"Exordium Wildlife","floor":14,"turns":3},{"damage":12,"enemies":"The Guardian","floor":16,"turns":16},{"damage":0,"enemies":"theJungle:MUSHROOMGANG","floor":18,"turns":4},{"damage":0,"enemies":"Shell Parasite","floor":22,"turns":2},{"damage":0,"enemies":"theJungle:Cassacara","floor":24,"turns":3},{"damage":0,"enemies":"Snake Plant","floor":27,"turns":2},{"damage":0,"enemies":"theJungle:2_Phrogs","floor":29,"turns":4},{"damage":0,"enemies":"theJungle:2_Snecko_Cultists","floor":31,"turns":2},{"damage":0,"enemies":"theJungle:QueenSpyder","floor":33,"turns":7},{"damage":0,"enemies":"3 Shapes","floor":35,"turns":2},{"damage":0,"enemies":"2 Orb Walkers","floor":38,"turns":1},{"damage":0,"enemies":"3 Darklings","floor":41,"turns":3},{"damage":0,"enemies":"Writhing Mass","floor":44,"turns":3},{"damage":0,"enemies":"R_Hoarder","floor":46,"turns":2},{"damage":0,"enemies":"Nemesis","floor":48,"turns":3},{"damage":0,"enemies":"hubris:GrandSnecko","floor":50,"turns":4}],"seed_played":"580623644675958406","potions_obtained":[{"floor":3,"key":"Strength Potion"},{"floor":7,"key":"SkillPotion"},{"floor":14,"key":"Fire Potion"},{"floor":25,"key":"Elixir"},{"floor":25,"key":"ColorlessPotion"},{"floor":28,"key":"AttackPotion"},{"floor":33,"key":"Explosive Potion"},{"floor":35,"key":"Swift Potion"}],"is_trial":true,"path_per_floor":["M","?","M","?","?","R","M","R","T","R","?","M","R","M","R","B",null,"M","$","T","?","M","R","E","R","T","M","?","E","?","M","R_BF","B",null,"M","?","$","?","$","R","M","?","T","M","R","E","?","E","R","B",null],"character_chosen":"THE_SILENT","items_purchased":["aspiration:FetidBarrel","aspiration:Lifesprig","Shuriken"],"campfire_rested":2,"item_purchase_floors":[19,19,37],"current_hp_per_floor":[69,74,73,73,73,73,73,73,73,73,66,66,66,63,63,51,75,75,75,75,75,75,75,75,75,75,75,75,75,75,75,75,75,75,75,75,75,75,75,75,75,71,71,71,71,71,71,71,71,71],"gold":106,"neow_bonus":"","is_daily":false,"chose_seed":false,"campfire_upgraded":7,"win_rate":0.0,"timestamp":1607803567,"path_taken":["M","?","M","?","?","R","M","R","T","R","?","?","R","M","R","BOSS","M","$","?","?","M","R","E","R","T","?","?","E","?","M","R_BF","BOSS","M","?","?","?","?","R","?","?","T","M","R","E","?","E","R","BOSS"],"items_purchased_type":["Relic","Relic","Relic"],"build_version":"2020-11-30","purchased_purges":1,"victory":true,"max_hp_per_floor":[70,75,75,75,75,75,75,75,75,75,75,75,75,75,75,75,75,75,75,75,75,75,75,75,75,75,75,75,75,75,75,75,75,75,75,75,75,75,75,75,75,71,71,71,71,71,71,71,71,71],"card_choices":[{"not_picked":["Masterful Stab","Eviscerate"],"picked":"Sucker Punch","floor":1},{"not_picked":["ReplayTheSpireMod:The Works","Dash"],"picked":"Dodge and Roll","floor":3},{"not_picked":["ReplayTheSpireMod:The Works","Prepared","Dagger Throw"],"picked":"SKIP","floor":7},{"not_picked":["Sneak Up","Poisoned Stab"],"picked":"Dagger Spray","floor":12},{"not_picked":["Setup","Bane"],"picked":"Blade Dance","floor":14},{"not_picked":["Grand Finale","Malaise"],"picked":"Glass Knife","floor":16},{"not_picked":["Reflex+1","Sneak Up+1"],"picked":"Backflip+1","floor":18},{"not_picked":["Sucker Punch","Expertise"],"picked":"PiercingWail+1","floor":22},{"not_picked":["Acrobatics","All Out Attack","ReplayTheSpireMod:The Works+1"],"picked":"SKIP","floor":24},{"not_picked":["hubris:TrickCloak+1","Tactician"],"picked":"Blur+1","floor":27},{"not_picked":["Caltrops","Predator"],"picked":"Cloak And Dagger","floor":28},{"not_picked":["Calculated Gamble+1","Acrobatics+1"],"picked":"Flechettes+1","floor":29},{"not_picked":["Poisoned Stab","Eviscerate"],"picked":"Well Laid Plans+1","floor":31},{"not_picked":["Flying Knee+1","Outmaneuver"],"picked":"Distraction","floor":35},{"not_picked":["Acrobatics","PiercingWail"],"picked":"Backflip+1","floor":38},{"not_picked":["hubris:Counter","Flechettes+1"],"picked":"Cloak And Dagger+1","floor":41},{"not_picked":["Prepared","infinitespire:Neurotoxin"],"picked":"Blade Dance","floor":44},{"not_picked":["Atom Bomb","Dagger Throw"],"picked":"ReplayTheSpireMod:Shiv Toss+1","floor":46},{"not_picked":["Distraction","Slice"],"picked":"Noxious Fumes+1","floor":48}],"player_experience":360265,"relics_obtained":[{"floor":9,"key":"Replay:Wax Seal"},{"floor":20,"key":"Chameleon Ring"},{"floor":24,"key":"hubris:Metronome"},{"floor":26,"key":"aspiration:HummingbirdHeart"},{"floor":28,"key":"Toy Ornithopter"},{"floor":29,"key":"DemoMod:WeirdEgg"},{"floor":38,"key":"Counterbalance"},{"floor":43,"key":"Snake Skull"},{"floor":46,"key":"aspiration:SeaSaltIceCream"},{"floor":48,"key":"hubris:MedicalManual"}],"event_choices":[{"damage_healed":0,"gold_gain":0,"player_choice":"Donut","damage_taken":0,"max_hp_gain":5,"max_hp_loss":0,"event_name":"Big Fish","floor":2,"gold_loss":0},{"damage_healed":0,"gold_gain":0,"player_choice":"Grow","damage_taken":0,"max_hp_gain":0,"max_hp_loss":0,"event_name":"Living Wall","floor":4,"gold_loss":0,"cards_upgraded":["Neutralize"]},{"cards_removed":["Strike_G"],"damage_healed":0,"gold_gain":0,"player_choice":"Card Removal","damage_taken":7,"max_hp_gain":0,"max_hp_loss":0,"event_name":"Golden Wing","floor":11,"gold_loss":0},{"damage_healed":0,"gold_gain":0,"player_choice":"Ignored","damage_taken":0,"max_hp_gain":0,"max_hp_loss":0,"event_name":"NoteForYourself","floor":21,"gold_loss":0},{"damage_healed":0,"gold_gain":0,"player_choice":"Upgraded","damage_taken":0,"max_hp_gain":0,"max_hp_loss":0,"event_name":"Upgrade Shrine","floor":36,"gold_loss":0,"cards_upgraded":["Distraction"]},{"damage_healed":0,"gold_gain":0,"player_choice":"Fight","damage_taken":0,"max_hp_gain":0,"max_hp_loss":0,"event_name":"Mysterious Sphere","floor":38,"gold_loss":0},{"damage_healed":0,"gold_gain":0,"player_choice":"Max HP","damage_taken":0,"max_hp_gain":0,"max_hp_loss":4,"event_name":"Winding Halls","floor":42,"gold_loss":0},{"cards_removed":["Defend_G"],"damage_healed":0,"gold_gain":0,"player_choice":"Offered Basic","damage_taken":0,"max_hp_gain":0,"max_hp_loss":0,"event_name":"Bonfire Elementals","floor":47,"gold_loss":0}],"is_beta":false,"boss_relics":[{"not_picked":["Coffee Dripper","Velvet Choker"],"picked":"WristBlade"},{"not_picked":["DemoMod:WaxWing","aspiration:IroncladSkillbook"],"picked":"hubris:ScarierMask"}],"items_purged_floors":[39],"is_endless":false,"potions_floor_spawned":[3,7,14,27,31,33,35],"ascension_level":0}}