{"host":"x5ow3h9y3elojghk","time":1607769967,"event":{"mods":["BaseMod","Downfall","Duelist Mod","KinomotoSakuraMod(ƒæ÷Æ±æ”£)","Marisa£®ÏF”Í°°ƒß¿Ì…≥£©","Minty Spire (QoL Compilation)","Reimu£®≤©¿ˆ¡È√Œ£©","Remilia£®¿Ÿ√◊¿Ú—«£©","StSLib","The Administrix","The Bug Knight","The Construct","The Cursed","The Hierophant","The Poker Player","The Runesmith","The Senshi","The Servant 0.9.4","Youmu£®ªÍ∆«—˝√Œ£©","[IsaacMod]“‘»ˆº‚À˛"],"gold_per_floor":[117,40,40,50,60,113,113],"floor_reached":6,"playtime":269,"items_purged":["Defend_RM"],"score":48,"play_id":"bb68b215-89ad-48a2-803f-8264610b46dc","local_time":"20201212184607","is_ascension_mode":true,"campfire_choices":[],"circlet_count":0,"master_deck":["Strike_RM","Strike_RM","Strike_RM","Strike_RM","Defend_RM","Defend_RM","Defend_RM","RedMoon","ScarletShoot","GlobalNightmare","ChaoticDestiny","Regret","MastersStateliness","BloodyHallows"],"relics":["ScarletHat","HushsDoor","SteamSale","NeowsBlessing","SalivaCoin","SharpPlug"],"acts_visited":["Exordium"],"potions_floor_usage":[6],"damage_taken":[{"damage":0,"enemies":"Jaw Worm","floor":1,"turns":1},{"damage":0,"enemies":"Cultist","floor":4,"turns":1},{"damage":0,"enemies":"2 Louse","floor":5,"turns":1},{"damage":16,"enemies":"Gremlin Nob","floor":6,"turns":5}],"seed_played":"-812969281347499147","potions_obtained":[{"floor":1,"key":"SpeedPotion"},{"floor":5,"key":"Fire Potion"},{"floor":6,"key":"Slimebound:ThreeZeroPotion"}],"is_trial":false,"path_per_floor":["M","$","?","M","M","E"],"character_chosen":"REMILIA","items_purchased":["ChaoticDestiny"],"campfire_rested":0,"item_purchase_floors":[2],"current_hp_per_floor":[75,75,75,75,75,61,61],"gold":113,"neow_bonus":"THREE_ENEMY_KILL","is_daily":false,"chose_seed":false,"campfire_upgraded":0,"win_rate":0.0,"timestamp":1607769967,"path_taken":["M","$","?","M","M","E"],"items_purchased_type":["Card"],"build_version":"2020-11-30","purchased_purges":1,"victory":false,"max_hp_per_floor":[75,75,75,75,75,75,75],"card_choices":[{"not_picked":["BloodyTrap","Bomb"],"picked":"GlobalNightmare","floor":1},{"not_picked":["ScarletDevil","Ultimatum"],"picked":"MastersStateliness","floor":4},{"not_picked":["ScarletDevil","VampireKiss","StarOfDavid"],"picked":"SKIP","floor":5},{"not_picked":["BloodyMagicSquare","BombardNight"],"picked":"BloodyHallows","floor":6}],"player_experience":277019,"relics_obtained":[{"floor":6,"key":"SharpPlug"}],"event_choices":[{"damage_healed":0,"gold_gain":0,"player_choice":"Box","damage_taken":0,"relics_obtained":["SalivaCoin"],"max_hp_gain":0,"max_hp_loss":0,"event_name":"Big Fish","floor":3,"gold_loss":0,"cards_obtained":["Regret"]}],"is_beta":false,"boss_relics":[],"items_purged_floors":[2],"is_endless":false,"potions_floor_spawned":[1,5,6],"killed_by":"Gremlin Nob","ascension_level":1}}