{"host":"t9ey1ebdrj6sa9fi","time":1607799218,"event":{"mods":["AchievementEnabler","Act Like it!","Aspiration","Astrologer","Bard","BaseMod","Better Altar","Better Match","Better Note","Better Sensory Stone","Better Silent Start","Better Third Choice","Better Vampires","ChefMod","Chen","Colored Map","Colored Powertips","Emptier Cage","Faster Ascension Climbing","Gensokyo","Highlight Path","Hubris","Jedi Mod","Marisa????????","Mimic Mod","Minty Spire (QoL Compilation)","Optimize The Spire","Pale of the Ancients","Permanent Neow","Quick Restart","Random Character Button","Relic Stats","Replay The Spire","Reworked Bosses","Shop Mod","Spicy Shops","StSLib","SuperFastMode","The Dragon Tamer","The IronCluck","Wandering Minibosses","everything is the same but u backflip on backflip","slay the spire mod where everything is the same but ironclad has a cowboy hat"],"gold_per_floor":[117,42,42,42,61,88,115,125,157,187,206,206,224,256,256,354,354,365,384,395,2,20,17,17,17],"floor_reached":24,"playtime":1586,"items_purged":["astrologer:Strike"],"score":264,"play_id":"88bee998-6e83-4e86-b6c0-fa84ff32e0e4","local_time":"20201212195338","is_ascension_mode":true,"campfire_choices":[{"data":"astrologer:CometStrike","floor":12,"key":"SMITH"},{"data":"astrologer:Fireball","floor":15,"key":"SMITH"}],"circlet_count":0,"master_deck":["astrologer:Strike+1","astrologer:Strike+1","astrologer:Strike","astrologer:Defend","astrologer:Defend","astrologer:Defend","astrologer:Defend","astrologer:TheFool","astrologer:MeteorShower","Sadistic Nature+1","astrologer:CometStrike+1","astrologer:SpaceDust","astrologer:Still","astrologer:Fireball+1","astrologer:SolarFlare","astrologer:MeteorShower","astrologer:SpaceDust","astrologer:DarkMatter","astrologer:Opposition+1","astrologer:MeteorShower","astrologer:CrystalBall","astrologer:Opposition+1","astrologer:Alignment"],"relics":["astrologer:SkyMirror","hubris:Potato","Gensokyo:Justice","hubris:PeanutButter","Ancient Tea Set","hubris:ToyBattleship","Centennial Puzzle","Omamori","Mummified Hand","Ring of Chaos","Membership Card","hubris:Zylophone","Happy Flower","ReplayTheSpireMod:CursedCoin","Chemical X","Simple Rune","Frozen Eye"],"acts_visited":["Gensokyo:Gensokyo","Gensokyo:Gensokyoer"],"potions_floor_usage":[24],"damage_taken":[{"damage":1,"enemies":"Gensokyo:Python","floor":1,"turns":3},{"damage":0,"enemies":"Gensokyo:Gryphon","floor":5,"turns":3},{"damage":21,"enemies":"Gensokyo:Aya","floor":6,"turns":8},{"damage":1,"enemies":"Gensokyo:Cirno","floor":7,"turns":5},{"damage":0,"enemies":"Gensokyo:3_Fairies","floor":8,"turns":3},{"damage":6,"enemies":"Gensokyo:3_Kodama","floor":9,"turns":7},{"damage":0,"enemies":"Gensokyo:Mamizou","floor":10,"turns":6},{"damage":0,"enemies":"Gensokyo:3_Kodama","floor":11,"turns":3},{"damage":0,"enemies":"Gensokyo:Kitsune","floor":13,"turns":2},{"damage":1,"enemies":"Gensokyo:Aya","floor":14,"turns":4},{"damage":7,"enemies":"Gensokyo:Reimu","floor":16,"turns":7},{"damage":4,"enemies":"Gensokyo:3_Dogs","floor":18,"turns":4},{"damage":29,"enemies":"Gensokyo:Chomper","floor":19,"turns":7},{"damage":5,"enemies":"Gensokyo:Wraith","floor":20,"turns":3},{"damage":19,"enemies":"Gensokyo:Slime_Group","floor":22,"turns":4},{"damage":9,"enemies":"Gensokyo:Koishi","floor":24,"turns":2}],"seed_played":"-4842126330643988199","potions_obtained":[{"floor":7,"key":"Block Potion"},{"floor":8,"key":"EssenceOfSteel"},{"floor":10,"key":"Strength Potion"},{"floor":20,"key":"Flashbang"},{"floor":22,"key":"Block Potion"}],"is_trial":false,"path_per_floor":["M","?","?","T","M","E","?","M","MIM","E","M","R","M","E","R","B",null,"M","M","M","$","M","$","E"],"character_chosen":"ASTROLOGER","items_purchased":["Membership Card","hubris:Zylophone","Happy Flower","astrologer:Opposition+1","ReplayTheSpireMod:CursedCoin","Chemical X","Simple Rune"],"campfire_rested":0,"item_purchase_floors":[21,21,21,21,23,23,23],"current_hp_per_floor":[62,62,62,62,62,41,40,40,34,34,34,34,34,33,33,26,63,59,30,25,25,6,6,0,0],"gold":17,"neow_bonus":"ONE_RARE_RELIC","is_daily":false,"chose_seed":false,"campfire_upgraded":2,"win_rate":0.0,"timestamp":1607799218,"path_taken":["M","?","?","?","M","E","?","M","MIM","E","M","R","M","E","R","BOSS","M","?","M","$","M","$","E"],"items_purchased_type":["Relic","Relic","Relic","Card","Relic","Relic","Relic"],"build_version":"2020-11-30","purchased_purges":1,"victory":false,"max_hp_per_floor":[63,63,63,63,63,63,63,63,63,63,63,63,63,63,63,63,63,63,63,63,63,63,63,63,63],"relic_stats":{"Centennial Puzzle":[21],"Happy Flower":[2],"counters":[16,71],"Mummified Hand":[8],"Chemical X":[1],"obtain_stats":[{"Happy Flower":21,"ReplayTheSpireMod:CursedCoin":23,"Ring of Chaos":17,"Omamori":10,"Gensokyo:Justice":3,"Ancient Tea Set":6,"hubris:Zylophone":21,"Frozen Eye":24,"Centennial Puzzle":9,"Mummified Hand":14,"hubris:PeanutButter":4,"Simple Rune":23,"astrologer:SkyMirror":0,"hubris:ToyBattleship":7,"Membership Card":21,"Chemical X":23,"hubris:Potato":0},{"Happy Flower":14,"ReplayTheSpireMod:CursedCoin":15,"Ring of Chaos":11,"Omamori":7,"Gensokyo:Justice":1,"Ancient Tea Set":3,"hubris:Zylophone":14,"Frozen Eye":15,"Centennial Puzzle":6,"Mummified Hand":10,"hubris:PeanutButter":1,"Simple Rune":15,"astrologer:SkyMirror":0,"hubris:ToyBattleship":4,"Membership Card":14,"Chemical X":15,"hubris:Potato":0},{"Happy Flower":65,"ReplayTheSpireMod:CursedCoin":69,"Ring of Chaos":51,"Omamori":35,"Gensokyo:Justice":3,"Ancient Tea Set":14,"hubris:Zylophone":65,"Frozen Eye":69,"Centennial Puzzle":29,"Mummified Hand":44,"hubris:PeanutButter":3,"Simple Rune":69,"astrologer:SkyMirror":0,"hubris:ToyBattleship":19,"Membership Card":65,"Chemical X":69,"hubris:Potato":0}]},"card_choices":[{"not_picked":["astrologer:SpaceDust","astrologer:Prismatic"],"picked":"astrologer:MeteorShower","floor":1},{"not_picked":["Violence+1","Midas Touch+1"],"picked":"Sadistic Nature+1","floor":2},{"not_picked":["astrologer:Conjunction","astrologer:Judgement"],"picked":"astrologer:CometStrike","floor":5},{"not_picked":["astrologer:Novile","astrologer:TheStar"],"picked":"astrologer:SpaceDust","floor":6},{"not_picked":["astrologer:SolarFlare","astrologer:TheTower"],"picked":"astrologer:Still","floor":7},{"not_picked":["astrologer:Glimpse","astrologer:Conjunction"],"picked":"astrologer:Fireball","floor":8},{"not_picked":["astrologer:Justice","astrologer:BlackHole"],"picked":"astrologer:SolarFlare","floor":10},{"not_picked":["astrologer:TheHermit","astrologer:FrozenStar"],"picked":"astrologer:MeteorShower","floor":11},{"not_picked":["astrologer:Premeditation","astrologer:ReadTheStars"],"picked":"astrologer:SpaceDust","floor":13},{"not_picked":["astrologer:TheTower","astrologer:MeteorShower","astrologer:CometStrike"],"picked":"SKIP","floor":14},{"not_picked":["astrologer:Wish","astrologer:RejectReality"],"picked":"astrologer:DarkMatter","floor":16},{"not_picked":["astrologer:Quincunx","astrologer:MeteorShower"],"picked":"astrologer:Opposition+1","floor":18},{"not_picked":["astrologer:Conjunction+1","astrologer:FadingStar"],"picked":"astrologer:MeteorShower","floor":19},{"not_picked":["astrologer:SpaceDust","astrologer:Still"],"picked":"astrologer:CrystalBall","floor":20},{"not_picked":["astrologer:Divination","astrologer:Justice+1"],"picked":"astrologer:Alignment","floor":22}],"player_experience":95358,"relics_obtained":[{"floor":4,"key":"hubris:PeanutButter"},{"floor":6,"key":"Ancient Tea Set"},{"floor":7,"key":"hubris:ToyBattleship"},{"floor":9,"key":"Centennial Puzzle"},{"floor":10,"key":"Omamori"},{"floor":14,"key":"Mummified Hand"}],"event_choices":[{"damage_healed":0,"gold_gain":0,"player_choice":"2","damage_taken":0,"max_hp_gain":0,"max_hp_loss":0,"event_name":"betterMatch:BetterMatch","floor":2,"gold_loss":0,"cards_obtained":["betterMatch:ColorlessRareCard"]}],"is_beta":false,"boss_relics":[{"not_picked":["hubris:VirtuousBlindfold","Pandora\u0027s Box"],"picked":"Ring of Chaos"}],"items_purged_floors":[23],"is_endless":false,"potions_floor_spawned":[7,8,10,11,19,20,22],"killed_by":"Gensokyo:Koishi","ascension_level":1}}