{"host":"p6y17sixyu8q9v1f","time":1607779730,"event":{"mods":["BaseMod","Colored Map","Minty Spire (QoL Compilation)"],"gold_per_floor":[114,114,45,61,61,61,89,89,89,101,118,133,163,11,11,11,11],"floor_reached":16,"playtime":343,"items_purged":[],"score":162,"play_id":"66c2dde8-c992-404c-962c-ad93b9ea6d7c","local_time":"20201212072850","is_ascension_mode":true,"campfire_choices":[{"data":"Zap","floor":6,"key":"SMITH"},{"data":"Defragment","floor":8,"key":"SMITH"},{"floor":15,"key":"REST"}],"circlet_count":0,"master_deck":["Strike_B","Strike_B","Strike_B+1","Strike_B","Defend_B","Defend_B+1","Defend_B","Defend_B","Zap+1","Dualcast","Leap","Defragment+1","Coolheaded","Leap"],"relics":["Cracked Core","NeowsBlessing","Nunchaku","Akabeko","Pear","Molten Egg 2","Bag of Preparation"],"acts_visited":["Exordium"],"potions_floor_usage":[16],"damage_taken":[{"damage":0,"enemies":"Small Slimes","floor":1,"turns":1},{"damage":0,"enemies":"2 Louse","floor":4,"turns":1},{"damage":0,"enemies":"Lagavulin","floor":7,"turns":2},{"damage":6,"enemies":"Cultist","floor":10,"turns":3},{"damage":23,"enemies":"Large Slime","floor":11,"turns":5},{"damage":0,"enemies":"Blue Slaver","floor":12,"turns":3},{"damage":23,"enemies":"Gremlin Nob","floor":13,"turns":4},{"damage":43,"enemies":"Slime Boss","floor":16,"turns":5}],"seed_played":"-6141752427698910808","potions_obtained":[{"floor":11,"key":"Ancient Potion"},{"floor":13,"key":"Strength Potion"}],"is_trial":false,"path_per_floor":["M","?","?","M","$","R","E","R","T","M","M","M","E","$","R","B"],"character_chosen":"DEFECT","items_purchased":["Bag of Preparation"],"campfire_rested":1,"item_purchase_floors":[14],"current_hp_per_floor":[75,60,60,60,60,60,60,60,70,64,41,41,18,18,43,0,0],"gold":11,"neow_bonus":"THREE_ENEMY_KILL","is_daily":false,"chose_seed":false,"campfire_upgraded":2,"win_rate":0.0,"timestamp":1607779730,"path_taken":["M","?","?","?","$","R","E","R","T","M","M","M","E","$","R","BOSS"],"items_purchased_type":["Relic"],"build_version":"2020-11-30","purchased_purges":0,"victory":false,"max_hp_per_floor":[75,75,75,75,75,75,75,75,85,85,85,85,85,85,85,85,85],"card_choices":[{"not_picked":["Ball Lightning","Compile Driver"],"picked":"Leap","floor":1},{"not_picked":["Doom and Gloom","BootSequence"],"picked":"Defragment","floor":4},{"not_picked":["Turbo","Compile Driver","Biased Cognition"],"picked":"SKIP","floor":7},{"not_picked":["Lockon","Gash"],"picked":"Coolheaded","floor":10},{"not_picked":["Sweeping Beam","Hologram","Stack"],"picked":"SKIP","floor":11},{"not_picked":["Scrape","Hologram"],"picked":"Leap","floor":12},{"not_picked":["Chaos","Skim","Scrape+1"],"picked":"SKIP","floor":13}],"player_experience":739979,"relics_obtained":[{"floor":7,"key":"Akabeko"},{"floor":9,"key":"Pear"},{"floor":13,"key":"Molten Egg 2"}],"event_choices":[{"damage_healed":0,"gold_gain":0,"player_choice":"Entered Light","damage_taken":15,"max_hp_gain":0,"max_hp_loss":0,"event_name":"Shining Light","floor":2,"gold_loss":0,"cards_upgraded":["Defend_B","Strike_B"]},{"damage_healed":0,"gold_gain":0,"player_choice":"Paid Gold","damage_taken":0,"relics_obtained":["Nunchaku"],"max_hp_gain":0,"max_hp_loss":0,"event_name":"WeMeetAgain","floor":3,"gold_loss":69}],"is_beta":false,"boss_relics":[],"items_purged_floors":[],"is_endless":false,"potions_floor_spawned":[11,13],"killed_by":"Slime Boss","ascension_level":4}}