{"host":"re9xirrjoezsqg3h","time":1607783838,"event":{"mods":["AchievementEnabler","BaseMod","Dota2Spire","Downfall","GifTheSpireLib","Hermit","Luminous","Minty Spire (QoL Compilation)","Replay The Spire","Robot Space Explorer","StSLib","The Administrix","The Bug Knight","The Cursed","[IsaacMod]ÒÔÈö¼âËþ"],"gold_per_floor":[112,112,132,22,22,22,22,22,22,49,64,98,114,125,125,125,125],"floor_reached":16,"playtime":516,"items_purged":[],"score":100,"play_id":"9eb50512-f9f8-4b38-a3bd-7785383bf3ad","local_time":"20201212223718","is_ascension_mode":false,"campfire_choices":[{"data":"hermit:CursedWeapon","floor":6,"key":"SMITH"},{"data":"hermit:Strike_Hermit","floor":8,"key":"SMITH"},{"data":"hermit:Quickdraw","floor":15,"key":"SMITH"}],"circlet_count":0,"master_deck":["hermit:Strike_Hermit","hermit:Strike_Hermit+1","hermit:Defend_Hermit","hermit:Defend_Hermit","hermit:Defend_Hermit","hermit:Snapshot","hermit:Covet","SuicideKing","hermit:Shortfuse","hermit:CursedWeapon+1","hermit:CursedWeapon+1","hermit:Quickdraw+1","Bomb"],"relics":["HushsDoor","GuppysTail","Replay:Drink Me","StoneCalendar","Replay:PocketPolymizer","Unceasing Top"],"acts_visited":["Exordium"],"potions_floor_usage":[10,16],"damage_taken":[{"damage":0,"enemies":"2 Louse","floor":1,"turns":2},{"damage":0,"enemies":"Small Slimes","floor":3,"turns":2},{"damage":10,"enemies":"Gremlin Nob","floor":10,"turns":3},{"damage":4,"enemies":"Cultist","floor":11,"turns":4},{"damage":4,"enemies":"3 Louse","floor":13,"turns":2},{"damage":4,"enemies":"Exordium Wildlife","floor":14,"turns":2},{"damage":44,"enemies":"The Guardian","floor":16,"turns":6}],"seed_played":"-8188954634300620060","potions_obtained":[{"floor":1,"key":"Fire Potion"},{"floor":11,"key":"Dota2Spire:Clarity"}],"is_trial":false,"path_per_floor":["M","?","M","$","$","R","?","R","T","E","M","?","M","M","R","B"],"character_chosen":"HERMIT","items_purchased":["hermit:CursedWeapon","hermit:Quickdraw"],"campfire_rested":0,"item_purchase_floors":[4,4],"current_hp_per_floor":[57,57,57,57,57,57,57,57,57,47,43,43,39,35,35,0,0],"gold":125,"neow_bonus":"BOSS_RELIC","is_daily":false,"chose_seed":false,"campfire_upgraded":3,"win_rate":0.0,"timestamp":1607783838,"path_taken":["M","?","M","?","$","R","?","R","T","E","?","?","M","M","R","BOSS"],"items_purchased_type":["Card","Card"],"build_version":"2020-11-30","purchased_purges":0,"victory":false,"max_hp_per_floor":[57,57,57,57,57,57,57,57,57,57,57,57,57,57,57,57,57],"card_choices":[{"not_picked":[],"picked":"SuicideKing","floor":0},{"not_picked":["hermit:Dive","hermit:Misfire","hermit:Ricochet"],"picked":"SKIP","floor":1},{"not_picked":["hermit:Vantage","hermit:Gestalt"],"picked":"hermit:Shortfuse","floor":3},{"not_picked":["hermit:Desperado","hermit:Manifest","hermit:BigShot"],"picked":"SKIP","floor":10},{"not_picked":["hermit:SprayPray","hermit:Adapt","hermit:Snipe"],"picked":"SKIP","floor":11},{"not_picked":["hermit:Shortfuse","hermit:HighCaliber"],"picked":"Bomb","floor":12},{"not_picked":["hermit:Dive","hermit:LoneWolf","hermit:Misfire"],"picked":"SKIP","floor":13},{"not_picked":["hermit:ItchyTrigger","hermit:Headshot","hermit:Brawl"],"picked":"SKIP","floor":14}],"player_experience":260169,"relics_obtained":[{"floor":9,"key":"StoneCalendar"},{"floor":10,"key":"Replay:PocketPolymizer"},{"floor":12,"key":"Unceasing Top"}],"event_choices":[{"damage_healed":0,"gold_gain":0,"player_choice":"Grow","damage_taken":0,"max_hp_gain":0,"max_hp_loss":0,"event_name":"Living Wall","floor":7,"gold_loss":0,"cards_upgraded":["hermit:CursedWeapon"]}],"is_beta":false,"boss_relics":[],"items_purged_floors":[],"is_endless":false,"potions_floor_spawned":[1,11],"killed_by":"The Guardian","ascension_level":0}}