{"host":"7z347kdhnquy3q4q","time":1607776113,"event":{"mods":["Act Like it!","Aspiration","BaseMod","Hubris","Infinite Spire","Minty Spire (QoL Compilation)","Permanent Neow","Potionbrewer","Replay The Spire","Robot Space Explorer","StSLib","Wandering Minibosses","vexMod"],"gold_per_floor":[217,217,227,2,21,64,86,86,136,156,191,191,227,248,248,248,248,360,360,385,355,27,52,62,62,81,110,133,133,142,155,192,201,201,314,323,351,351,36,62,71,71,96,96,105,0,9,9,9,33,33,33],"floor_reached":53,"playtime":2651,"items_purged":["Pain","Writhe","RobotSpaceExplorer:Strike","RobotSpaceExplorer:Defend"],"score":1138,"play_id":"1adcb529-ae48-4761-a95e-40b7a55a5faa","local_time":"20201212062833","is_ascension_mode":true,"campfire_choices":[{"floor":8.0,"key":"REST"},{"floor":17.0,"key":"DIG"},{"floor":25,"key":"REST"},{"floor":34,"key":"DIG"},{"data":"RobotSpaceExplorer:ChargingLaser","floor":42,"key":"SMITH"},{"data":"RobotSpaceExplorer:ChargingLaser","floor":44,"key":"SMITH"}],"circlet_count":0,"master_deck":["RobotSpaceExplorer:Strike","RobotSpaceExplorer:Strike","RobotSpaceExplorer:Strike","RobotSpaceExplorer:Defend","RobotSpaceExplorer:Defend","RobotSpaceExplorer:Defend","RobotSpaceExplorer:Scan","RobotSpaceExplorer:MiniLasers+1","RobotSpaceExplorer:Blitz+1","RobotSpaceExplorer:Fix","RobotSpaceExplorer:MiniDrones","RobotSpaceExplorer:ChargingLaser+1","RobotSpaceExplorer:Counterblock","RobotSpaceExplorer:JunkDive","RobotSpaceExplorer:ScrapToss+1","RobotSpaceExplorer:RigExplosive","RobotSpaceExplorer:Discharger","RobotSpaceExplorer:ChargingLaser+1","RobotSpaceExplorer:ShovelStrike+1","RobotSpaceExplorer:JunkDive","RobotSpaceExplorer:GearShield","RobotSpaceExplorer:Probe","RobotSpaceExplorer:PowerGlove+1","RobotSpaceExplorer:ShockMissile","infinitespire:Starlight","RobotSpaceExplorer:Scanner","CurseOfTheBell","RobotSpaceExplorer:StarLightning+1","Replay:BasicMightCard","RobotSpaceExplorer:JunkDive+1","hubris:Ssssneak","hubris:Wrath","infinitespire:Punishment","RobotSpaceExplorer:BigMissile"],"relics":["RobotSpaceExplorer:RoboCore","WarpedTongs","CeramicFish","Potion Belt","Gremlin Food","Pear","Anchor","Bag of Preparation","infinitespire:Beetle Shell","Ring of Chaos","ClockworkSouvenir","aspiration:Lifesprig","Centennial Puzzle","hubris:TenFootPole","hubris:BottledRain","Cursed Key","aspiration:Nostalgia","infinitespire:DarkRift","ReplayTheSpireMod:Shallot","Calling Bell","RobotSpaceExplorer:FoglandsKnife","Blue Candle","Mango","Juzu Bracelet","Whetstone","infinitespire:ShieldingShard","Red Mask","ReplayTheSpireMod:Lightbulb"],"acts_visited":["Exordium","TheCity","TheBeyond"],"potions_floor_usage":[23,24,24,26,26,27,27,31,31,40,43,50,52,52],"damage_taken":[{"damage":1.0,"enemies":"Small Slimes","floor":1.0,"turns":4.0},{"damage":7.0,"enemies":"Cultist","floor":3.0,"turns":4.0},{"damage":0.0,"enemies":"Jaw Worm","floor":5.0,"turns":3.0},{"damage":13.0,"enemies":"Lagavulin","floor":6.0,"turns":8.0},{"damage":3.0,"enemies":"2 Fungi Beasts","floor":7.0,"turns":5.0},{"damage":1.0,"enemies":"Large Slime","floor":10.0,"turns":7.0},{"damage":11.0,"enemies":"Gremlin Nob","floor":11.0,"turns":4.0},{"damage":13.0,"enemies":"Lagavulin","floor":13.0,"turns":5.0},{"damage":0.0,"enemies":"Blue Slaver","floor":14.0,"turns":2.0},{"damage":22.0,"enemies":"The Guardian","floor":18.0,"turns":13.0},{"damage":2.0,"enemies":"Shell Parasite","floor":20.0,"turns":5.0},{"damage":0,"enemies":"3 Byrds","floor":23,"turns":2},{"damage":4,"enemies":"Snake Plant","floor":24,"turns":4},{"damage":0,"enemies":"Centurion and Healer","floor":26,"turns":8},{"damage":0,"enemies":"Shelled Parasite and Fungi","floor":27,"turns":4},{"damage":25,"enemies":"Snecko","floor":31,"turns":5},{"damage":3,"enemies":"Slavers","floor":32,"turns":5},{"damage":0,"enemies":"Champ","floor":35,"turns":5},{"damage":0,"enemies":"Orb Walker","floor":37,"turns":1},{"damage":1,"enemies":"3 Darklings","floor":40,"turns":3},{"damage":10,"enemies":"R_Hoarder","floor":43,"turns":5},{"damage":0,"enemies":"Maw","floor":50,"turns":2},{"damage":1,"enemies":"Donu and Deca","floor":52,"turns":6}],"seed_played":"-5424372902125070034","potions_obtained":[{"floor":3.0,"key":"Adrenaline Potion"},{"floor":5.0,"key":"Adrenaline Potion"},{"floor":7.0,"key":"Energy Potion"},{"floor":10.0,"key":"CultistPotion"},{"floor":14.0,"key":"potionbrewer:DiscountPotion"},{"floor":21.0,"key":"Doom Potion"},{"floor":21.0,"key":"Toxic Potion"},{"floor":23,"key":"LiquidMemories"},{"floor":24,"key":"Languid Potion"},{"floor":26,"key":"potionbrewer:ToxicPotion"},{"floor":35,"key":"FearPotion"},{"floor":43,"key":"SkillPotion"},{"floor":51,"key":"RobotSpaceExplorer:LiquidFusion"}],"is_trial":false,"path_per_floor":["M","?","M","$","M","E","M","R","T","M","E","?","E","M","PTL","PTL","R","B",null,"M","?","$","M","M","R","M","M","T","?","?","M","E","AVR","R","B",null,"M","?","$","M","?","R","E","R","T","?","?","?","AVR","M","R","B",null],"character_chosen":"RobotSpaceExplorer","items_purchased":["CeramicFish","ClockworkSouvenir","aspiration:Lifesprig","RobotSpaceExplorer:JunkDive","Juzu Bracelet","Replay:BasicMightCard"],"campfire_rested":2,"item_purchase_floors":[4,22,22,22,39,39],"current_hp_per_floor":[67,67,60,60,60,51,48,70,70,73,74,74,67,67,67,67,67,49,76,74,74,74,74,76,85,85,85,85,85,85,60,61,61,61,75,97,97,97,97,99,99,99,89,89,89,89,77,77,77,81,81,94],"gold":33,"neow_bonus":"HUNDRED_GOLD","is_daily":false,"chose_seed":false,"campfire_upgraded":2,"win_rate":0.0,"timestamp":1607776113,"path_taken":["M","?","?","$","M","E","M","R","T","?","E","?","E","M","PTL","PTL","R","BOSS","M","?","$","M","?","R","?","M","T","?","?","M","E","AVR","R","BOSS","M","?","$","M","?","R","E","R","T","?","?","?","AVR","M","R","BOSS"],"items_purchased_type":["Relic","Relic","Relic","Card","Relic","Card"],"build_version":"2020-11-30","purchased_purges":4,"victory":true,"max_hp_per_floor":[75,75,75,75,75,75,75,75,75,75,85,85,85,85,85,85,85,85,85,85,85,85,85,85,85,85,85,85,85,85,85,85,85,85,85,99,99,99,99,99,99,99,99,99,99,99,99,99,99,99,99,99],"card_choices":[{"not_picked":["RobotSpaceExplorer:SlimeMissile","RobotSpaceExplorer:PlasmaMissile"],"picked":"RobotSpaceExplorer:Blitz","floor":1.0},{"not_picked":["RobotSpaceExplorer:ScrapShield","RobotSpaceExplorer:SurgingStrike"],"picked":"RobotSpaceExplorer:Fix","floor":3.0},{"not_picked":["RobotSpaceExplorer:StarDust","RobotSpaceExplorer:SurgingShield"],"picked":"RobotSpaceExplorer:MiniDrones","floor":5.0},{"not_picked":["RobotSpaceExplorer:Probe","RobotSpaceExplorer:SurgingShield"],"picked":"RobotSpaceExplorer:ChargingLaser","floor":6.0},{"not_picked":["RobotSpaceExplorer:Calculate","RobotSpaceExplorer:FranticSearch"],"picked":"RobotSpaceExplorer:Counterblock","floor":7.0},{"not_picked":["RobotSpaceExplorer:FranticSearch","RobotSpaceExplorer:DualCore"],"picked":"RobotSpaceExplorer:JunkDive","floor":10.0},{"not_picked":["RobotSpaceExplorer:IronShell","RobotSpaceExplorer:ShovelStrike"],"picked":"RobotSpaceExplorer:ScrapToss","floor":11.0},{"not_picked":["RobotSpaceExplorer:ScrapMissile","RobotSpaceExplorer:ShockKick"],"picked":"RobotSpaceExplorer:RigExplosive","floor":13.0},{"not_picked":["RobotSpaceExplorer:ShovelStrike","RobotSpaceExplorer:GlueShot"],"picked":"RobotSpaceExplorer:Discharger","floor":14.0},{"not_picked":["RobotSpaceExplorer:Blaster","RobotSpaceExplorer:Exploration"],"picked":"RobotSpaceExplorer:ChargingLaser","floor":18.0},{"not_picked":["RobotSpaceExplorer:Pulsar+1","RobotSpaceExplorer:MiniDrones"],"picked":"RobotSpaceExplorer:ShovelStrike+1","floor":20.0},{"not_picked":["RobotSpaceExplorer:ShockKick","RobotSpaceExplorer:StunGrenade"],"picked":"RobotSpaceExplorer:GearShield","floor":23},{"not_picked":["RobotSpaceExplorer:FrostMissile","RobotSpaceExplorer:SlimeMissile+1","RobotSpaceExplorer:GlueShot"],"picked":"SKIP","floor":24},{"not_picked":["RobotSpaceExplorer:Pulsar","RobotSpaceExplorer:PlasmaMissile"],"picked":"RobotSpaceExplorer:Probe","floor":26},{"not_picked":["RobotSpaceExplorer:Electroshield","RobotSpaceExplorer:FrostMissile"],"picked":"RobotSpaceExplorer:PowerGlove+1","floor":27},{"not_picked":["RobotSpaceExplorer:ShockKick","RobotSpaceExplorer:SlimeMissile","RobotSpaceExplorer:Counterblock"],"picked":"SKIP","floor":31},{"not_picked":["RobotSpaceExplorer:MiniDrones+1","RobotSpaceExplorer:JunkDive+1"],"picked":"RobotSpaceExplorer:ShockMissile","floor":32},{"not_picked":["RobotSpaceExplorer:DroneSwarm","RobotSpaceExplorer:Comet"],"picked":"RobotSpaceExplorer:Scanner","floor":35},{"not_picked":["RobotSpaceExplorer:SwiftStep","RobotSpaceExplorer:Discharger"],"picked":"RobotSpaceExplorer:StarLightning+1","floor":37},{"not_picked":["RobotSpaceExplorer:Probe+1","RobotSpaceExplorer:SwiftStep"],"picked":"RobotSpaceExplorer:JunkDive+1","floor":40},{"not_picked":["PanicButton","Mind Blast"],"picked":"hubris:Ssssneak","floor":41},{"not_picked":["RobotSpaceExplorer:ImprovisedAttack","RobotSpaceExplorer:Pulsar","RobotSpaceExplorer:SlimeMissile+1"],"picked":"SKIP","floor":43},{"not_picked":["ReplayTheSpireMod:Haul","infinitespire:Fortify"],"picked":"infinitespire:Punishment","floor":47},{"not_picked":["RobotSpaceExplorer:Counterblock+1","RobotSpaceExplorer:Smokescreen"],"picked":"RobotSpaceExplorer:BigMissile","floor":50}],"player_experience":1820659,"relics_obtained":[{"floor":6.0,"key":"Potion Belt"},{"floor":9.0,"key":"Gremlin Food"},{"floor":11.0,"key":"Pear"},{"floor":13.0,"key":"Bag of Preparation"},{"floor":17.0,"key":"infinitespire:Beetle Shell"},{"floor":28,"key":"Centennial Puzzle"},{"floor":32,"key":"hubris:BottledRain"},{"floor":34,"key":"ReplayTheSpireMod:Shallot"},{"floor":36,"key":"RobotSpaceExplorer:FoglandsKnife"},{"floor":36,"key":"Blue Candle"},{"floor":36,"key":"Mango"},{"floor":43,"key":"Whetstone"},{"floor":45,"key":"infinitespire:ShieldingShard"}],"event_choices":[{"damage_healed":0.0,"max_hp_gain":0.0,"max_hp_loss":0.0,"gold_gain":0.0,"event_name":"Accursed Blacksmith","player_choice":"Rummage","floor":2.0,"gold_loss":0.0,"damage_taken":0.0,"relics_obtained":["WarpedTongs"],"cards_obtained":["Pain"]},{"damage_healed":0.0,"max_hp_gain":0.0,"max_hp_loss":0.0,"gold_gain":0.0,"event_name":"Dead Adventurer","player_choice":"Searched \u00272\u0027 times","floor":12.0,"gold_loss":0.0,"damage_taken":0.0,"relics_obtained":["Anchor"]},{"damage_healed":0.0,"max_hp_gain":0.0,"max_hp_loss":0.0,"gold_gain":0.0,"event_name":"The Woman in Blue","player_choice":"Bought 2 Potions","floor":21.0,"gold_loss":0.0,"damage_taken":0.0},{"damage_healed":0,"gold_gain":0,"player_choice":"Ignored","damage_taken":0,"max_hp_gain":0,"max_hp_loss":0,"event_name":"Vampires","floor":29,"gold_loss":0},{"damage_healed":0,"gold_gain":0,"player_choice":"Opened","damage_taken":0,"relics_obtained":["hubris:TenFootPole"],"max_hp_gain":0,"max_hp_loss":0,"event_name":"The Mausoleum","floor":30,"gold_loss":0,"cards_obtained":["Writhe"]},{"damage_healed":0,"gold_gain":0,"player_choice":"Memory 1","damage_taken":0,"max_hp_gain":0,"max_hp_loss":0,"event_name":"SensoryStone","floor":41,"gold_loss":0},{"damage_healed":0,"gold_gain":0,"player_choice":"Paid","damage_taken":0,"relics_obtained":["Red Mask"],"max_hp_gain":0,"max_hp_loss":0,"event_name":"Tomb of Lord Red Mask","floor":46,"gold_loss":105}],"is_beta":false,"boss_relics":[{"not_picked":["vexMod:DeviousBotling","aspiration:FutureDiary"],"picked":"Ring of Chaos"},{"not_picked":["Snecko Eye","Replay:Bronze Core"],"picked":"Calling Bell"}],"items_purged_floors":[4,33,39,49],"is_endless":false,"potions_floor_spawned":[3,5,7,10,14,23,24,26,35,43],"ascension_level":7}}