{"host":"39edsv1n7lhvfemz","time":1607780434,"event":{"mods":["Act Like it!","BaseMod","Better Vampires","Better-Laid Plans","CapriCore","Friendly Minions","Lobotomy","LobotomyExtend","Minty Spire (QoL Compilation)","Pale of the Ancients","StSLib","The Jungle","Waifu the Spire","noobMod","¡¾ÒÅÎï¿¨ÅÆ¡¿REMEMod"],"gold_per_floor":[109,119,294,16,16,16,16,16],"floor_reached":7,"playtime":214,"items_purged":["CherryBlossoms"],"score":62,"play_id":"2f3def32-7047-428b-8b27-0808f6ef31f0","local_time":"20201212214034","is_ascension_mode":true,"campfire_choices":[{"data":"Bouncing Flask","floor":6,"key":"SMITH"}],"circlet_count":0,"master_deck":["AscendersBane","Strike_G","Strike_G","Strike_G","Strike_G","Strike_G","Defend_G","Defend_G","Defend_G","Defend_G","Defend_G","Survivor","Neutralize","REME_MagicPocketWatch","Bouncing Flask+1","Doubt","Accuracy","REME_BuildACard","Regret"],"relics":["Ring of the Snake","ice","REME_ComplimentaryCards","CogitoBucket","LetterFromLob","Singing Bowl"],"acts_visited":["Exordium"],"potions_floor_usage":[7],"damage_taken":[{"damage":14,"enemies":"Cultist","floor":1,"turns":5},{"damage":4,"enemies":"Jaw Worm","floor":2,"turns":3},{"damage":31,"enemies":"Lagavulin","floor":7,"turns":7}],"seed_played":"-7236023386973660771","potions_obtained":[{"floor":2,"key":"FearPotion"}],"is_trial":false,"path_per_floor":["M","M","?","$","?","R","E"],"character_chosen":"THE_SILENT","items_purchased":["Accuracy","REME_BuildACard"],"campfire_rested":0,"item_purchase_floors":[4,4],"current_hp_per_floor":[49,45,45,45,45,45,14,14],"gold":16,"neow_bonus":"","is_daily":false,"chose_seed":false,"campfire_upgraded":1,"win_rate":0.0,"timestamp":1607780434,"path_taken":["M","?","?","$","?","R","E"],"items_purchased_type":["Card","Card"],"build_version":"2020-11-30","purchased_purges":1,"victory":false,"max_hp_per_floor":[70,70,70,70,70,70,70,70],"card_choices":[{"not_picked":["Scorched","UniverseFragment","Bloodbath"],"picked":"Singing Bowl","floor":1},{"not_picked":["Dagger Throw","Deadly Poison"],"picked":"Bouncing Flask","floor":1},{"not_picked":["LaLuna","UniverseFragment"],"picked":"CherryBlossoms","floor":2},{"not_picked":["Deflect","Acrobatics","PiercingWail"],"picked":"SKIP","floor":2}],"player_experience":142749,"relics_obtained":[{"floor":1,"key":"LetterFromLob"}],"event_choices":[{"damage_healed":0,"gold_gain":175,"player_choice":"AGREE","damage_taken":0,"max_hp_gain":0,"max_hp_loss":0,"event_name":"Liars Game","floor":3,"gold_loss":0,"cards_obtained":["Doubt"]},{"damage_healed":0,"gold_gain":0,"player_choice":"Box","damage_taken":0,"relics_obtained":["Singing Bowl"],"max_hp_gain":0,"max_hp_loss":0,"event_name":"Big Fish","floor":5,"gold_loss":0,"cards_obtained":["Regret"]}],"is_beta":false,"boss_relics":[],"items_purged_floors":[4],"is_endless":false,"potions_floor_spawned":[2],"killed_by":"Lagavulin","ascension_level":12}}