{"host":"3omna1v4kuj0u9pv","time":1607738141,"event":{"mods":["AchievementEnabler","Act Like it!","Aspiration","BaseMod","Better Altar","Better Match","Better Note","Better Sensory Stone","Better Skull","Better Third Choice","Better Vampires","BetterRewards","CCEM","CapriCore","Conspire","Curses Come First","Displayed Cursed Tome","Downfall","Halation","Hallownest","Hubris","Infinite Spire","Minty Spire (QoL Compilation)","Permanent Neow","Rare Cards Sparkle","Replay The Spire","Shop Mod","Spicy Shops","StSLib","The Animator","The Bug Knight","Transform Curses"],"gold_per_floor":[109,127,145,145,160,160,190,208,260,272,272,272,292,63,63,164,164,179,179,179,189,199,199,217,228,228,228,242,258,291,307,307,403,403,421,441,40,55,75,75,22,22,96,110,110,120,135,145,145,145,145],"floor_reached":50,"playtime":4116,"items_purged":["Defend_G","Strike_G"],"score":526,"play_id":"58c18e12-74d7-44ce-bcf8-33924129f5e3","local_time":"20201212115541","is_ascension_mode":false,"campfire_choices":[{"data":"Dagger Spray","floor":6,"key":"SMITH"},{"floor":15,"key":"REST"},{"floor":23,"key":"REST"},{"data":"infinitespire:DeathsTouch","floor":27,"key":"SMITH"},{"floor":32,"key":"REST"},{"floor":40,"key":"RECALL"},{"floor":42,"key":"REST"},{"data":"Adrenaline","floor":45,"key":"SMITH"},{"floor":49,"key":"DIG"}],"circlet_count":0,"master_deck":["Strike_G","Strike_G","Strike_G","Strike_G","Defend_G","Defend_G","Defend_G","Defend_G","Survivor","Neutralize","Quick Slash","Backflip","Burst","Dagger Spray+1","Backstab","Backflip","Noxious Fumes","infinitespire:DeathsTouch+1","Dagger Spray","Corpse Explosion","Dodge and Roll+1","Backstab","Deadly Poison","Noxious Fumes","Quick Slash+1","Dodge and Roll+1","Leg Sweep","Toxin Wave","Adrenaline+1","Poisoned Stab+1","Outmaneuver+1","Quick Slash","Footwork+1","Poisoned Stab","Noxious Fumes","Spot Weakness+1","Inflame"],"relics":["Ring of the Snake","aspiration:Nostalgia","Guardian:ModeShifter","Snake Skull","CCEMRelics:PorcelainBowl","conspire:Boomerang","Strawberry","hubris:Backtick","Burning Blood","Anchor","Byrd Skull","aspiration:IroncladSkillbook","Mango","infinitespire:ShieldingShard"],"acts_visited":["Exordium","TheCity","TheBeyond"],"potions_floor_usage":[7,13,30,33,33,46,46,50],"damage_taken":[{"damage":2,"enemies":"2 Louse","floor":1,"turns":4},{"damage":0,"enemies":"conspire:RoseBush","floor":2,"turns":4},{"damage":0,"enemies":"Jaw Worm","floor":3,"turns":4},{"damage":8,"enemies":"2 Fungi Beasts","floor":5,"turns":5},{"damage":28,"enemies":"Lagavulin","floor":7,"turns":8},{"damage":4,"enemies":"Gremlin Gang","floor":8,"turns":3},{"damage":0,"enemies":"Blue Slaver","floor":10,"turns":3},{"damage":0,"enemies":"Lots of Slimes","floor":13,"turns":3},{"damage":16,"enemies":"Slime Boss","floor":16,"turns":5},{"damage":14,"enemies":"conspire:FuzzyDice","floor":18,"turns":6},{"damage":13,"enemies":"3 Byrds","floor":21,"turns":4},{"damage":15,"enemies":"Snecko","floor":22,"turns":4},{"damage":12,"enemies":"Cultist and Chosen","floor":24,"turns":4},{"damage":10,"enemies":"Chosen and Byrds","floor":25,"turns":4},{"damage":0,"enemies":"Snake Plant","floor":28,"turns":2},{"damage":10,"enemies":"conspire:HollyBat","floor":29,"turns":8},{"damage":27,"enemies":"conspire:SneckoGhost","floor":30,"turns":8},{"damage":14,"enemies":"3 Cultists","floor":31,"turns":4},{"damage":78,"enemies":"Automaton","floor":33,"turns":10},{"damage":1,"enemies":"Orb Walker","floor":35,"turns":2},{"damage":14,"enemies":"3 Darklings","floor":36,"turns":5},{"damage":14,"enemies":"Jaw Worm Horde","floor":38,"turns":3},{"damage":34,"enemies":"Maw","floor":39,"turns":7},{"damage":4,"enemies":"Transient","floor":44,"turns":5},{"damage":11,"enemies":"Spire Growth","floor":46,"turns":4},{"damage":20,"enemies":"Sphere and 2 Shapes","floor":47,"turns":4},{"damage":6,"enemies":"3 Darklings","floor":48,"turns":3},{"damage":96,"enemies":"conspire:OrnateMirror","floor":50,"turns":7}],"seed_played":"-764272855096725823","potions_obtained":[{"floor":3,"key":"LiquidBronze"},{"floor":5,"key":"sneckomod:MuddlingPotion"},{"floor":7,"key":"Fruit Juice"},{"floor":10,"key":"Block Potion"},{"floor":25,"key":"Regen Potion"},{"floor":28,"key":"DistilledChaos"},{"floor":30,"key":"SkillPotion"},{"floor":35,"key":"sneckomod:MuddlingPotion"},{"floor":36,"key":"FearPotion"},{"floor":44,"key":"Ancient Potion"},{"floor":48,"key":"BlessingOfTheForge"}],"is_trial":false,"path_per_floor":["M","M","M","?","M","R","E","M","T","M","?","?","M","$","R","B",null,"M","?","?","M","M","R","M","M","T","R","M","M","E","M","R","B",null,"M","M","$","M","M","R","$","R","T","M","R","M","M","M","R","B"],"character_chosen":"THE_SILENT","items_purchased":["Strawberry","Mango","Poisoned Stab"],"campfire_rested":4,"item_purchase_floors":[14,37,41],"current_hp_per_floor":[68,68,68,68,60,60,37,33,33,33,26,8,8,15,39,23,82,74,74,74,67,58,82,76,72,72,72,78,74,53,45,69,12,82,82,78,92,88,64,64,64,92,92,96,96,95,85,89,89,0,0],"gold":145,"neow_bonus":"NOSTALGIA","is_daily":false,"chose_seed":false,"campfire_upgraded":3,"win_rate":0.0,"timestamp":1607738141,"path_taken":["M","M","M","?","M","R","E","M","T","M","?","?","?","$","R","BOSS","M","?","?","?","M","R","M","M","T","R","M","M","E","M","R","BOSS","M","M","$","M","M","R","$","R","T","M","R","M","M","M","R","BOSS"],"items_purchased_type":["Relic","Relic","Card"],"build_version":"2020-11-30","purchased_purges":2,"victory":false,"max_hp_per_floor":[70,70,70,70,70,70,75,75,75,75,75,75,75,82,82,82,82,82,82,82,82,82,82,82,82,82,82,82,82,82,82,82,82,82,82,82,96,96,96,96,96,96,96,96,96,96,96,96,96,96,96],"card_choices":[{"not_picked":["Sucker Punch","PiercingWail"],"picked":"Quick Slash","floor":1},{"not_picked":["hubris:Sniper","hubris:TrickCloak"],"picked":"Backflip","floor":2},{"not_picked":["Backflip","Slice"],"picked":"Burst","floor":3},{"not_picked":["Underhanded Strike","hubris:TrickCloak"],"picked":"Dagger Spray","floor":5},{"not_picked":["Riddle With Holes","ReplayTheSpireMod:Necrosis"],"picked":"Backstab","floor":7},{"not_picked":["PiercingWail","Cloak And Dagger"],"picked":"Backflip","floor":8},{"not_picked":["Toxin Wave","Slice"],"picked":"Noxious Fumes","floor":10},{"not_picked":["ReplayTheSpireMod:Book of Names","ReplayTheSpireMod:Chaos Vortex"],"picked":"infinitespire:DeathsTouch","floor":12},{"not_picked":["Escape Plan","Bane"],"picked":"Dagger Spray","floor":13},{"not_picked":["Wraith Form v2","aspiration:Lunge"],"picked":"Corpse Explosion","floor":16},{"not_picked":["Acrobatics","Dash+1"],"picked":"Dodge and Roll+1","floor":18},{"not_picked":["Terror","Slice"],"picked":"Deadly Poison","floor":21},{"not_picked":["PiercingWail","Dodge and Roll"],"picked":"Noxious Fumes","floor":22},{"not_picked":["Deflect+1","conspire:PoisonWeapons"],"picked":"Quick Slash+1","floor":24},{"not_picked":["hubris:SlightOfHand","Underhanded Strike","Catalyst"],"picked":"SKIP","floor":25},{"not_picked":["Prepared+1","Sucker Punch"],"picked":"Dodge and Roll+1","floor":28},{"not_picked":["Tactician","Eviscerate","Slice"],"picked":"SKIP","floor":29},{"not_picked":["Dodge and Roll","Replay:Poison Smokescreen"],"picked":"Leg Sweep","floor":30},{"not_picked":["Choke","Dagger Spray"],"picked":"Toxin Wave","floor":31},{"not_picked":["Atom Bomb","ReplayTheSpireMod:Necrosis"],"picked":"Adrenaline","floor":33},{"not_picked":["Evolve","Flying Knee","Body Slam+1"],"picked":"Poisoned Stab+1","floor":35},{"not_picked":["Dropkick","Hidden Blade","Headbutt"],"picked":"Outmaneuver+1","floor":36},{"not_picked":["hubris:SlightOfHand+1","Abandon+1","Heavy Blade+1"],"picked":"Quick Slash","floor":38},{"not_picked":["Flying Knee+1","Sever Soul+1","Reckless Charge"],"picked":"Footwork+1","floor":39},{"not_picked":["Clash+1","Prepared","Choke"],"picked":"Noxious Fumes","floor":44},{"not_picked":["Underhanded Strike+1","Cleave+1","Warcry+1","Flame Barrier"],"picked":"SKIP","floor":46},{"not_picked":["Slice","Well Laid Plans+1","Finisher+1"],"picked":"Spot Weakness+1","floor":47},{"not_picked":["Seeing Red","Iron Wave","Replay:Poison Smokescreen+1"],"picked":"Inflame","floor":48}],"player_experience":132072,"relics_obtained":[{"floor":7,"key":"Snake Skull"},{"floor":9,"key":"CCEMRelics:PorcelainBowl"},{"floor":26,"key":"Anchor"},{"floor":30,"key":"Byrd Skull"},{"floor":49,"key":"infinitespire:ShieldingShard"}],"event_choices":[{"damage_healed":0,"gold_gain":0,"player_choice":"Leave","damage_taken":0,"max_hp_gain":0,"max_hp_loss":0,"event_name":"conspire:Investor","floor":4,"gold_loss":0},{"damage_healed":0,"gold_gain":0,"player_choice":"Relic ","damage_taken":7,"max_hp_gain":0,"max_hp_loss":0,"event_name":"betterThird:BetterScrap","floor":11,"gold_loss":0,"cards_obtained":["Sanctity"]},{"cards_removed":["Backstab"],"damage_healed":0,"gold_gain":0,"player_choice":"Give","damage_taken":0,"max_hp_gain":0,"max_hp_loss":0,"event_name":"betterNote:BetterNote","floor":19,"gold_loss":0,"cards_obtained":["None"]},{"damage_healed":0,"gold_gain":0,"player_choice":"Copied","damage_taken":0,"max_hp_gain":0,"max_hp_loss":0,"event_name":"Duplicator","floor":20,"gold_loss":0,"cards_obtained":["Backstab"]}],"is_beta":false,"boss_relics":[{"not_picked":["Replay:Ancient Bell","Astrolabe"],"picked":"hubris:Backtick"},{"not_picked":["hubris:RunicObelisk","ReplayTheSpireMod:DimensionalGlitch"],"picked":"aspiration:IroncladSkillbook"}],"items_purged_floors":[14,37],"is_endless":false,"potions_floor_spawned":[3,5,7,10,25,28,30,31,35,36,44,48],"killed_by":"conspire:OrnateMirror","ascension_level":0}}