{"host":"r5mr2vnv825vb4hc","time":1607774844,"event":{"mods":["Astrologer","BaseMod","Best Route Mod","CapriCore","Hermit","Hero for Fun","KOR Keyword Fix","Koishi","Lobotomy","Minty Spire (QoL Compilation)","Potion Indicator Mod","Prisma Mod","Quick Restart","Rare Cards Sparkle","Replay The Spire","StSLib","Td1madao Mod","The Bug Knight","The Cursed","The Death Knight","The Dragon Tamer","The Gatherer","The Hierophant","The Immortal","The Poker Player","The Runesmith","Thrall Mod"],"gold_per_floor":[18,68,68,143,163,163,178,206,206,246,246,276,315,330,330,437,437,459,481,499,504,525,559,579,610,610,627,71,71,99,99,99,209,209,227,232,257,257,257,297,319,319,367,391,430,449,449,467,467,472],"floor_reached":51,"playtime":799,"items_purged":["Defend_Y"],"score":1117,"play_id":"a4e8dd67-008c-4a46-bc48-56b4fe3d73ca","local_time":"20201212210724","is_ascension_mode":false,"campfire_choices":[{"data":"Consecutive_Normal_Punch","floor":6,"key":"SMITH"},{"data":"Get_Hopes_Up","floor":15,"key":"SMITH"},{"data":"Hip_Strike","floor":29,"key":"SMITH"},{"data":"Toss_Stone","floor":32,"key":"SMITH"},{"data":"Normal_Punch","floor":47,"key":"SMITH"},{"floor":49,"key":"DIG"}],"circlet_count":0,"master_deck":["Strike_Y","Strike_Y","Strike_Y","Strike_Y","Strike_Y","Defend_Y","Defend_Y","Defend_Y","Consecutive_Normal_Punch+1","Normal_Punch+1","Hallucinations","Wear_Disguise+1","Spreading Infection","Yawn+1","Get_Hopes_Up+1","Normality","Toss_Stone+1","Hip_Strike+1","Amnesia","Looming Evil","Serious_Punch+1","Delirium","Ignore+1","Clumsy"],"relics":["Cape","Ring of Greed","Ring of Fangs","Replay:Wax Seal","Replay:Bandana","ReplayFunnel","Shuriken","Eternal Feather","Oddly Smooth Stone","Runesmith:UraniumAnvil","Letter Opener","Toxic Egg 2","Mercury Hourglass","Iron Hammer","Busted Crown","Mirror","Unceasing Top","Pet Ghost","Sundial"],"acts_visited":["Exordium","TheCity","TheBeyond"],"potions_floor_usage":[],"damage_taken":[{"damage":0,"enemies":"Jaw Worm","floor":1,"turns":1},{"damage":0,"enemies":"2 Louse","floor":5,"turns":2},{"damage":0,"enemies":"Cultist","floor":7,"turns":1},{"damage":0,"enemies":"Gremlin Gang","floor":8,"turns":3},{"damage":0,"enemies":"3 Sentries","floor":10,"turns":2},{"damage":0,"enemies":"Exordium Thugs","floor":12,"turns":1},{"damage":0,"enemies":"HollowMod:MossKnight","floor":13,"turns":1},{"damage":0,"enemies":"Large Slime","floor":14,"turns":1},{"damage":0,"enemies":"Fading Forest","floor":16,"turns":1},{"damage":0,"enemies":"2 Thieves","floor":18,"turns":1},{"damage":0,"enemies":"Snake Plant","floor":19,"turns":1},{"damage":0,"enemies":"Shelled Parasite and Fungi","floor":20,"turns":2},{"damage":0,"enemies":"Sentry and Sphere","floor":21,"turns":2},{"damage":0,"enemies":"Snake Plant","floor":22,"turns":1},{"damage":0,"enemies":"Book of Stabbing","floor":23,"turns":1},{"damage":0,"enemies":"3 Cultists","floor":24,"turns":2},{"damage":0,"enemies":"Gremlin Leader","floor":25,"turns":1},{"damage":0,"enemies":"Centurion and Healer","floor":27,"turns":2},{"damage":0,"enemies":"Sentry and Sphere","floor":30,"turns":1},{"damage":0,"enemies":"Collector","floor":33,"turns":1},{"damage":0,"enemies":"3 Shapes","floor":35,"turns":2},{"damage":0,"enemies":"Orb Walker","floor":36,"turns":1},{"damage":0,"enemies":"Sphere and 2 Shapes","floor":37,"turns":1},{"damage":0,"enemies":"R_Hoarder","floor":40,"turns":1},{"damage":0,"enemies":"4 Shapes","floor":41,"turns":4},{"damage":0,"enemies":"Sphere and 2 Shapes","floor":44,"turns":2},{"damage":0,"enemies":"Giant Head","floor":45,"turns":1},{"damage":0,"enemies":"Spire Growth","floor":46,"turns":1},{"damage":0,"enemies":"Transient","floor":48,"turns":1},{"damage":0,"enemies":"Replay:Hell Engine","floor":50,"turns":1}],"seed_played":"-569371390454231353","potions_obtained":[{"floor":7,"key":"Weak Potion"},{"floor":10,"key":"SkillPotion"},{"floor":14,"key":"Milkshake"},{"floor":19,"key":"Swift Potion"},{"floor":22,"key":"AttackPotion"},{"floor":44,"key":"PowerPotion"}],"is_trial":false,"path_per_floor":["M","?","?","?","M","R","M","M","T","E","T","M","E","M","R","B",null,"M","M","M","M","M","E","M","E","T","M","$","R","M","$","R","B",null,"M","M","M","?","?","E","M","T","T","M","E","M","R","M","R","B",null],"character_chosen":"OPM","items_purchased":["Mercury Hourglass","Iron Hammer"],"campfire_rested":0,"item_purchase_floors":[28,28],"current_hp_per_floor":[999,999,999,999,999,999,999,999,999,999,999,999,999,999,999,999,999,999,999,999,999,999,999,999,999,999,999,999,999,999,999,999,999,999,999,999,999,999,999,999,999,999,999,999,999,999,999,999,999,999],"gold":472,"neow_bonus":"THREE_CARDS","is_daily":false,"chose_seed":false,"campfire_upgraded":5,"win_rate":0.0,"timestamp":1607774844,"path_taken":["M","?","?","?","M","R","M","M","T","E","?","M","E","M","R","BOSS","M","M","?","M","?","E","M","E","T","M","$","R","M","?","R","BOSS","M","M","M","?","?","E","M","?","T","M","E","M","R","?","R","BOSS"],"items_purchased_type":["Relic","Relic"],"build_version":"2020-11-30","purchased_purges":1,"victory":true,"max_hp_per_floor":[999,999,999,999,999,999,999,999,999,999,999,999,999,999,999,999,999,999,999,999,999,999,999,999,999,999,999,999,999,999,999,999,999,999,999,999,999,999,999,999,999,999,999,999,999,999,999,999,999,999],"card_choices":[{"not_picked":["Side_Hop","Do_Nothing"],"picked":"Consecutive_Normal_Punch","floor":0},{"not_picked":["Hop","Side_Hop"],"picked":"Normal_Punch","floor":1},{"not_picked":["Slap","Terrifying_Presence"],"picked":"Wear_Disguise","floor":5},{"not_picked":["Hop","Ignore","Wear_Disguise"],"picked":"SKIP","floor":7},{"not_picked":["Slap","Do_Nothing"],"picked":"Yawn","floor":8},{"not_picked":["Do_Nothing","Side_Hop","Ignore"],"picked":"SKIP","floor":10},{"not_picked":["Hop","Yawn","Ignore"],"picked":"SKIP","floor":12},{"not_picked":["Consecutive_Normal_Punch","Wear_Disguise"],"picked":"Get_Hopes_Up","floor":13},{"not_picked":["Slap","Consecutive_Normal_Punch"],"picked":"Toss_Stone","floor":14},{"not_picked":["Oh","Terrifying_Presence"],"picked":"Hip_Strike","floor":16},{"not_picked":["Ignore","Wear_Disguise","Hop"],"picked":"SKIP","floor":18},{"not_picked":["Hop+1","Side_Hop+1","Ignore"],"picked":"SKIP","floor":19},{"not_picked":["Yawn","Slap","Hop"],"picked":"SKIP","floor":20},{"not_picked":["Serious_Punch","Ignore","Do_Nothing"],"picked":"SKIP","floor":21},{"not_picked":["Normal_Punch","Slap+1","Hop+1"],"picked":"SKIP","floor":22},{"not_picked":["Hop+1","Slap","Yawn"],"picked":"SKIP","floor":23},{"not_picked":["Consecutive_Normal_Punch","Do_Nothing","Yawn"],"picked":"SKIP","floor":24},{"not_picked":["Hop","Do_Nothing","Yawn"],"picked":"SKIP","floor":25},{"not_picked":["Hop+1","Ignore+1","Normal_Punch"],"picked":"SKIP","floor":27},{"not_picked":["Slap","Normal_Punch","Hop+1"],"picked":"SKIP","floor":30},{"not_picked":["Oh","Terrifying_Presence"],"picked":"Serious_Punch","floor":33},{"not_picked":[],"picked":"Ignore+1","floor":35},{"not_picked":["Hop+1"],"picked":"SKIP","floor":36},{"not_picked":["Consecutive_Normal_Punch"],"picked":"SKIP","floor":37},{"not_picked":["Slap"],"picked":"SKIP","floor":40},{"not_picked":["Slap"],"picked":"SKIP","floor":41},{"not_picked":["Consecutive_Normal_Punch"],"picked":"SKIP","floor":44},{"not_picked":["Do_Nothing+1"],"picked":"SKIP","floor":45},{"not_picked":["Do_Nothing+1"],"picked":"SKIP","floor":46},{"not_picked":["Consecutive_Normal_Punch"],"picked":"SKIP","floor":48}],"player_experience":22601,"relics_obtained":[{"floor":2,"key":"Ring of Greed"},{"floor":2,"key":"Ring of Fangs"},{"floor":2,"key":"Replay:Wax Seal"},{"floor":2,"key":"Replay:Bandana"},{"floor":9,"key":"ReplayFunnel"},{"floor":10,"key":"Shuriken"},{"floor":11,"key":"Eternal Feather"},{"floor":13,"key":"Oddly Smooth Stone"},{"floor":23,"key":"Letter Opener"},{"floor":26,"key":"Toxic Egg 2"},{"floor":40,"key":"Mirror"},{"floor":42,"key":"Unceasing Top"},{"floor":43,"key":"Pet Ghost"},{"floor":49,"key":"Sundial"}],"event_choices":[{"damage_healed":0,"gold_gain":0,"player_choice":"Ignored","damage_taken":0,"max_hp_gain":0,"max_hp_loss":0,"event_name":"Liars Game","floor":3,"gold_loss":0},{"damage_healed":0,"gold_gain":75,"player_choice":"Gather Gold","damage_taken":11,"max_hp_gain":0,"max_hp_loss":0,"event_name":"World of Goop","floor":4,"gold_loss":0},{"cards_removed":["Defend_Y"],"damage_healed":0,"gold_gain":0,"player_choice":"Removed Skill","damage_taken":0,"max_hp_gain":0,"max_hp_loss":0,"event_name":"Falling","floor":39,"gold_loss":0}],"is_beta":false,"boss_relics":[{"not_picked":["Painkiller Herb","Astrolabe"],"picked":"Runesmith:UraniumAnvil"},{"not_picked":["Tiny House","Coffee Dripper"],"picked":"Busted Crown"}],"items_purged_floors":[28],"is_endless":false,"potions_floor_spawned":[7,10,14,19,22,25,27,33,37,40,44,45,48],"ascension_level":0}}