{"host":"hjw1ay65n7jm40lc","time":1607814946,"event":{"mods":["AchievementEnabler","BaseMod","Colored Map","Colored Powertips","Googly Eyes","Highlight Path","Minty Spire (QoL Compilation)","Quick Restart","Relic Stats"],"gold_per_floor":[112,127,127,127,145,188,188,207,207,246,246,70,105,55,55,185,185,208,170,170,185,199,238,12,53,65,110,141,153,153],"floor_reached":29,"playtime":2631,"items_purged":["Strike_P","Strike_P"],"score":441,"play_id":"cf8ba170-4bd4-4135-bc2e-3ccf30a3e32d","local_time":"20201212181546","is_ascension_mode":true,"campfire_choices":[{"data":"Eruption","floor":7.0,"key":"SMITH"},{"data":"TalkToTheHand","floor":11.0,"key":"SMITH"},{"data":"ThirdEye","floor":15.0,"key":"SMITH"}],"circlet_count":0,"master_deck":["Strike_P","Defend_P","Defend_P","Defend_P","Defend_P+1","Eruption+1","Vigilance","ThirdEye+1","FollowUp+1","WheelKick","CutThroughFate","Tantrum","TalkToTheHand+1","Tantrum","Judgement","Evaluate+1","Wireheading","Wallop"],"relics":["PureWater","TungstenRod","Golden Idol","Kunai","Darkstone Periapt","Meat on the Bone","Centennial Puzzle","SacredBark","Ornamental Fan","Membership Card","MawBank","MealTicket","Bottled Flame"],"acts_visited":["Exordium","TheCity"],"potions_floor_usage":[21,23,25,28],"damage_taken":[{"damage":1.0,"enemies":"Jaw Worm","floor":1.0,"turns":4.0},{"damage":6.0,"enemies":"Small Slimes","floor":2.0,"turns":4.0},{"damage":0.0,"enemies":"Cultist","floor":5.0,"turns":2.0},{"damage":9.0,"enemies":"3 Sentries","floor":6.0,"turns":4.0},{"damage":3.0,"enemies":"Large Slime","floor":8.0,"turns":3.0},{"damage":0.0,"enemies":"Lagavulin","floor":10.0,"turns":3.0},{"damage":0.0,"enemies":"Gremlin Nob","floor":13.0,"turns":3.0},{"damage":0.0,"enemies":"Hexaghost","floor":16.0,"turns":4.0},{"damage":0,"enemies":"Spheric Guardian","floor":18,"turns":1},{"damage":0,"enemies":"Shell Parasite","floor":21,"turns":2},{"damage":0,"enemies":"Sentry and Sphere","floor":22,"turns":2},{"damage":14,"enemies":"Gremlin Leader","floor":23,"turns":4},{"damage":14,"enemies":"Slavers","floor":25,"turns":3},{"damage":2,"enemies":"Book of Stabbing","floor":27,"turns":5},{"damage":9,"enemies":"Snecko","floor":28,"turns":5},{"damage":40,"enemies":"Gremlin Leader","floor":29,"turns":3}],"seed_played":"-7062387272352667279","potions_obtained":[{"floor":2.0,"key":"SteroidPotion"},{"floor":8.0,"key":"Strength Potion"},{"floor":13.0,"key":"StancePotion"},{"floor":16.0,"key":"Energy Potion"},{"floor":20,"key":"SkillPotion"},{"floor":23,"key":"Ancient Potion"}],"is_trial":false,"path_per_floor":["M","M","?","?","M","E","R","M","T","E","R","$","E","?","R","B",null,"M","$","?","M","M","E","$","E","T","E","M","E"],"character_chosen":"WATCHER","items_purchased":["AttackPotion","BlessingOfTheForge","Wireheading","Membership Card","Strength Potion"],"campfire_rested":0,"item_purchase_floors":[12,12,19,24,24],"current_hp_per_floor":[64,58,46,46,46,37,37,34,34,34,34,34,34,34,34,34,60,60,60,60,60,60,46,46,32,32,42,33,0,0],"gold":153,"neow_bonus":"ONE_RARE_RELIC","is_daily":false,"chose_seed":false,"campfire_upgraded":3,"win_rate":0.0,"timestamp":1607814946,"path_taken":["M","M","?","?","M","E","R","M","T","E","R","$","E","?","R","BOSS","M","$","?","?","M","E","$","E","T","E","M","E"],"items_purchased_type":["Potion","Potion","Card","Relic","Potion"],"build_version":"2020-11-30","purchased_purges":2,"victory":false,"max_hp_per_floor":[65,65,65,60,60,60,60,60,60,60,60,60,60,60,60,60,60,60,60,60,60,60,60,60,60,60,60,60,60,60],"relic_stats":{"Darkstone Periapt":0,"Centennial Puzzle":[15],"counters":[16,52],"Golden Idol":96,"Ornamental Fan":[28],"MealTicket":0,"Kunai":[18],"MawBank":48,"obtain_stats":[{"Darkstone Periapt":9,"Golden Idol":4,"SacredBark":17,"MawBank":25,"Centennial Puzzle":13,"Bottled Flame":27,"Ornamental Fan":23,"MealTicket":26,"Kunai":6,"Membership Card":24,"PureWater":0,"TungstenRod":0,"Meat on the Bone":10},{"Darkstone Periapt":5,"Golden Idol":2,"SacredBark":8,"MawBank":13,"Centennial Puzzle":7,"Bottled Flame":14,"Ornamental Fan":12,"MealTicket":13,"Kunai":4,"Membership Card":12,"PureWater":0,"TungstenRod":0,"Meat on the Bone":6},{"Darkstone Periapt":17,"Golden Idol":8,"SacredBark":27,"MawBank":39,"Centennial Puzzle":23,"Bottled Flame":44,"Ornamental Fan":36,"MealTicket":39,"Kunai":14,"Membership Card":36,"PureWater":0,"TungstenRod":0,"Meat on the Bone":20}],"TungstenRod":18,"Meat on the Bone":12},"card_choices":[{"not_picked":["Prostrate","SandsOfTime"],"picked":"ThirdEye","floor":1.0},{"not_picked":["Study","Halt"],"picked":"FollowUp","floor":2.0},{"not_picked":["Halt","Prostrate"],"picked":"WheelKick","floor":5.0},{"not_picked":["Prostrate","Omniscience"],"picked":"CutThroughFate","floor":6.0},{"not_picked":["Collect","Protect"],"picked":"Tantrum","floor":8.0},{"not_picked":["EmptyMind","Tantrum"],"picked":"TalkToTheHand","floor":10.0},{"not_picked":["Establishment","MentalFortress"],"picked":"Tantrum","floor":13.0},{"not_picked":["ConjureBlade","Blasphemy"],"picked":"Judgement","floor":16.0},{"not_picked":["WheelKick","CrushJoints"],"picked":"Evaluate+1","floor":18},{"not_picked":["Evaluate+1","JustLucky","WreathOfFlame"],"picked":"SKIP","floor":21},{"not_picked":["MentalFortress","EmptyFist"],"picked":"Wallop","floor":22},{"not_picked":["EmptyBody","Pray","Indignation"],"picked":"SKIP","floor":23},{"not_picked":["Perseverance","WreathOfFlame","Evaluate"],"picked":"SKIP","floor":25},{"not_picked":["Crescendo","CrushJoints","JustLucky+1"],"picked":"SKIP","floor":27},{"not_picked":["FlurryOfBlows","Crescendo","CrushJoints"],"picked":"SKIP","floor":28}],"player_experience":167526,"relics_obtained":[{"floor":6.0,"key":"Kunai"},{"floor":9.0,"key":"Darkstone Periapt"},{"floor":10.0,"key":"Meat on the Bone"},{"floor":13.0,"key":"Centennial Puzzle"},{"floor":23,"key":"Ornamental Fan"},{"floor":25,"key":"MawBank"},{"floor":26,"key":"MealTicket"},{"floor":27,"key":"Bottled Flame"}],"event_choices":[{"damage_healed":0.0,"max_hp_gain":0.0,"max_hp_loss":0.0,"gold_gain":0.0,"event_name":"Shining Light","player_choice":"Entered Light","floor":3.0,"gold_loss":0.0,"damage_taken":13.0,"cards_upgraded":["FollowUp","Defend_P"]},{"damage_healed":0.0,"max_hp_gain":0.0,"max_hp_loss":5.0,"gold_gain":0.0,"event_name":"Golden Idol","player_choice":"Lose Max HP","floor":4.0,"gold_loss":0.0,"damage_taken":0.0,"relics_obtained":["Golden Idol"]},{"cards_removed":["Strike_P"],"damage_healed":0.0,"max_hp_gain":0.0,"max_hp_loss":0.0,"gold_gain":0.0,"event_name":"The Cleric","player_choice":"Card Removal","floor":14.0,"gold_loss":50.0,"damage_taken":0.0},{"damage_healed":0,"gold_gain":0,"player_choice":"Got Potions","damage_taken":0,"max_hp_gain":0,"max_hp_loss":0,"event_name":"Lab","floor":20,"gold_loss":0}],"is_beta":false,"boss_relics":[{"not_picked":["Ectoplasm","Tiny House"],"picked":"SacredBark"}],"items_purged_floors":[12,24],"is_endless":false,"potions_floor_spawned":[2,8,13,16,18,23],"killed_by":"Gremlin Leader","ascension_level":2}}