{"host":"yo9wwslrag05lh37","time":1607734788,"event":{"mods":["AchievementEnabler","BaseMod","Block Reminder","Colored Map","Colored Powertips","GifTheSpireLib","HexUI Lib","Highlight Path","Minty Spire (QoL Compilation)","Rare Cards Sparkle","Relic Stats","StSLib","everything is the same but u backflip on backflip"],"gold_per_floor":[111,111,123,123,137,170,170,181,263,274,274,288,288,41,41,41,41],"floor_reached":16,"playtime":945,"items_purged":["Defend_R"],"score":204,"play_id":"b45bf420-7df0-41a4-883a-fa1dc448887f","local_time":"20201212015948","is_ascension_mode":true,"campfire_choices":[{"data":"Bash","floor":7,"key":"SMITH"},{"data":"True Grit","floor":13,"key":"SMITH"},{"data":"Iron Wave","floor":15,"key":"SMITH"}],"circlet_count":0,"master_deck":["AscendersBane","Strike_R","Strike_R","Defend_R","Defend_R","Bash+1","Anger","True Grit+1","Iron Wave+1","Battle Trance+1","Flame Barrier+1","Good Instincts+1"],"relics":["Burning Blood","FossilizedHelix","Toxic Egg 2"],"acts_visited":["Exordium"],"potions_floor_usage":[6,6,10,16],"damage_taken":[{"damage":11,"enemies":"Jaw Worm","floor":1,"turns":4},{"damage":1,"enemies":"Cultist","floor":3,"turns":3},{"damage":9,"enemies":"2 Louse","floor":5,"turns":2},{"damage":25,"enemies":"Lagavulin","floor":6,"turns":5},{"damage":18,"enemies":"Lots of Slimes","floor":8,"turns":6},{"damage":5,"enemies":"Gremlin Gang","floor":10,"turns":3},{"damage":1,"enemies":"Large Slime","floor":12,"turns":6},{"damage":33,"enemies":"The Guardian","floor":16,"turns":9}],"seed_played":"-2765141378605193073","potions_obtained":[{"floor":1,"key":"ColorlessPotion"},{"floor":3,"key":"Strength Potion"},{"floor":8,"key":"Explosive Potion"}],"is_trial":false,"path_per_floor":["M","?","M","?","M","E","R","M","T","M","?","M","R","$","R","B"],"character_chosen":"IRONCLAD","items_purchased":["Good Instincts+1","LiquidBronze"],"campfire_rested":0,"item_purchase_floors":[14,14],"current_hp_per_floor":[63,56,61,61,58,39,39,27,27,28,28,33,33,33,33,0,0],"gold":41,"neow_bonus":"REMOVE_CARD","is_daily":false,"chose_seed":false,"campfire_upgraded":3,"win_rate":0.0,"timestamp":1607734788,"path_taken":["M","?","M","?","M","E","R","?","T","M","?","M","R","$","R","BOSS"],"items_purchased_type":["Card","Potion"],"build_version":"2020-11-30","purchased_purges":1,"victory":false,"max_hp_per_floor":[75,75,75,75,75,75,75,75,75,75,75,75,75,75,75,75,75],"relic_stats":{"counters":[8,38],"obtain_stats":[{"Toxic Egg 2":9,"Burning Blood":0,"FossilizedHelix":6},{"Toxic Egg 2":5,"Burning Blood":0,"FossilizedHelix":4},{"Toxic Egg 2":20,"Burning Blood":0,"FossilizedHelix":14}],"Burning Blood":42},"card_choices":[{"not_picked":["Shrug It Off","Iron Wave"],"picked":"Anger","floor":1},{"not_picked":["Burning Pact","Havoc","Thunderclap"],"picked":"SKIP","floor":3},{"not_picked":["Perfected Strike","Flex","Body Slam"],"picked":"SKIP","floor":5},{"not_picked":["Fiend Fire","Reckless Charge"],"picked":"True Grit","floor":6},{"not_picked":["Cleave","Wild Strike"],"picked":"Iron Wave","floor":8},{"not_picked":["Anger","Clash"],"picked":"Battle Trance+1","floor":10},{"not_picked":["Whirlwind","Twin Strike"],"picked":"Flame Barrier+1","floor":12}],"player_experience":1327599,"relics_obtained":[{"floor":6,"key":"FossilizedHelix"},{"floor":9,"key":"Toxic Egg 2"}],"event_choices":[{"cards_removed":["Strike_R"],"damage_healed":0,"gold_gain":0,"player_choice":"Card Removal","damage_taken":7,"max_hp_gain":0,"max_hp_loss":0,"event_name":"Golden Wing","floor":2,"gold_loss":0},{"cards_removed":["Strike_R"],"damage_healed":0,"gold_gain":0,"player_choice":"Purged","damage_taken":0,"max_hp_gain":0,"max_hp_loss":0,"event_name":"Purifier","floor":4,"gold_loss":0},{"cards_removed":["Strike_R"],"damage_healed":0,"gold_gain":0,"player_choice":"Offered Basic","damage_taken":0,"max_hp_gain":0,"max_hp_loss":0,"event_name":"Bonfire Elementals","floor":11,"gold_loss":0}],"is_beta":false,"boss_relics":[],"items_purged_floors":[14],"is_endless":false,"potions_floor_spawned":[1,3,8],"killed_by":"The Guardian","ascension_level":20}}