{"host":"0cnf9zf1gia27zti","time":1607744553,"event":{"mods":["BaseMod","BetterRewards","Card Forge","Colored Map","Colored Powertips","Conspire","Downfall","Minty Spire (QoL Compilation)","Quick Restart","Replay The Spire","Shade Mod","Spicy Shops","StSLib"],"gold_per_floor":[110,1,76,46,65,65,97,25,25,41,51,51,82,160,160,260,260,272,288,288,304,214,246,263,263,263,273,24,24,40,40,40,151,163,185,30,81,38,53,86,98,111,135,163,163,163,163,163,163,163],"floor_reached":51,"playtime":6822,"items_purged":["Strike_B","Strike_B"],"score":940,"play_id":"9edb0173-e8b1-4a51-8621-19c4ed463bdc","local_time":"20201212034233","is_ascension_mode":true,"campfire_choices":[{"floor":6,"key":"REST"},{"data":"Zap","floor":12,"key":"SMITH"},{"floor":15,"key":"DIG"},{"data":"Mirror Shield","floor":25,"key":"SMITH"},{"data":"Defragment","floor":29,"key":"SMITH"},{"floor":32,"key":"DIG"},{"data":"Heatsinks","floor":45,"key":"SMITH"},{"data":"Defragment","floor":49,"key":"SMITH"}],"circlet_count":0,"master_deck":["AscendersBane","Strike_B+1","Defend_B","Defend_B","Defend_B","Defend_B","Zap+1","Dualcast","Self Repair+1","FTL+1","Beam Cell+1","Defragment+1","Defragment+1","Compile Driver+1","Melter+1","Crystallizer","Go for the Eyes+1","Self Repair","Cold Snap+1","Gash+1","Sweeping Beam+1","Blizzard+1","Mirror Shield+1","Coolheaded","Conserve Battery+1","Tempest","Glacier","Compile Driver+1","Self Repair","Ball Lightning+1","Mirror Shield","Ball Lightning+1","Crystallizer","Loop","Redo","Electrodynamics","Parasite","Heatsinks+1","Redo+1","Dark Shackles","expansioncontent:DashGenerateEvil+1","Magnetism","Madness","Madness"],"relics":["Cracked Core","Hammer of Thor","Seething Fire","Anvil of the Gods","Membership Card","Molten Egg 2","Eternal Feather","MealTicket","Tiny Chest","Strawberry","Happy Flower","conspire:IceCreamScoop","Mercury Hourglass","Thread and Needle","SlaversCollar","Enchiridion","Juzu Bracelet","conspire:DecoderRing","Gremlin Food","Bronze Scales","MawBank","conspire:SpecialSausage","Mummified Hand","Geode","Blue Candle","ReplayFunnel","Replay:Rubber Ducky"],"acts_visited":["Exordium","TheCity","TheBeyond"],"potions_floor_usage":[5,11,16,18,19,21,27,33,50],"damage_taken":[{"damage":1,"enemies":"Cultist","floor":1,"turns":3},{"damage":0,"enemies":"Small Slimes","floor":5,"turns":2},{"damage":20,"enemies":"Lagavulin","floor":7,"turns":5},{"damage":7,"enemies":"Jaw Worm","floor":10,"turns":3},{"damage":16,"enemies":"Exordium Thugs","floor":11,"turns":4},{"damage":26,"enemies":"Gremlin Nob","floor":13,"turns":4},{"damage":10,"enemies":"Slime Boss","floor":16,"turns":7},{"damage":8,"enemies":"Shell Parasite","floor":18,"turns":3},{"damage":1,"enemies":"Chosen","floor":19,"turns":4},{"damage":0,"enemies":"Snecko","floor":21,"turns":4},{"damage":31,"enemies":"Gremlin Leader","floor":23,"turns":6},{"damage":18,"enemies":"Centurion and Healer","floor":24,"turns":6},{"damage":4,"enemies":"Shelled Parasite and Fungi","floor":27,"turns":7},{"damage":0,"enemies":"3 Cultists","floor":30,"turns":5},{"damage":36,"enemies":"Champ","floor":33,"turns":10},{"damage":2,"enemies":"Orb Walker","floor":35,"turns":3},{"damage":0,"enemies":"3 Shapes","floor":39,"turns":5},{"damage":0,"enemies":"Giant Head","floor":40,"turns":7},{"damage":1,"enemies":"Writhing Mass","floor":41,"turns":4},{"damage":8,"enemies":"3 Darklings","floor":42,"turns":3},{"damage":7,"enemies":"R_Hoarder","floor":44,"turns":6},{"damage":1,"enemies":"Replay:Hell Engine","floor":50,"turns":9}],"seed_played":"3903934852156747852","potions_obtained":[{"floor":4,"key":"Fire Potion"},{"floor":4,"key":"SneckoOil"},{"floor":7,"key":"Strength Potion"},{"floor":13,"key":"Fire Potion"},{"floor":16,"key":"PowerPotion"},{"floor":18,"key":"AttackPotion"},{"floor":21,"key":"Elixir"},{"floor":24,"key":"Dexterity Potion"},{"floor":30,"key":"AttackPotion"},{"floor":39,"key":"Energy Potion"},{"floor":44,"key":"Weak Potion"}],"is_trial":false,"path_per_floor":["M","$","?","?","M","R","E","$","T","M","M","R","E","T","R_BF","B",null,"M","M","?","M","?","E","M","R","T","M","$","R","M","?","R_BF","B",null,"M","$","T","$","M","E","M","M","T","E","R","?","?","?","R","B",null],"character_chosen":"DEFECT","items_purchased":["Self Repair+1","Membership Card","Molten Egg 2","FTL+1","Eternal Feather","Beam Cell+1","MealTicket","Defragment","Tiny Chest","Crystallizer","Self Repair","Cold Snap+1","Gash+1","Gremlin Food","Bronze Scales","Compile Driver+1","Self Repair","Mummified Hand","Crystallizer","Loop","Redo"],"campfire_rested":1,"item_purchase_floors":[0,0,0,0,0,0,0,0,2,2,8,8,8,28,28,28,28,36,36,38,38],"current_hp_per_floor":[42,57,46,46,46,75,72,82,82,82,73,82,73,73,82,82,82,74,80,64,81,81,67,59,74,74,80,82,82,82,66,84,65,82,87,87,87,87,87,87,87,87,87,87,87,87,77,66,87,87],"gold":163,"neow_bonus":"","is_daily":false,"chose_seed":false,"campfire_upgraded":5,"win_rate":0.0,"timestamp":1607744553,"path_taken":["M","$","?","?","M","R","E","$","T","M","?","R","E","?","R_BF","BOSS","M","M","?","M","?","E","M","R","T","M","$","R","M","?","R_BF","BOSS","M","$","?","$","M","E","M","M","T","E","R","?","?","?","R","BOSS"],"items_purchased_type":["Card","Relic","Relic","Card","Relic","Card","Relic","Card","Relic","Card","Card","Card","Card","Relic","Relic","Card","Card","Relic","Card","Card","Card"],"build_version":"2020-11-30","purchased_purges":2,"victory":true,"max_hp_per_floor":[75,75,75,75,75,75,82,82,82,82,82,82,82,82,82,82,82,82,82,82,82,82,82,82,82,82,82,82,82,82,87,87,87,87,87,87,87,87,87,87,87,87,87,87,87,87,87,87,87,87],"card_choices":[{"not_picked":["Sweeping Beam+1","BasicCrystalCard"],"picked":"Melter+1","floor":1},{"not_picked":["ReplayTheSpireMod:GoodbyeWorld","Stack"],"picked":"Go for the Eyes+1","floor":5},{"not_picked":["Streamline+1","ReplayTheSpireMod:Repulse","Chaos"],"picked":"SKIP","floor":7},{"not_picked":["Consume","ReplayTheSpireMod:GoodbyeWorld"],"picked":"Sweeping Beam+1","floor":10},{"not_picked":["Rebound+1","Turbo","Steam"],"picked":"SKIP","floor":11},{"not_picked":["Biased Cognition","Turbo"],"picked":"Blizzard+1","floor":13},{"not_picked":["Fission","All For One+1"],"picked":"Mirror Shield","floor":16},{"not_picked":["BasicCrystalCard","Storm"],"picked":"Coolheaded","floor":18},{"not_picked":["Panic Button","ReplayTheSpireMod:System Scan","Turbo"],"picked":"SKIP","floor":19},{"not_picked":["Compile Driver+1","Hologram+1"],"picked":"Conserve Battery+1","floor":21},{"not_picked":["Go for the Eyes+1","Fission"],"picked":"Tempest","floor":23},{"not_picked":["Storm","Hello World+1","Aggregate"],"picked":"SKIP","floor":24},{"not_picked":["Coolheaded+1","Redo"],"picked":"Glacier","floor":27},{"not_picked":["Stack","BasicCrystalCard"],"picked":"Ball Lightning+1","floor":30},{"not_picked":["Multi-Cast","Reboot"],"picked":"Mirror Shield","floor":33},{"not_picked":["Turbo+1","Go for the Eyes+1"],"picked":"Ball Lightning+1","floor":35},{"not_picked":["Panic Button","Gash+1"],"picked":"Electrodynamics","floor":39},{"not_picked":["Turbo+1","Reprogram+1","Scrape+1"],"picked":"SKIP","floor":40},{"not_picked":["Time Bomb","Turbo+1"],"picked":"Heatsinks","floor":41},{"not_picked":["Coolheaded","ReplayTheSpireMod:GoodbyeWorld+1","Streamline+1"],"picked":"SKIP","floor":42},{"not_picked":["Ball Lightning+1","Blizzard+1"],"picked":"Redo+1","floor":44},{"not_picked":["expansioncontent:DarkVoid+1","expansioncontent:PolyBeam+1"],"picked":"Dark Shackles","floor":47},{"not_picked":["expansioncontent:Corrupt","Specialist"],"picked":"expansioncontent:DashGenerateEvil+1","floor":47},{"not_picked":["PanicButton","expansioncontent:Torchfire+1"],"picked":"Magnetism","floor":47}],"player_experience":1922150,"relics_obtained":[{"floor":7,"key":"Strawberry"},{"floor":9,"key":"Happy Flower"},{"floor":13,"key":"conspire:IceCreamScoop"},{"floor":14,"key":"Mercury Hourglass"},{"floor":15,"key":"Thread and Needle"},{"floor":20,"key":"Enchiridion"},{"floor":23,"key":"Juzu Bracelet"},{"floor":26,"key":"conspire:DecoderRing"},{"floor":32,"key":"MawBank"},{"floor":37,"key":"Geode"},{"floor":40,"key":"Blue Candle"},{"floor":43,"key":"ReplayFunnel"},{"floor":44,"key":"Replay:Rubber Ducky"}],"event_choices":[{"damage_healed":0,"gold_gain":75,"player_choice":"Gather Gold","damage_taken":11,"max_hp_gain":0,"max_hp_loss":0,"event_name":"World of Goop","floor":3,"gold_loss":0},{"damage_healed":0,"gold_gain":0,"player_choice":"Bought 2 Potions","damage_taken":0,"max_hp_gain":0,"max_hp_loss":0,"event_name":"The Woman in Blue","floor":4,"gold_loss":0},{"damage_healed":0,"gold_gain":0,"player_choice":"Obtained Book","damage_taken":16,"max_hp_gain":0,"max_hp_loss":0,"event_name":"Cursed Tome","floor":20,"gold_loss":0},{"cards_removed":["Strike_B"],"damage_healed":0,"gold_gain":0,"player_choice":"Upgrade and Remove","damage_taken":0,"max_hp_gain":0,"max_hp_loss":0,"event_name":"Designer","floor":22,"gold_loss":90,"cards_upgraded":["Strike_B"]},{"damage_healed":0,"gold_gain":0,"player_choice":"Shed Blood","damage_taken":21,"max_hp_gain":5,"max_hp_loss":0,"event_name":"Forgotten Altar","floor":31,"gold_loss":0},{"damage_healed":0,"gold_gain":0,"player_choice":"Leave","damage_taken":0,"max_hp_gain":0,"max_hp_loss":0,"event_name":"conspire:Investor","floor":46,"gold_loss":0},{"damage_healed":0,"gold_gain":0,"player_choice":"Memory 3","damage_taken":10,"max_hp_gain":0,"max_hp_loss":0,"event_name":"SensoryStone","floor":47,"gold_loss":0},{"damage_healed":0,"gold_gain":0,"player_choice":"Embrace Madness","damage_taken":11,"max_hp_gain":0,"max_hp_loss":0,"event_name":"Winding Halls","floor":48,"gold_loss":0,"cards_obtained":["Madness","Madness"]}],"is_beta":false,"boss_relics":[{"not_picked":["conspire:SeveredTorchhead","Replay:Ancient Bell"],"picked":"SlaversCollar"},{"not_picked":["Runic Dome","ChewingGum"],"picked":"conspire:SpecialSausage"}],"items_purged_floors":[0,28],"is_endless":false,"potions_floor_spawned":[7,13,16,18,21,24,30,39,40,44],"ascension_level":11}}