{"host":"1hv1kueuvc4r3rdp","time":1607803352,"event":{"mods":["AchievementEnabler","BaseMod","DeckTracker","Highlight Path","Minty Spire (QoL Compilation)","Permanent Neow","StSLib"],"gold_per_floor":[119,134,154,154,79,79,98,131,131],"floor_reached":8,"playtime":373,"items_purged":["Writhe"],"score":73,"play_id":"a1228e94-a6dd-485a-8a19-19142a4b1663","local_time":"20201212140232","is_ascension_mode":true,"campfire_choices":[{"data":"Streamline","floor":6,"key":"SMITH"}],"circlet_count":0,"master_deck":["Strike_B","Strike_B","Strike_B","Strike_B","Defend_B","Defend_B","Defend_B","Defend_B","Zap","Dualcast","Seek","Cold Snap","Gash","Streamline+1","Gash"],"relics":["Cracked Core","Matryoshka","Sundial"],"acts_visited":["Exordium"],"potions_floor_usage":[8],"damage_taken":[{"damage":0,"enemies":"Cultist","floor":1,"turns":4},{"damage":2,"enemies":"Jaw Worm","floor":2,"turns":4},{"damage":0,"enemies":"Small Slimes","floor":3,"turns":2},{"damage":7,"enemies":"Looter","floor":7,"turns":3},{"damage":17,"enemies":"3 Sentries","floor":8,"turns":5}],"seed_played":"-3169412232935814087","potions_obtained":[{"floor":3,"key":"Strength Potion"},{"floor":7,"key":"LiquidMemories"}],"is_trial":false,"path_per_floor":["M","M","M","?","$","R","M","E"],"character_chosen":"DEFECT","items_purchased":[],"campfire_rested":0,"item_purchase_floors":[],"current_hp_per_floor":[75,73,73,55,55,55,48,31,31],"gold":131,"neow_bonus":"THREE_RARE_CARDS","is_daily":false,"chose_seed":false,"campfire_upgraded":1,"win_rate":0.0,"timestamp":1607803352,"path_taken":["M","M","M","?","$","R","M","E"],"items_purchased_type":[],"build_version":"2020-11-30","purchased_purges":1,"victory":false,"max_hp_per_floor":[75,75,75,75,75,75,75,75,75],"card_choices":[{"not_picked":["Meteor Strike","Thunder Strike"],"picked":"Seek","floor":0},{"not_picked":["Gash","Compile Driver"],"picked":"Cold Snap","floor":1},{"not_picked":["Cold Snap","Conserve Battery"],"picked":"Gash","floor":2},{"not_picked":["Glacier","Storm"],"picked":"Streamline","floor":3},{"not_picked":["Compile Driver","Loop"],"picked":"Gash","floor":7}],"player_experience":980252,"relics_obtained":[{"floor":8,"key":"Sundial"}],"event_choices":[{"damage_healed":0,"gold_gain":0,"player_choice":"Success","damage_taken":18,"relics_obtained":["Matryoshka"],"max_hp_gain":0,"max_hp_loss":0,"event_name":"Scrap Ooze","floor":4,"gold_loss":0}],"is_beta":false,"boss_relics":[],"items_purged_floors":[5],"is_endless":false,"potions_floor_spawned":[3,7],"killed_by":"3 Sentries","ascension_level":5}}