{"host":"9z9bilz90zy1bfdt","time":1607752038,"event":{"mods":["BaseMod","Minty Spire (QoL Compilation)","StSLib","SuperFastMode"],"gold_per_floor":[115,115,128,148,37,68,85,85,85,114,40,57,82,95,95,199,199,218,38,49,62,72,97,97,127,166,178,223,263,275,320,332,443,455,478,540,427,427,443,443,472,472,499,529,529,546,546,546,546,546,546,546,291,317,317],"floor_reached":56,"playtime":1942,"items_purged":["Cloak And Dagger","Cloak And Dagger","Blade Dance","Cloak And Dagger"],"score":2064,"play_id":"d022cb9c-eb5b-4d49-8033-b265c295adc9","local_time":"20201212144718","is_ascension_mode":true,"campfire_choices":[{"data":"Accuracy","floor":8,"key":"SMITH"},{"data":"Dark Embrace","floor":15,"key":"SMITH"},{"data":"Dual Wield","floor":27,"key":"SMITH"},{"floor":32,"key":"REST"},{"data":"Seeing Red","floor":40,"key":"SMITH"},{"data":"Rage","floor":42,"key":"SMITH"},{"data":"Berserk","floor":45,"key":"SMITH"},{"floor":47,"key":"RECALL"},{"data":"Madness","floor":49,"key":"SMITH"},{"data":"Barricade","floor":52,"key":"SMITH"}],"circlet_count":0,"master_deck":["Blade Dance","Blade Dance","Blade Dance","Accuracy+1","Blade Dance","Barricade+1","Rage+1","Dark Embrace+1","Berserk+1","Seeing Red+1","Dual Wield+1","Disarm+1","Blind","Panacea","Madness+1","Madness"],"relics":["Burning Blood","Nunchaku","Molten Egg 2","Tiny Chest","Pen Nib","Black Star","Strawberry","WingedGreaves","Mercury Hourglass","MawBank","PreservedInsect","Singing Bowl","Mango","Centennial Puzzle","Anchor","Eternal Feather","Toy Ornithopter","Dream Catcher","SlaversCollar","Charon\u0027s Ashes","Ancient Tea Set","Bottled Lightning","Art of War","Kunai","White Beast Statue","Membership Card","Vajra","Gremlin Horn"],"acts_visited":["Exordium","TheCity","TheBeyond","TheEnding"],"potions_floor_usage":[23,33,55,55,55],"damage_taken":[{"damage":0,"enemies":"2 Louse","floor":1,"turns":2},{"damage":0,"enemies":"Cultist","floor":3,"turns":2},{"damage":0,"enemies":"Jaw Worm","floor":4,"turns":2},{"damage":0,"enemies":"Lagavulin","floor":6,"turns":4},{"damage":0,"enemies":"Large Slime","floor":7,"turns":3},{"damage":0,"enemies":"Gremlin Nob","floor":10,"turns":1},{"damage":0,"enemies":"2 Fungi Beasts","floor":12,"turns":2},{"damage":0,"enemies":"Lagavulin","floor":13,"turns":4},{"damage":0,"enemies":"Exordium Wildlife","floor":14,"turns":1},{"damage":3,"enemies":"Hexaghost","floor":16,"turns":3},{"damage":0,"enemies":"3 Byrds","floor":18,"turns":2},{"damage":0,"enemies":"Shell Parasite","floor":20,"turns":2},{"damage":0,"enemies":"Snecko","floor":21,"turns":2},{"damage":9,"enemies":"3 Cultists","floor":22,"turns":3},{"damage":2,"enemies":"Book of Stabbing","floor":23,"turns":2},{"damage":11,"enemies":"Slavers","floor":25,"turns":2},{"damage":14,"enemies":"Book of Stabbing","floor":28,"turns":2},{"damage":36,"enemies":"Gremlin Leader","floor":29,"turns":3},{"damage":33,"enemies":"Slavers","floor":31,"turns":2},{"damage":62,"enemies":"Collector","floor":33,"turns":7},{"damage":14,"enemies":"Orb Walker","floor":35,"turns":3},{"damage":33,"enemies":"Mind Bloom Boss Battle","floor":36,"turns":3},{"damage":0,"enemies":"3 Shapes","floor":39,"turns":1},{"damage":0,"enemies":"Giant Head","floor":41,"turns":2},{"damage":0,"enemies":"Reptomancer","floor":44,"turns":2},{"damage":11,"enemies":"Sphere and 2 Shapes","floor":46,"turns":3},{"damage":52,"enemies":"Donu and Deca","floor":50,"turns":3},{"damage":0,"enemies":"Shield and Spear","floor":54,"turns":1},{"damage":70,"enemies":"The Heart","floor":55,"turns":5}],"seed_played":"-9025527448044963863","potions_obtained":[{"floor":4,"key":"DistilledChaos"},{"floor":6,"key":"FearPotion"},{"floor":12,"key":"AttackPotion"},{"floor":25,"key":"Strength Potion"},{"floor":28,"key":"Regen Potion"},{"floor":33,"key":"EssenceOfSteel"},{"floor":36,"key":"Weak Potion"}],"is_trial":false,"path_per_floor":["M","?","M","M","$","E","M","R","T","E","?","M","E","M","R","B",null,"M","$","M","M","M","E","?","E","T","R","E","E","T","E","R","B",null,"M","?","$","?","M","R","E","R","T","E","R","M","R","?","R","B",null,"R","$","E","B",null],"character_chosen":"IRONCLAD","items_purchased":["Dark Embrace","Seeing Red","Membership Card","DuplicationPotion"],"campfire_rested":1,"item_purchase_floors":[5,19,53,53],"current_hp_per_floor":[57,80,80,80,80,80,80,80,80,80,80,80,80,80,80,80,80,80,80,80,80,77,87,87,82,82,82,90,62,62,37,77,37,93,85,60,60,52,60,69,75,84,84,92,101,98,107,92,101,55,105,114,114,122,64],"gold":317,"neow_bonus":"THREE_RARE_CARDS","is_daily":false,"chose_seed":false,"campfire_upgraded":8,"win_rate":0.0,"timestamp":1607752038,"path_taken":["M","?","M","M","$","E","M","R","T","E","?","M","E","M","R","BOSS","M","?","M","?","M","E","?","E","T","R","E","E","?","E","R","BOSS","M","?","$","?","M","R","E","R","T","E","R","M","R","?","R","BOSS","R","$","E","BOSS"],"items_purchased_type":["Card","Card","Relic","Potion"],"build_version":"2020-11-30","purchased_purges":4,"victory":true,"max_hp_per_floor":[80,80,80,80,80,80,80,80,80,80,80,80,80,80,80,80,80,80,80,80,80,80,87,87,87,87,87,103,105,105,107,109,111,111,111,113,113,115,117,117,117,117,117,119,119,121,121,121,121,121,121,121,121,123,123],"card_choices":[{"not_picked":["Juggernaut","Double Tap"],"picked":"Barricade","floor":0},{"not_picked":["Clash","Seeing Red"],"picked":"Rage","floor":1},{"not_picked":["Dropkick","Anger","Shrug It Off"],"picked":"SKIP","floor":3},{"not_picked":["Power Through","Heavy Blade","Wild Strike"],"picked":"SKIP","floor":4},{"not_picked":["Exhume","Clash","Armaments"],"picked":"SKIP","floor":6},{"not_picked":["Iron Wave","Thunderclap","Clothesline"],"picked":"SKIP","floor":7},{"not_picked":["Armaments","Reaper+1","Clothesline+1"],"picked":"SKIP","floor":10},{"not_picked":["Body Slam+1","Heavy Blade+1","Thunderclap+1"],"picked":"SKIP","floor":12},{"not_picked":["Armaments","Pommel Strike+1","Shrug It Off"],"picked":"SKIP","floor":13},{"not_picked":["Thunderclap+1","Rupture","Entrench"],"picked":"SKIP","floor":14},{"not_picked":["Offering","Juggernaut"],"picked":"Berserk","floor":16},{"not_picked":["Searing Blow+1","Body Slam+1","Power Through+1"],"picked":"SKIP","floor":18},{"not_picked":["Flex","Anger+1","Second Wind+1"],"picked":"SKIP","floor":20},{"not_picked":["Flame Barrier","Dropkick+1","Flex"],"picked":"SKIP","floor":21},{"not_picked":["Thunderclap+1","Shrug It Off","Perfected Strike+1"],"picked":"SKIP","floor":22},{"not_picked":["Shrug It Off+1","Exhume","Headbutt+1"],"picked":"SKIP","floor":23},{"not_picked":["Sentinel","Clash+1"],"picked":"Dual Wield","floor":25},{"not_picked":["Cleave+1","Rage","Armaments"],"picked":"Singing Bowl","floor":28},{"not_picked":["Twin Strike+1","Sentinel","Evolve"],"picked":"Singing Bowl","floor":29},{"not_picked":["Bloodletting","Havoc","Clash+1"],"picked":"Singing Bowl","floor":31},{"not_picked":["Combust","Flex+1","Clash+1"],"picked":"Singing Bowl","floor":32},{"not_picked":["Fiend Fire+1","Immolate+1","Berserk"],"picked":"Singing Bowl","floor":33},{"not_picked":["Sword Boomerang+1","Combust"],"picked":"Disarm+1","floor":35},{"not_picked":["Pommel Strike+1","Heavy Blade+1","Armaments"],"picked":"Singing Bowl","floor":36},{"not_picked":["Dramatic Entrance+1","Mind Blast+1","Mayhem"],"picked":"Singing Bowl","floor":38},{"not_picked":["Mayhem","Enlightenment"],"picked":"Blind","floor":38},{"not_picked":["Discovery","Panache"],"picked":"Panacea","floor":38},{"not_picked":["Body Slam+1","Whirlwind+1","Pommel Strike+1"],"picked":"Singing Bowl","floor":39},{"not_picked":["True Grit","Heavy Blade+1","Armaments+1"],"picked":"SKIP","floor":41},{"not_picked":["Shockwave","Anger+1","Iron Wave+1"],"picked":"Singing Bowl","floor":44},{"not_picked":["Headbutt+1","Pommel Strike+1","Havoc+1"],"picked":"Singing Bowl","floor":46},{"not_picked":["Pummel+1","Inflame","Headbutt+1"],"picked":"Singing Bowl","floor":54}],"player_experience":317231,"relics_obtained":[{"floor":6,"key":"Nunchaku"},{"floor":10,"key":"Molten Egg 2"},{"floor":13,"key":"Pen Nib"},{"floor":23,"key":"Strawberry"},{"floor":23,"key":"WingedGreaves"},{"floor":25,"key":"Mercury Hourglass"},{"floor":25,"key":"MawBank"},{"floor":26,"key":"PreservedInsect"},{"floor":28,"key":"Singing Bowl"},{"floor":28,"key":"Mango"},{"floor":29,"key":"Centennial Puzzle"},{"floor":29,"key":"Anchor"},{"floor":30,"key":"Eternal Feather"},{"floor":31,"key":"Toy Ornithopter"},{"floor":31,"key":"Dream Catcher"},{"floor":36,"key":"Charon\u0027s Ashes"},{"floor":41,"key":"Ancient Tea Set"},{"floor":41,"key":"Bottled Lightning"},{"floor":43,"key":"Art of War"},{"floor":44,"key":"Kunai"},{"floor":44,"key":"White Beast Statue"},{"floor":54,"key":"Vajra"},{"floor":54,"key":"Gremlin Horn"}],"event_choices":[{"damage_healed":26,"gold_gain":0,"player_choice":"Banana","damage_taken":0,"max_hp_gain":0,"max_hp_loss":0,"event_name":"Big Fish","floor":2,"gold_loss":0},{"damage_healed":0,"gold_gain":0,"player_choice":"Paid Gold","damage_taken":0,"relics_obtained":["Tiny Chest"],"max_hp_gain":0,"max_hp_loss":0,"event_name":"WeMeetAgain","floor":11,"gold_loss":74},{"cards_removed":["Cloak And Dagger"],"damage_healed":0,"gold_gain":0,"player_choice":"Elegance","damage_taken":0,"max_hp_gain":0,"max_hp_loss":0,"event_name":"Back to Basics","floor":24,"gold_loss":0},{"damage_healed":0,"gold_gain":0,"player_choice":"Fight","damage_taken":0,"max_hp_gain":0,"max_hp_loss":0,"event_name":"MindBloom","floor":36,"gold_loss":0},{"damage_healed":0,"gold_gain":0,"player_choice":"Memory 3","damage_taken":10,"max_hp_gain":0,"max_hp_loss":0,"event_name":"SensoryStone","floor":38,"gold_loss":0},{"damage_healed":0,"gold_gain":0,"player_choice":"Embrace Madness","damage_taken":15,"max_hp_gain":0,"max_hp_loss":0,"event_name":"Winding Halls","floor":48,"gold_loss":0,"cards_obtained":["Madness","Madness"]}],"is_beta":false,"boss_relics":[{"not_picked":["Cursed Key","Fusion Hammer"],"picked":"Black Star"},{"not_picked":["Runic Pyramid","Snecko Eye"],"picked":"SlaversCollar"}],"items_purged_floors":[5,19,37,53],"is_endless":false,"potions_floor_spawned":[4,6,12,14,16,22,25,28,33,36,44,46,54],"ascension_level":8}}