{"host":"2ttsipbxjlhedj1t","time":1607737590,"event":{"mods":["2.2 Compatiblity","Act Like it!","BaseMod","Better Altar","Better Note","Better Sensory Stone","Better Skull","Better Third Choice","Colored Map","Colored Powertips","Hermit","Highlight Path","Minty Spire (QoL Compilation)","Quick Restart","Shop Mod","StSLib","The Blue Laboratory","The Disciple"],"gold_per_floor":[290,117,117,135,146,166,166,180,180,255,289,289,309,19,46,46,145,195,211,211,8,21,21,21,21,21],"floor_reached":24,"playtime":4725,"items_purged":[],"score":247,"play_id":"971dc39c-0e23-441d-a196-0d6111e41338","local_time":"20201211204630","is_ascension_mode":true,"campfire_choices":[{"data":"Zap","floor":6,"key":"SMITH"},{"data":"Dualcast","floor":8,"key":"SMITH"},{"data":"Recycle","floor":11,"key":"SMITH"},{"floor":15,"key":"REST"},{"data":"Fission","floor":23,"key":"SMITH"}],"circlet_count":0,"master_deck":["Strike_B","Strike_B","Strike_B","Defend_B","Defend_B","Defend_B+1","Defend_B","Zap+1","Dualcast+1","Reboot","Auto Shields","Recycle+1","Undo","BootSequence","Streamline","Reinforced Body","Fission+1","Seek","Buffer","Self Repair","Dramatic Entrance","Finesse"],"relics":["Cracked Core","Prayer Wheel","InkBottle","Orichalcum","Anchor","Emotion Chip","MerchantsRug"],"acts_visited":["Exordium","TheCity"],"potions_floor_usage":[10,10,14,16,18,21,24],"damage_taken":[{"damage":3,"enemies":"Small Slimes","floor":1,"turns":2},{"damage":0,"enemies":"Cultist","floor":3,"turns":3},{"damage":2,"enemies":"Jaw Worm","floor":4,"turns":4},{"damage":17,"enemies":"Exordium Thugs","floor":5,"turns":3},{"damage":0,"enemies":"2 Fungi Beasts","floor":7,"turns":3},{"damage":6,"enemies":"Gremlin Nob","floor":10,"turns":4},{"damage":0,"enemies":"Looter","floor":12,"turns":3},{"damage":29,"enemies":"Lagavulin","floor":14,"turns":10},{"damage":28,"enemies":"The Guardian","floor":16,"turns":19},{"damage":17,"enemies":"Spheric Guardian","floor":18,"turns":6},{"damage":23,"enemies":"3 Byrds","floor":21,"turns":5},{"damage":9,"enemies":"Book of Stabbing","floor":24,"turns":5}],"seed_played":"-423865660265097397","potions_obtained":[{"floor":4,"key":"CultistPotion"},{"floor":7,"key":"blueLaboratory:BubblePotion"},{"floor":12,"key":"blueLaboratory:EmptyBottle"},{"floor":16,"key":"Energy Potion"},{"floor":17,"key":"CultistPotion"}],"is_trial":false,"path_per_floor":["M","?","M","M","M","R","M","R","T","E","R","M","$","E","R","B",null,"M","?","$","M","?","R","E"],"character_chosen":"DEFECT","items_purchased":["Fission","Anchor","blueLaboratory:HummingbirdPotion","Self Repair","MerchantsRug","ColorlessPotion"],"campfire_rested":1,"item_purchase_floors":[13,13,13,20,20,20],"current_hp_per_floor":[13,72,72,72,70,53,53,53,53,53,47,47,47,47,18,40,12,80,63,63,63,47,47,47,38,38],"gold":21,"neow_bonus":"ONE_RANDOM_RARE_CARD","is_daily":false,"chose_seed":false,"campfire_upgraded":4,"win_rate":0.0,"timestamp":1607737590,"path_taken":["M","?","M","M","M","R","M","R","T","E","R","?","$","E","R","BOSS","M","?","?","M","?","R","E"],"items_purchased_type":["Card","Relic","Potion","Card","Relic","Potion"],"build_version":"2020-11-30","purchased_purges":0,"victory":false,"max_hp_per_floor":[80,75,75,75,75,75,75,75,75,75,75,75,75,75,75,75,75,80,80,80,80,80,80,80,80,80],"card_choices":[{"not_picked":["Coolheaded","Heatsinks","Chill"],"picked":"SKIP","floor":1},{"not_picked":["Beam Cell","Conserve Battery"],"picked":"Auto Shields","floor":3},{"not_picked":["Leap","Barrage","Cold Snap"],"picked":"SKIP","floor":3},{"not_picked":["Compile Driver","Sweeping Beam"],"picked":"Recycle","floor":4},{"not_picked":["Go for the Eyes","Compile Driver"],"picked":"Undo","floor":4},{"not_picked":["Compile Driver","Turbo"],"picked":"BootSequence","floor":5},{"not_picked":["Leap","Hello World"],"picked":"Streamline","floor":5},{"not_picked":["Leap","Turbo","Reprogram"],"picked":"SKIP","floor":7},{"not_picked":["Redo","Static Discharge","Streamline"],"picked":"SKIP","floor":7},{"not_picked":["Glacier","Gash","Cold Snap"],"picked":"SKIP","floor":10},{"not_picked":["White Noise","Meteor Strike"],"picked":"Reinforced Body","floor":12},{"not_picked":["Hello World","Coolheaded","Streamline"],"picked":"SKIP","floor":12},{"not_picked":["Rebound","Cold Snap","Beam Cell"],"picked":"SKIP","floor":14},{"not_picked":["Biased Cognition","Amplify"],"picked":"Seek","floor":16},{"not_picked":["Steam","Static Discharge","Chaos"],"picked":"SKIP","floor":18},{"not_picked":["Rebound","Heatsinks+1","Chill"],"picked":"SKIP","floor":18},{"not_picked":["Cold Snap","White Noise","Stack"],"picked":"SKIP","floor":21},{"not_picked":["Force Field+1","Compile Driver","Ball Lightning"],"picked":"SKIP","floor":21},{"not_picked":["Purity","Mind Blast"],"picked":"Dramatic Entrance","floor":22},{"not_picked":["Impatience","Madness"],"picked":"Finesse","floor":22}],"player_experience":356586,"relics_obtained":[{"floor":2,"key":"Prayer Wheel"},{"floor":9,"key":"InkBottle"},{"floor":10,"key":"Orichalcum"},{"floor":14,"key":"Emotion Chip"}],"event_choices":[{"damage_healed":0,"gold_gain":0,"player_choice":"Relic","damage_taken":0,"max_hp_gain":0,"max_hp_loss":0,"event_name":"Wheel of Change","floor":2,"gold_loss":0},{"damage_healed":0,"gold_gain":0,"cards_transformed":["Strike_B"],"player_choice":"Transformed","damage_taken":0,"max_hp_gain":0,"max_hp_loss":0,"event_name":"Transmorgrifier","floor":19,"gold_loss":0,"cards_obtained":["Buffer"]},{"damage_healed":0,"gold_gain":2,"player_choice":"1","damage_taken":0,"max_hp_gain":0,"max_hp_loss":0,"event_name":"betterStone:BetterStone","floor":22,"gold_loss":0}],"is_beta":false,"boss_relics":[{"not_picked":["Fusion Hammer","Snecko Eye"],"picked":"Tiny House"}],"items_purged_floors":[],"is_endless":false,"potions_floor_spawned":[4,7,12,16],"killed_by":"Book of Stabbing","ascension_level":4}}