{"host":"daa8jqyg4gqfaysm","time":1607756021,"event":{"mods":["BaseMod","Colored Powertips","Minty Spire (QoL Compilation)","StSLib"],"gold_per_floor":[118,193,193,203,23,56,56,85,85,103,103,103,114,125,125,125,125],"floor_reached":16,"playtime":420,"items_purged":[],"score":236,"play_id":"18a65f57-5294-43a0-a36d-bc808213f0e2","local_time":"20201212145341","is_ascension_mode":true,"campfire_choices":[{"data":"Barrage","floor":7,"key":"SMITH"},{"data":"Zap","floor":12,"key":"SMITH"},{"data":"Ball Lightning","floor":15,"key":"SMITH"}],"circlet_count":0,"master_deck":["AscendersBane","Strike_B","Strike_B","Strike_B+1","Strike_B","Defend_B","Defend_B","Defend_B","Defend_B","Zap+1","Dualcast+1","Glacier","Sweeping Beam","Barrage+1","Consume+1","Steam Power","Skim","Undo","Ball Lightning+1"],"relics":["Cracked Core","NeowsBlessing","Frozen Eye","Bottled Flame","HornCleat","Blood Vial"],"acts_visited":["Exordium"],"potions_floor_usage":[16],"damage_taken":[{"damage":0,"enemies":"Cultist","floor":1,"turns":1},{"damage":0,"enemies":"2 Louse","floor":4,"turns":1},{"damage":0,"enemies":"3 Sentries","floor":6,"turns":1},{"damage":49,"enemies":"Gremlin Nob","floor":8,"turns":7},{"damage":1,"enemies":"Jaw Worm","floor":10,"turns":3},{"damage":0,"enemies":"3 Louse","floor":13,"turns":2},{"damage":0,"enemies":"Large Slime","floor":14,"turns":5},{"damage":27,"enemies":"Hexaghost","floor":16,"turns":9}],"seed_played":"9024099183548273735","potions_obtained":[{"floor":1,"key":"FairyPotion"},{"floor":10,"key":"Fruit Juice"},{"floor":13,"key":"Swift Potion"}],"is_trial":false,"path_per_floor":["M","?","?","M","$","E","R","E","T","M","?","R","M","M","R","B"],"character_chosen":"DEFECT","items_purchased":["Frozen Eye","Barrage"],"campfire_rested":0,"item_purchase_floors":[5,5],"current_hp_per_floor":[64,53,32,32,32,32,32,21,21,22,22,22,24,26,26,6,6],"gold":125,"neow_bonus":"THREE_ENEMY_KILL","is_daily":false,"chose_seed":false,"campfire_upgraded":3,"win_rate":0.0,"timestamp":1607756021,"path_taken":["M","?","?","M","$","E","R","E","T","?","?","R","M","M","R","BOSS"],"items_purchased_type":["Relic","Card"],"build_version":"2020-11-30","purchased_purges":0,"victory":false,"max_hp_per_floor":[71,71,71,71,71,71,71,71,71,71,71,71,71,71,71,76,76],"card_choices":[{"not_picked":["BootSequence","Sweeping Beam"],"picked":"Glacier","floor":1},{"not_picked":["Darkness","Conserve Battery"],"picked":"Sweeping Beam","floor":4},{"not_picked":["Loop","Storm"],"picked":"Consume","floor":6},{"not_picked":["Cold Snap","Recycle"],"picked":"Steam Power","floor":8},{"not_picked":["Hologram","Go for the Eyes"],"picked":"Skim","floor":10},{"not_picked":["Recycle","Genetic Algorithm"],"picked":"Undo","floor":13},{"not_picked":["Self Repair","Undo"],"picked":"Ball Lightning","floor":14}],"player_experience":660862,"relics_obtained":[{"floor":6,"key":"Bottled Flame"},{"floor":8,"key":"HornCleat"},{"floor":9,"key":"Blood Vial"}],"event_choices":[{"damage_healed":0,"gold_gain":75,"player_choice":"Gather Gold","damage_taken":11,"max_hp_gain":0,"max_hp_loss":0,"event_name":"World of Goop","floor":2,"gold_loss":0},{"damage_healed":0,"gold_gain":0,"player_choice":"Entered Light","damage_taken":21,"max_hp_gain":0,"max_hp_loss":0,"event_name":"Shining Light","floor":3,"gold_loss":0,"cards_upgraded":["Strike_B","Dualcast"]},{"damage_healed":0,"gold_gain":0,"player_choice":"Grow","damage_taken":0,"max_hp_gain":0,"max_hp_loss":0,"event_name":"Living Wall","floor":11,"gold_loss":0,"cards_upgraded":["Consume"]}],"is_beta":false,"boss_relics":[],"items_purged_floors":[],"is_endless":false,"potions_floor_spawned":[1,10,13],"killed_by":"Hexaghost","ascension_level":15}}