{"host":"eyd8pf3bw1xm0qjv","time":1607757223,"event":{"mods":["AchievementEnabler","Aspiration","Bard","BaseMod","Beaked The Cultist","BetterRewards","CCEM","Challenge The Spire","Clawfect","Colored Map","Conspire","DeckTracker","Downfall","Duelist Mod","Ekko","GifTheSpireLib","Glutton Mod","Googly Eyes","Halation","Hermit","Highlight Path","Hubris","Jedi Mod","Jorbs\u0027s Wanderer Trilogy","Mad Scientist","Marisa????????","Mimic Mod","Minty Spire (QoL Compilation)","Permanent Neow","Potionbrewer","Relic Sorter","Replay The Spire","StSLib","Stuff the Spire","The Administrix","The Animator","The Blackbeard","The Bug Knight","The Construct","The Cursed","The Dragon Tamer","The Florist","The Gatherer","The Hierophant","The IronCluck","The Jungle","The Mystic","The Necromancer","The Problem Sleuth","The Runesmith","The Servant 0.9.4","The Spell Scribe","[IsaacMod]????","vexMod"],"gold_per_floor":[117,128,10,10,25,25,100,130,130,130,17,36,62,72,72,170,170,170,170],"floor_reached":18,"playtime":1802,"items_purged":[],"score":220,"play_id":"89733293-acfe-42dd-b3f7-2004584f17f1","local_time":"20201212021343","is_ascension_mode":false,"campfire_choices":[{"data":"potionbrewer:Collect","floor":6,"key":"SMITH"},{"floor":15,"key":"REST"}],"circlet_count":0,"master_deck":["potionbrewer:PotionbrewerStrike","potionbrewer:PotionbrewerStrike","potionbrewer:PotionbrewerStrike","potionbrewer:PotionbrewerStrike","potionbrewer:PotionbrewerDefend","potionbrewer:PotionbrewerDefend","potionbrewer:PotionbrewerDefend","potionbrewer:PotionbrewerDefend","potionbrewer:Collect+1","potionbrewer:ChemicalSpill","potionbrewer:PotentialEnergy","potionbrewer:ChemicalRage","potionbrewer:Fuel","potionbrewer:SpecialFormula","potionbrewer:TestFormula+1","potionbrewer:PortableLab+1","potionbrewer:PortableLab+1","potionbrewer:PrivateReserves","potionbrewer:ChemicalShroud","potionbrewer:ChoosePotion","potionbrewer:PrivateReserves","potionbrewer:ChemicalShroud","potionbrewer:Hoarder","potionbrewer:RefinedProcess","potionbrewer:ChoosePotion"],"relics":["potionbrewer:PotionKit","HushsDoor","hubris:Towel","PokeGo","Replay:Bottled Eggs","Kunai","Blood Vial","vexMod:NewClearReactor"],"acts_visited":["Exordium","theJungle:Jungle"],"potions_floor_usage":[1,1,2,5,5,8,8,8,12,12,13,14,14,16,16,18,18,18],"damage_taken":[{"damage":4,"enemies":"Jaw Worm","floor":1,"turns":4},{"damage":12,"enemies":"Small Slimes","floor":2,"turns":6},{"damage":1,"enemies":"Cultist","floor":5,"turns":6},{"damage":28,"enemies":"Gremlin Nob","floor":8,"turns":4},{"damage":2,"enemies":"Blue Slaver","floor":12,"turns":4},{"damage":14,"enemies":"3 Sentries","floor":13,"turns":6},{"damage":0,"enemies":"2 Fungi Beasts","floor":14,"turns":1},{"damage":9,"enemies":"Fading Forest","floor":16,"turns":11},{"damage":94,"enemies":"theJungle:GiantWrat","floor":18,"turns":14}],"seed_played":"5106635497381956233","potions_obtained":[{"floor":1,"key":"ColorlessPotion"},{"floor":2,"key":"BlessingOfTheForge"},{"floor":16,"key":"AttackPotion"}],"is_trial":false,"path_per_floor":["M","M","$","?","M","R","?","E","T","?","$","M","E","M","R","B",null,"M"],"character_chosen":"POTIONBREWER","items_purchased":["potionbrewer:SpecialFormula","potionbrewer:TestFormula","potionbrewer:PrivateReserves","potionbrewer:ChemicalShroud","potionbrewer:BottomlessFlask","potionbrewer:RefinedProcess"],"campfire_rested":1,"item_purchase_floors":[3,3,11,11,17,17],"current_hp_per_floor":[71,59,59,59,58,58,47,19,19,19,19,17,3,5,27,38,68,0,0],"gold":170,"neow_bonus":"ONE_RANDOM_RARE_CARD","is_daily":false,"chose_seed":false,"campfire_upgraded":1,"win_rate":0.0,"timestamp":1607757223,"path_taken":["M","M","$","?","?","R","?","E","T","?","?","?","E","M","R","BOSS","M"],"items_purchased_type":["Card","Card","Card","Card","Card","Card"],"build_version":"2020-11-30","purchased_purges":0,"victory":false,"max_hp_per_floor":[75,75,75,75,75,75,75,75,75,75,75,75,75,75,75,75,68,68,68],"card_choices":[{"not_picked":["potionbrewer:LabAccident","potionbrewer:TimeBomb"],"picked":"potionbrewer:ChemicalRage","floor":1},{"not_picked":["potionbrewer:Smack","potionbrewer:Toxicity"],"picked":"potionbrewer:Fuel","floor":2},{"not_picked":["potionbrewer:OneTwoPunch","potionbrewer:EmptyBottle"],"picked":"potionbrewer:PortableLab","floor":5},{"not_picked":["potionbrewer:CrossReference","Bomb"],"picked":"potionbrewer:PortableLab","floor":8},{"not_picked":["potionbrewer:BlindingSpray","potionbrewer:Biohazard"],"picked":"potionbrewer:BottomlessFlask","floor":12},{"not_picked":["potionbrewer:EmptyBottle","potionbrewer:FlashPowder"],"picked":"potionbrewer:PrivateReserves","floor":13},{"not_picked":["potionbrewer:HazardousMaterials","potionbrewer:Smokescreen"],"picked":"potionbrewer:ChemicalShroud","floor":14},{"not_picked":["potionbrewer:Bribery","potionbrewer:RefinedProcess"],"picked":"potionbrewer:Hoarder","floor":16}],"player_experience":125771,"relics_obtained":[{"floor":8,"key":"Replay:Bottled Eggs"},{"floor":9,"key":"Kunai"},{"floor":13,"key":"Blood Vial"}],"event_choices":[{"damage_healed":0,"gold_gain":75,"player_choice":"Gather Gold","damage_taken":11,"max_hp_gain":0,"max_hp_loss":0,"event_name":"World of Goop","floor":7,"gold_loss":0}],"is_beta":false,"boss_relics":[{"not_picked":["aspiration:RunicSpoon","Fusion Hammer"],"picked":"vexMod:NewClearReactor"},{"not_picked":[]}],"items_purged_floors":[],"is_endless":false,"potions_floor_spawned":[1,2,16],"killed_by":"theJungle:GiantWrat","ascension_level":0}}