{"host":"i344ixtilokuekwt","time":1607809578,"event":{"mods":["BaseMod","Card Forge","Colored Powertips","Minty Spire (QoL Compilation)","Quick Restart","Relic Stats","StSLib"],"gold_per_floor":[109,121,139,153,27,52,52,80,80,100,174,209,39,64,64,159,159,170,170,185,196,216,216,232,232,232,262,5,17,17,28,28,127,127,147,165,34,46,46,79,79,89,114,114,169,169,181,200,200,200,200,200,0,28,28],"floor_reached":56,"playtime":2831,"items_purged":["Strike_G","Strike_G","Strike_G","Strike_G","Normality"],"score":1271,"play_id":"248b7c32-3d7c-45c5-86cb-be2a6a2d4300","local_time":"20201212164618","is_ascension_mode":false,"campfire_choices":[{"data":"Catalyst","floor":7,"key":"SMITH"},{"floor":15,"key":"REST"},{"floor":23,"key":"REST"},{"data":"Noxious Fumes","floor":30,"key":"SMITH"},{"floor":32,"key":"REST"},{"data":"Crippling Poison","floor":41,"key":"SMITH"},{"data":"Catalyst","floor":44,"key":"SMITH"},{"floor":46,"key":"RECALL"},{"floor":49,"key":"REST"},{"data":"Footwork","floor":52,"key":"SMITH"}],"circlet_count":0,"master_deck":["Strike_G","Defend_G","Defend_G","Defend_G","Defend_G","Defend_G","Survivor","Neutralize","Catalyst+1","Poisoned Stab","Flying Knee","Deadly Poison","Dagger Throw","Deadly Poison","Footwork+1","Adrenaline","Crippling Poison+1","Tactician","Calculated Gamble+1","Noxious Fumes+1","Backflip","Die Die Die","PiercingWail","Catalyst+1","Bouncing Flask","Good Instincts","Finesse","Footwork","Crippling Poison","Backflip","Catalyst","PiercingWail+1"],"relics":["Ring of the Snake","Hammer of Thor","Seething Fire","Anvil of the Gods","The Specimen","Odd Mushroom","StoneCalendar","Pear","Paper Crane","Runic Pyramid","GremlinMask","Mercury Hourglass","TungstenRod","Membership Card","Cursed Key","Juzu Bracelet","Dead Branch","Frozen Eye","Art of War"],"acts_visited":["Exordium","TheCity","TheBeyond","TheEnding"],"potions_floor_usage":[4,6,6,12,22,47,47,50,54],"damage_taken":[{"damage":4,"enemies":"Jaw Worm","floor":1,"turns":10},{"damage":0,"enemies":"Small Slimes","floor":2,"turns":4},{"damage":0,"enemies":"Cultist","floor":3,"turns":4},{"damage":2,"enemies":"Exordium Thugs","floor":4,"turns":4},{"damage":21,"enemies":"Lagavulin","floor":6,"turns":6},{"damage":14,"enemies":"The Mushroom Lair","floor":8,"turns":4},{"damage":0,"enemies":"2 Fungi Beasts","floor":10,"turns":3},{"damage":16,"enemies":"Gremlin Nob","floor":12,"turns":3},{"damage":15,"enemies":"Lagavulin","floor":14,"turns":6},{"damage":11,"enemies":"The Guardian","floor":16,"turns":8},{"damage":0,"enemies":"Shell Parasite","floor":18,"turns":4},{"damage":1,"enemies":"Chosen","floor":20,"turns":4},{"damage":28,"enemies":"Snake Plant","floor":21,"turns":3},{"damage":13,"enemies":"Shelled Parasite and Fungi","floor":22,"turns":4},{"damage":12,"enemies":"Snecko","floor":24,"turns":7},{"damage":0,"enemies":"Book of Stabbing","floor":27,"turns":5},{"damage":9,"enemies":"Snake Plant","floor":29,"turns":3},{"damage":0,"enemies":"Centurion and Healer","floor":31,"turns":5},{"damage":18,"enemies":"Collector","floor":33,"turns":5},{"damage":0,"enemies":"Orb Walker","floor":35,"turns":3},{"damage":3,"enemies":"3 Shapes","floor":36,"turns":4},{"damage":10,"enemies":"Jaw Worm Horde","floor":38,"turns":4},{"damage":0,"enemies":"Giant Head","floor":40,"turns":6},{"damage":0,"enemies":"Maw","floor":42,"turns":4},{"damage":35,"enemies":"2 Orb Walkers","floor":45,"turns":5},{"damage":5,"enemies":"Sphere and 2 Shapes","floor":47,"turns":4},{"damage":0,"enemies":"4 Shapes","floor":48,"turns":3},{"damage":32,"enemies":"Awakened One","floor":50,"turns":12},{"damage":6,"enemies":"Shield and Spear","floor":54,"turns":3},{"damage":49,"enemies":"The Heart","floor":55,"turns":8}],"seed_played":"2273144643052480865","potions_obtained":[{"floor":1,"key":"GhostInAJar"},{"floor":4,"key":"Weak Potion"},{"floor":10,"key":"SkillPotion"},{"floor":12,"key":"Fire Potion"},{"floor":16,"key":"Weak Potion"},{"floor":21,"key":"FearPotion"},{"floor":22,"key":"Strength Potion"},{"floor":24,"key":"DuplicationPotion"},{"floor":47,"key":"Block Potion"},{"floor":54,"key":"AttackPotion"}],"is_trial":false,"path_per_floor":["M","M","M","M","$","E","R","?","T","M","T","E","$","E","R","B",null,"M","?","M","M","M","R","M","?","T","E","$","M","R","M","R","B",null,"M","M","$","M","?","E","R","M","T","R","?","R","M","M","R","B",null,"R","$","E","B",null],"character_chosen":"THE_SILENT","items_purchased":["AttackPotion","Footwork","Membership Card","Noxious Fumes","Catalyst","Bouncing Flask","Frozen Eye","Catalyst"],"campfire_rested":4,"item_purchase_floors":[5,13,28,28,37,37,53,53],"current_hp_per_floor":[66,66,66,64,64,43,43,29,29,29,39,23,23,8,32,21,80,80,65,64,36,23,48,36,36,36,36,36,27,27,27,52,34,85,85,82,82,72,63,63,63,63,63,63,28,28,23,23,48,16,85,85,85,79,30],"gold":28,"neow_bonus":"THREE_CARDS","is_daily":false,"chose_seed":false,"campfire_upgraded":5,"win_rate":0.0,"timestamp":1607809578,"path_taken":["M","M","M","M","$","E","R","?","T","M","?","E","$","E","R","BOSS","M","?","M","M","M","R","M","?","T","E","$","M","R","M","R","BOSS","M","?","$","M","?","E","R","M","T","R","?","R","M","M","R","BOSS","R","$","E","BOSS"],"items_purchased_type":["Potion","Card","Relic","Card","Card","Card","Relic","Card"],"build_version":"2020-11-30","purchased_purges":5,"victory":true,"max_hp_per_floor":[70,70,70,70,70,70,70,70,70,70,80,80,80,80,80,80,80,80,85,85,85,85,85,85,85,85,85,85,85,85,85,85,85,85,85,85,85,85,85,85,85,85,85,85,85,85,85,85,85,85,85,85,85,85,85],"relic_stats":{"counters":[30,148],"Dead Branch":[54],"StoneCalendar":[162],"Juzu Bracelet":0,"Art of War":[3],"Cursed Key":1,"obtain_stats":[{"Pear":11,"The Specimen":6,"Dead Branch":45,"StoneCalendar":9,"GremlinMask":25,"Hammer of Thor":0,"Juzu Bracelet":40,"Seething Fire":0,"Odd Mushroom":8,"Paper Crane":12,"Cursed Key":34,"Mercury Hourglass":26,"Frozen Eye":53,"Anvil of the Gods":0,"Art of War":54,"Membership Card":28,"TungstenRod":27,"Ring of the Snake":0,"Runic Pyramid":17},{"Pear":7,"The Specimen":5,"Dead Branch":25,"StoneCalendar":6,"GremlinMask":15,"Hammer of Thor":0,"Juzu Bracelet":23,"Seething Fire":0,"Odd Mushroom":6,"Paper Crane":8,"Cursed Key":19,"Mercury Hourglass":15,"Frozen Eye":28,"Anvil of the Gods":0,"Art of War":29,"Membership Card":16,"TungstenRod":16,"Ring of the Snake":0,"Runic Pyramid":10},{"Pear":35,"The Specimen":28,"Dead Branch":118,"StoneCalendar":32,"GremlinMask":74,"Hammer of Thor":0,"Juzu Bracelet":109,"Seething Fire":0,"Odd Mushroom":32,"Paper Crane":38,"Cursed Key":92,"Mercury Hourglass":74,"Frozen Eye":137,"Anvil of the Gods":0,"Art of War":140,"Membership Card":79,"TungstenRod":79,"Ring of the Snake":0,"Runic Pyramid":52}],"TungstenRod":62,"Ring of the Snake":[60],"Mercury Hourglass":[321]},"card_choices":[{"not_picked":["Sucker Punch","Bane"],"picked":"Catalyst","floor":0},{"not_picked":["Escape Plan","Well Laid Plans"],"picked":"Poisoned Stab","floor":1},{"not_picked":["Distraction","Slice"],"picked":"Flying Knee","floor":2},{"not_picked":["Underhanded Strike","Riddle With Holes"],"picked":"Deadly Poison","floor":3},{"not_picked":["Outmaneuver","All Out Attack"],"picked":"Dagger Throw","floor":4},{"not_picked":["Riddle With Holes","Underhanded Strike","Storm of Steel"],"picked":"SKIP","floor":6},{"not_picked":["Blade Dance","Acrobatics","Cloak And Dagger"],"picked":"SKIP","floor":10},{"not_picked":["Endless Agony","Eviscerate"],"picked":"Deadly Poison","floor":12},{"not_picked":["Sucker Punch","Flying Knee","Riddle With Holes"],"picked":"SKIP","floor":14},{"not_picked":["Doppelganger","Venomology"],"picked":"Adrenaline","floor":16},{"not_picked":["Cloak And Dagger+1","PiercingWail"],"picked":"Crippling Poison","floor":18},{"not_picked":["Expertise","Prepared"],"picked":"Tactician","floor":20},{"not_picked":["Dagger Throw","Terror+1","Tools of the Trade"],"picked":"SKIP","floor":21},{"not_picked":["Backstab","Reflex","Eviscerate"],"picked":"SKIP","floor":22},{"not_picked":["Tactician","Sucker Punch","Quick Slash"],"picked":"SKIP","floor":24},{"not_picked":["Predator+1","Dodge and Roll"],"picked":"Calculated Gamble+1","floor":27},{"not_picked":["Accuracy","Prepared","Acrobatics"],"picked":"SKIP","floor":29},{"not_picked":["Flying Knee","Deadly Poison"],"picked":"Backflip","floor":31},{"not_picked":["Glass Knife","Tools of the Trade"],"picked":"Die Die Die","floor":33},{"not_picked":["Underhanded Strike","Blade Dance"],"picked":"PiercingWail","floor":35},{"not_picked":["Setup+1","Acrobatics","Distraction"],"picked":"SKIP","floor":36},{"not_picked":["Flying Knee","Bouncing Flask","Dash"],"picked":"SKIP","floor":38},{"not_picked":["PanicButton","Sadistic Nature"],"picked":"Good Instincts","floor":39},{"not_picked":["Flash of Steel","Jack Of All Trades"],"picked":"Finesse","floor":39},{"not_picked":["Sucker Punch+1","Finisher+1","Slice"],"picked":"SKIP","floor":40},{"not_picked":["Underhanded Strike+1","Dagger Throw+1","Prepared"],"picked":"SKIP","floor":42},{"not_picked":["Choke","Eviscerate"],"picked":"Footwork","floor":45},{"not_picked":["Cloak And Dagger","Endless Agony+1"],"picked":"Crippling Poison","floor":47},{"not_picked":["Bouncing Flask","Poisoned Stab+1"],"picked":"Backflip","floor":48},{"not_picked":["Dagger Spray+1","Choke"],"picked":"PiercingWail+1","floor":54}],"player_experience":643174,"relics_obtained":[{"floor":6,"key":"The Specimen"},{"floor":8,"key":"Odd Mushroom"},{"floor":9,"key":"StoneCalendar"},{"floor":11,"key":"Pear"},{"floor":12,"key":"Paper Crane"},{"floor":26,"key":"Mercury Hourglass"},{"floor":27,"key":"TungstenRod"},{"floor":40,"key":"Juzu Bracelet"},{"floor":45,"key":"Dead Branch"},{"floor":54,"key":"Art of War"}],"event_choices":[{"damage_healed":0,"gold_gain":0,"player_choice":"Fought Mushrooms","damage_taken":0,"max_hp_gain":0,"max_hp_loss":0,"event_name":"Mushrooms","floor":8,"gold_loss":0},{"damage_healed":0,"gold_gain":0,"player_choice":"Shed Blood","damage_taken":20,"max_hp_gain":5,"max_hp_loss":0,"event_name":"Forgotten Altar","floor":19,"gold_loss":0},{"damage_healed":0,"gold_gain":0,"player_choice":"Trade","damage_taken":0,"relics_obtained":["GremlinMask"],"max_hp_gain":0,"max_hp_loss":0,"event_name":"FaceTrader","floor":25,"gold_loss":0},{"damage_healed":0,"gold_gain":0,"player_choice":"Memory 3","damage_taken":10,"max_hp_gain":0,"max_hp_loss":0,"event_name":"SensoryStone","floor":39,"gold_loss":0},{"damage_healed":0,"gold_gain":0,"player_choice":"Fight","damage_taken":0,"max_hp_gain":0,"max_hp_loss":0,"event_name":"Mysterious Sphere","floor":45,"gold_loss":0}],"is_beta":false,"boss_relics":[{"not_picked":["Sozu","SacredBark"],"picked":"Runic Pyramid"},{"not_picked":["Ring of the Serpent","Pandora\u0027s Box"],"picked":"Cursed Key"}],"items_purged_floors":[5,13,28,37,53],"is_endless":false,"potions_floor_spawned":[1,4,10,12,16,21,22,24,31,35,42,47,54],"ascension_level":0}}