{"host":"p7j7o00jacnw7qzt","time":1607736033,"event":{"mods":["BaseMod","Colored Map","Colored Powertips","DeckTracker","Highlight Path","Minty Spire (QoL Compilation)","Relic Stats"],"gold_per_floor":[117,117,132,48,123,123,123,123],"floor_reached":7,"playtime":252,"items_purged":[],"score":78,"play_id":"5b2eef01-8133-4642-a160-cbf8e33ffb3c","local_time":"20201211202033","is_ascension_mode":true,"campfire_choices":[{"data":"Second Wind","floor":6,"key":"SMITH"}],"circlet_count":0,"master_deck":["AscendersBane","Strike_R","Strike_R","Strike_R","Strike_R","Strike_R","Defend_R","Defend_R","Defend_R","Defend_R","Bash","Power Through","Sword Boomerang","Second Wind+1"],"relics":["Runic Cube","Darkstone Periapt"],"acts_visited":[],"potions_floor_usage":[],"damage_taken":[{"damage":4,"enemies":"Small Slimes","floor":1,"turns":5},{"damage":7,"enemies":"Cultist","floor":3,"turns":4},{"damage":50,"enemies":"3 Sentries","floor":7,"turns":7}],"seed_played":"8283178766416467409","potions_obtained":[{"floor":1,"key":"Fire Potion"},{"floor":3,"key":"Energy Potion"}],"is_trial":false,"path_per_floor":["M","?","M","$","?","R","E"],"character_chosen":"IRONCLAD","items_purchased":["Second Wind"],"campfire_rested":0,"item_purchase_floors":[4],"current_hp_per_floor":[64,64,57,57,46,46,0,0],"gold":123,"neow_bonus":"BOSS_RELIC","is_daily":false,"chose_seed":false,"campfire_upgraded":1,"win_rate":0.0,"timestamp":1607736033,"path_taken":["M","?","M","?","?","R","E"],"items_purchased_type":["Card"],"build_version":"2020-11-30","purchased_purges":0,"victory":false,"max_hp_per_floor":[75,75,75,75,75,75,75,75],"relic_stats":{"Darkstone Periapt":0,"counters":[3,16],"obtain_stats":[{"Darkstone Periapt":2,"Burning Blood":0,"Runic Cube":0},{"Darkstone Periapt":1,"Burning Blood":0,"Runic Cube":0},{"Darkstone Periapt":5,"Burning Blood":0,"Runic Cube":0}],"Runic Cube":[8]},"card_choices":[{"not_picked":["Sever Soul","Searing Blow"],"picked":"Power Through","floor":1},{"not_picked":["Clash","Metallicize"],"picked":"Sword Boomerang","floor":3}],"player_experience":787659,"relics_obtained":[],"event_choices":[{"damage_healed":0,"gold_gain":0,"player_choice":"Gave Potion","damage_taken":0,"relics_obtained":["Darkstone Periapt"],"max_hp_gain":0,"max_hp_loss":0,"event_name":"WeMeetAgain","floor":2,"gold_loss":0},{"damage_healed":0,"gold_gain":75,"player_choice":"Gather Gold","damage_taken":11,"max_hp_gain":0,"max_hp_loss":0,"event_name":"World of Goop","floor":5,"gold_loss":0}],"is_beta":false,"boss_relics":[],"items_purged_floors":[],"is_endless":false,"potions_floor_spawned":[1,3],"killed_by":"3 Sentries","ascension_level":20}}