{"host":"3omna1v4kuj0u9pv","time":1607743985,"event":{"mods":["AchievementEnabler","Act Like it!","Aspiration","BaseMod","Better Altar","Better Match","Better Note","Better Sensory Stone","Better Skull","Better Third Choice","Better Vampires","BetterRewards","CCEM","CapriCore","Conspire","Curses Come First","Displayed Cursed Tome","Downfall","Halation","Hallownest","Hubris","Infinite Spire","Minty Spire (QoL Compilation)","Permanent Neow","Rare Cards Sparkle","Replay The Spire","Shop Mod","Spicy Shops","StSLib","The Animator","The Bug Knight","Transform Curses"],"gold_per_floor":[111,111,111,122,137,137,137,137,137,149,324,338,77,88,88,186,186,202,202,142,242,242,242,242,259,259,273,273,291,323,336,336,438,438,454,454,465,465,485,485,485,518,518,534,612,632,632,642,642,642,642],"floor_reached":50,"playtime":3204,"items_purged":[],"score":558,"play_id":"bf6184e8-133e-459d-8daf-0f0383d4f7ff","local_time":"20201212133305","is_ascension_mode":false,"campfire_choices":[{"data":"Neutralize","floor":6,"key":"SMITH"},{"data":"Blade Dance","floor":8,"key":"SMITH"},{"data":"Survivor","floor":15,"key":"SMITH"},{"data":"Cloak And Dagger","floor":23,"key":"SMITH"},{"floor":28,"key":"REST"},{"floor":32,"key":"REST"},{"floor":43,"key":"REST"}],"circlet_count":0,"master_deck":["conspire:GhostlyStrike","conspire:GhostlyStrike","conspire:GhostlyStrike","conspire:GhostlyStrike","conspire:GhostlyStrike","conspire:GhostlyDefend","conspire:GhostlyDefend","conspire:GhostlyDefend","conspire:GhostlyDefend","conspire:GhostlyDefend","Survivor+1","Blade Dance+1","Flying Knee+1","Hidden Blade","Dagger Spray+1","Flying Knee+1","Infinite Blades","Die Die Die+1","Cloak And Dagger+1","infinitespire:Gouge+1","Cloak And Dagger","Dodge and Roll+1","Leg Sweep+1","Blade Dance","Envenom","Infinite Blades+1","Toxin Wave","Flying Knee+1","Infinite Blades+1","Blade Dance","Flying Knee+1","Acrobatics+1"],"relics":["Ring of the Snake","NeowsBlessing","Molten Egg 2","Spirit Poop","conspire:DeflatedDodgeball","infinitespire:CheckeredPen","Empty Cage","aspiration:SeaSaltIceCream","Replay:Accelerometer","Replay:Rubber Ducky","halation:HeavySnake","Blood Vial","Bottled Lightning","aspiration:PoetsPen_weak"],"acts_visited":["Exordium","TheCity","TheBeyond"],"potions_floor_usage":[16,33,33,42,42,42,50],"damage_taken":[{"damage":0,"enemies":"2 Louse","floor":1,"turns":1},{"damage":0,"enemies":"Jaw Worm","floor":4,"turns":1},{"damage":0,"enemies":"Cultist","floor":5,"turns":1},{"damage":0,"enemies":"Large Slime","floor":10,"turns":4},{"damage":12,"enemies":"Looter","floor":12,"turns":3},{"damage":0,"enemies":"3 Louse","floor":14,"turns":2},{"damage":13,"enemies":"Hexaghost","floor":16,"turns":8},{"damage":0,"enemies":"Chosen","floor":18,"turns":3},{"damage":14,"enemies":"2 Thieves","floor":25,"turns":3},{"damage":16,"enemies":"Centurion and Healer","floor":27,"turns":4},{"damage":0,"enemies":"Chosen and Byrds","floor":29,"turns":4},{"damage":18,"enemies":"Nightmare","floor":30,"turns":6},{"damage":0,"enemies":"Shelled Parasite and Fungi","floor":31,"turns":3},{"damage":46,"enemies":"Collector","floor":33,"turns":9},{"damage":14,"enemies":"3 Shapes","floor":35,"turns":5},{"damage":0,"enemies":"Orb Walker","floor":37,"turns":3},{"damage":36,"enemies":"Writhing Mass","floor":39,"turns":8},{"damage":29,"enemies":"Reptomancer","floor":42,"turns":6},{"damage":4,"enemies":"Transient","floor":44,"turns":5},{"damage":13,"enemies":"4 Shapes","floor":46,"turns":5},{"damage":2,"enemies":"3 Darklings","floor":48,"turns":5},{"damage":28,"enemies":"Nemesis","floor":50,"turns":4}],"seed_played":"8997595145472852849","potions_obtained":[{"floor":1,"key":"PowerPotion"},{"floor":10,"key":"EssenceOfSteel"},{"floor":14,"key":"BlessingOfTheForge"},{"floor":18,"key":"CultistPotion"},{"floor":29,"key":"Poison Potion"},{"floor":37,"key":"DuplicationPotion"},{"floor":39,"key":"LiquidBronze"},{"floor":44,"key":"Venom Potion"}],"is_trial":false,"path_per_floor":["M","?","?","M","M","R","?","R","T","M","?","M","$","M","R","B",null,"M","?","?","?","?","R","AVR","M","T","M","R","M","NM","M","R","B",null,"M","?","M","?","M","PTL","PTL","E","R","M","T","M","?","M","AVR","E"],"character_chosen":"THE_SILENT","items_purchased":["infinitespire:CheckeredPen"],"campfire_rested":3,"item_purchase_floors":[13],"current_hp_per_floor":[70,70,70,70,70,70,70,70,70,70,70,58,58,58,58,45,70,70,70,70,70,70,70,70,56,56,40,61,61,43,43,64,18,70,56,56,56,70,34,34,34,5,26,24,24,13,13,13,13,0,0],"gold":642,"neow_bonus":"THREE_ENEMY_KILL","is_daily":false,"chose_seed":false,"campfire_upgraded":4,"win_rate":0.0,"timestamp":1607743985,"path_taken":["M","?","?","M","M","R","?","R","T","?","?","M","$","M","R","BOSS","M","?","?","?","?","R","AVR","M","T","M","R","?","NM","M","R","BOSS","M","?","?","?","M","PTL","PTL","E","R","M","T","M","?","M","AVR","E"],"items_purchased_type":["Relic"],"build_version":"2020-11-30","purchased_purges":0,"victory":false,"max_hp_per_floor":[70,70,70,70,70,70,70,70,70,70,70,70,70,70,70,70,70,70,70,70,70,70,70,70,70,70,70,70,70,70,70,70,70,70,70,70,70,70,70,70,70,70,70,70,70,70,70,70,70,70,70],"card_choices":[{"not_picked":["Acrobatics","Cloak And Dagger"],"picked":"Blade Dance","floor":1},{"not_picked":["Reflex","Outmaneuver"],"picked":"Flying Knee+1","floor":4},{"not_picked":["Finisher+1","Slice+1"],"picked":"Hidden Blade","floor":5},{"not_picked":["All Out Attack+1","PiercingWail"],"picked":"Dagger Spray+1","floor":10},{"not_picked":["Eviscerate+1","Tactician"],"picked":"Flying Knee+1","floor":12},{"not_picked":["Deflect","PiercingWail"],"picked":"Infinite Blades","floor":14},{"not_picked":["Doppelganger","ReplayTheSpireMod:Necrosis"],"picked":"Die Die Die+1","floor":16},{"not_picked":["Deflect","Quick Slash+1"],"picked":"Dodge and Roll","floor":18},{"not_picked":["Calculated Gamble+1","Dash+1"],"picked":"Cloak And Dagger","floor":25},{"not_picked":["Quick Slash+1","Caltrops"],"picked":"Dodge and Roll+1","floor":27},{"not_picked":["Sucker Punch+1","ReplayTheSpireMod:The Works"],"picked":"Dagger Throw+1","floor":29},{"not_picked":["Deadly Poison","Toxin Wave+1"],"picked":"Leg Sweep+1","floor":30},{"not_picked":["Poisoned Stab+1","hubris:SlightOfHand"],"picked":"Blade Dance","floor":31},{"not_picked":["Adrenaline","Atom Bomb+1"],"picked":"Envenom","floor":33},{"not_picked":["hubris:SlightOfHand+1","Blade Dance"],"picked":"Infinite Blades+1","floor":35},{"not_picked":["Deflect","Deadly Poison+1"],"picked":"Flying Knee+1","floor":37},{"not_picked":["Tactician+1","Underhanded Strike+1"],"picked":"Infinite Blades+1","floor":39},{"not_picked":["Unload+1","Quick Slash+1"],"picked":"Blade Dance","floor":42},{"not_picked":["ReplayTheSpireMod:Scrap Shanks","Sucker Punch+1"],"picked":"Flying Knee+1","floor":44},{"not_picked":["Bane+1","Slice+1"],"picked":"Acrobatics+1","floor":46},{"not_picked":["Sucker Punch+1","Eviscerate+1","hubris:SlightOfHand"],"picked":"SKIP","floor":48}],"player_experience":138584,"relics_obtained":[{"floor":9,"key":"conspire:DeflatedDodgeball"},{"floor":26,"key":"aspiration:SeaSaltIceCream"},{"floor":30,"key":"Replay:Rubber Ducky"},{"floor":42,"key":"Blood Vial"},{"floor":45,"key":"Bottled Lightning"}],"event_choices":[{"damage_healed":0,"gold_gain":0,"player_choice":"Agree","damage_taken":0,"max_hp_gain":0,"max_hp_loss":0,"event_name":"conspire:LoneGhost","floor":2,"gold_loss":0},{"cards_removed":["Injury"],"damage_healed":0,"gold_gain":0,"player_choice":"Offered Curse","damage_taken":0,"relics_obtained":["Spirit Poop"],"max_hp_gain":0,"max_hp_loss":0,"event_name":"Bonfire Elementals","floor":7,"gold_loss":0},{"damage_healed":0,"gold_gain":175,"player_choice":"AGREE","damage_taken":149,"max_hp_gain":0,"max_hp_loss":0,"event_name":"betterThird:BetterSerpent","floor":11,"gold_loss":0},{"damage_healed":0,"gold_gain":0,"player_choice":"Upgraded","damage_taken":0,"max_hp_gain":0,"max_hp_loss":0,"event_name":"Upgrade Shrine","floor":19,"gold_loss":0,"cards_upgraded":["Dodge and Roll"]},{"cards_removed":["Dodge and Roll"],"damage_healed":0,"gold_gain":0,"player_choice":"Single Remove","damage_taken":0,"max_hp_gain":0,"max_hp_loss":0,"event_name":"Designer","floor":20,"gold_loss":60},{"damage_healed":0,"gold_gain":100,"player_choice":"Pray","damage_taken":0,"max_hp_gain":0,"max_hp_loss":0,"event_name":"Golden Shrine","floor":21,"gold_loss":0},{"damage_healed":0,"gold_gain":0,"cards_transformed":["Dagger Throw"],"player_choice":"Transformed","damage_taken":0,"max_hp_gain":0,"max_hp_loss":0,"event_name":"Transmorgrifier","floor":36,"gold_loss":0,"cards_obtained":["Toxin Wave"]},{"damage_healed":18,"gold_gain":0,"player_choice":"Writhe","damage_taken":0,"max_hp_gain":0,"max_hp_loss":0,"event_name":"Winding Halls","floor":38,"gold_loss":0,"cards_obtained":["Writhe"]},{"cards_removed":["Writhe"],"damage_healed":0,"gold_gain":0,"player_choice":"Removed Curses","damage_taken":0,"max_hp_gain":0,"max_hp_loss":0,"event_name":"Fountain of Cleansing","floor":47,"gold_loss":0}],"is_beta":false,"boss_relics":[{"not_picked":["Replay:Grab Bag","infinitespire:Cupcake"],"picked":"Empty Cage"},{"not_picked":["halation:Yufonium","aspiration:RunicSpoon"],"picked":"halation:HeavySnake"}],"items_purged_floors":[],"is_endless":true,"potions_floor_spawned":[1,10,14,18,29,37,39,44],"killed_by":"Nemesis","ascension_level":0}}