{"host":"aeidq2c3auzxo1yh","time":1607744097,"event":{"mods":["AchievementEnabler","BaseMod","Colored Map","Colored Powertips","Minty Spire (QoL Compilation)","Relic Stats","StSLib"],"gold_per_floor":[360,374,389,403,403,403,11,38,65,79,79,79],"floor_reached":11,"playtime":571,"items_purged":["Strike_R"],"score":150,"play_id":"a6599a47-90f9-45af-b290-95ad5f3844d7","local_time":"20201212083457","is_ascension_mode":true,"campfire_choices":[{"data":"Bash","floor":6,"key":"SMITH"}],"circlet_count":0,"master_deck":["AscendersBane","Strike_R","Strike_R","Strike_R","Strike_R","Defend_R","Defend_R","Defend_R","Defend_R","Bash+1","Iron Wave","Thunderclap","Anger","Cleave","Carnage","Sword Boomerang","Pommel Strike"],"relics":["Burning Blood","Bag of Marbles","Happy Flower","Strawberry","Omamori"],"acts_visited":["Exordium"],"potions_floor_usage":[8,8,11],"damage_taken":[{"damage":2,"enemies":"Cultist","floor":1,"turns":4},{"damage":14,"enemies":"Small Slimes","floor":2,"turns":4},{"damage":12,"enemies":"Jaw Worm","floor":3,"turns":4},{"damage":24,"enemies":"Lots of Slimes","floor":4,"turns":6},{"damage":11,"enemies":"3 Sentries","floor":8,"turns":6},{"damage":11,"enemies":"Looter","floor":10,"turns":4},{"damage":31,"enemies":"Gremlin Nob","floor":11,"turns":3}],"seed_played":"-3250678326922683452","potions_obtained":[{"floor":4,"key":"DuplicationPotion"},{"floor":10,"key":"PowerPotion"}],"is_trial":false,"path_per_floor":["M","M","M","M","?","R","$","E","T","M","E"],"character_chosen":"IRONCLAD","items_purchased":["Happy Flower","EssenceOfSteel","Carnage"],"campfire_rested":0,"item_purchase_floors":[7,7,7],"current_hp_per_floor":[68,60,54,36,31,31,31,33,33,28,0,0],"gold":79,"neow_bonus":"TWO_FIFTY_GOLD","is_daily":false,"chose_seed":false,"campfire_upgraded":1,"win_rate":0.0,"timestamp":1607744097,"path_taken":["M","?","M","M","?","R","$","E","T","M","E"],"items_purchased_type":["Relic","Potion","Card"],"build_version":"2020-11-30","purchased_purges":1,"victory":false,"max_hp_per_floor":[68,68,68,68,68,68,68,75,75,75,75,75],"relic_stats":{"Happy Flower":[4],"counters":[7,31],"obtain_stats":[{"Happy Flower":7,"Strawberry":8,"Bag of Marbles":5,"Omamori":9,"Burning Blood":0},{"Happy Flower":4,"Strawberry":5,"Bag of Marbles":4,"Omamori":5,"Burning Blood":0},{"Happy Flower":18,"Strawberry":24,"Bag of Marbles":18,"Omamori":24,"Burning Blood":0}],"Burning Blood":32},"card_choices":[{"not_picked":["Heavy Blade","Thunderclap"],"picked":"Iron Wave","floor":1},{"not_picked":["Pummel","Havoc"],"picked":"Thunderclap","floor":2},{"not_picked":["Searing Blow","Havoc"],"picked":"Anger","floor":3},{"not_picked":["Second Wind","Flex"],"picked":"Cleave","floor":4},{"not_picked":["Combust","Twin Strike"],"picked":"Sword Boomerang","floor":8},{"not_picked":["Cleave","Body Slam"],"picked":"Pommel Strike","floor":10}],"player_experience":844813,"relics_obtained":[{"floor":8,"key":"Strawberry"},{"floor":9,"key":"Omamori"}],"event_choices":[{"damage_healed":0,"gold_gain":0,"player_choice":"Success","damage_taken":5,"relics_obtained":["Bag of Marbles"],"max_hp_gain":0,"max_hp_loss":0,"event_name":"Scrap Ooze","floor":5,"gold_loss":0}],"is_beta":false,"boss_relics":[],"items_purged_floors":[7],"is_endless":false,"potions_floor_spawned":[4,10],"killed_by":"Gremlin Nob","ascension_level":20}}