{"host":"yj3z99127zglyej8","time":1607797870,"event":{"mods":["2.2 Compatiblity","AchievementEnabler","BaseMod","Colored Map","Colored Powertips","DeckTracker","Highlight Path","Minty Spire (QoL Compilation)","Random Character Button","Rare Cards Sparkle","StSLib"],"gold_per_floor":[111,111,111,111,135,135,176,176,224,224,242,261,261,281,281,405,405,425,440,440,440],"floor_reached":20,"playtime":994,"items_purged":[],"score":199,"play_id":"03a07c31-54d5-486f-bf8e-09e1f1d6f06c","local_time":"20201212183110","is_ascension_mode":false,"campfire_choices":[{"data":"TalkToTheHand","floor":8,"key":"SMITH"},{"data":"Vigilance","floor":13,"key":"SMITH"},{"data":"WreathOfFlame","floor":15,"key":"SMITH"}],"circlet_count":0,"master_deck":["Strike_P","Strike_P","Strike_P","Strike_P","Defend_P","Defend_P","Defend_P","Defend_P","Eruption+1","Vigilance+1","Sanctity","Injury","TalkToTheHand+1","Adaptation","Consecrate","EmptyBody","WreathOfFlame+1","Vault","Collect","Crescendo"],"relics":["PureWater","NeowsBlessing","Damaru","Golden Idol","Sundial","Ancient Tea Set","Black Star"],"acts_visited":["Exordium","TheCity"],"potions_floor_usage":[12,14,20],"damage_taken":[{"damage":0,"enemies":"2 Louse","floor":1,"turns":1},{"damage":0,"enemies":"Small Slimes","floor":5,"turns":1},{"damage":0,"enemies":"3 Sentries","floor":7,"turns":1},{"damage":0,"enemies":"Jaw Worm","floor":11,"turns":1},{"damage":3,"enemies":"Red Slaver","floor":12,"turns":4},{"damage":20,"enemies":"Gremlin Gang","floor":14,"turns":5},{"damage":50,"enemies":"The Guardian","floor":16,"turns":12},{"damage":41,"enemies":"3 Byrds","floor":18,"turns":5},{"damage":12,"enemies":"Shell Parasite","floor":19,"turns":11},{"damage":30,"enemies":"Cultist and Chosen","floor":20,"turns":5}],"seed_played":"3684898716603118310","potions_obtained":[{"floor":7,"key":"StancePotion"},{"floor":11,"key":"Regen Potion"},{"floor":19,"key":"SkillPotion"}],"is_trial":false,"path_per_floor":["M","?","?","?","M","?","E","R","T","?","M","M","R","M","R","B",null,"M","M","M"],"character_chosen":"WATCHER","items_purchased":[],"campfire_rested":0,"item_purchase_floors":[],"current_hp_per_floor":[72,72,65,65,65,65,65,65,65,65,65,62,62,51,51,1,72,31,19,0,0],"gold":440,"neow_bonus":"THREE_ENEMY_KILL","is_daily":false,"chose_seed":false,"campfire_upgraded":3,"win_rate":0.0,"timestamp":1607797870,"path_taken":["M","?","?","?","M","?","E","R","T","?","M","?","R","M","R","BOSS","M","M","M"],"items_purchased_type":[],"build_version":"2020-11-30","purchased_purges":0,"victory":false,"max_hp_per_floor":[72,72,72,72,72,72,72,72,72,72,72,72,72,72,72,72,72,72,72,72,72],"card_choices":[{"not_picked":["CutThroughFate","EmptyBody"],"picked":"Sanctity","floor":1},{"not_picked":["Study","FlyingSleeves"],"picked":"TalkToTheHand","floor":5},{"not_picked":["TalkToTheHand","SashWhip"],"picked":"Adaptation","floor":7},{"not_picked":["Crescendo","BowlingBash"],"picked":"Consecrate","floor":11},{"not_picked":["Adaptation","Meditate"],"picked":"EmptyBody","floor":12},{"not_picked":["EmptyFist","FlurryOfBlows"],"picked":"WreathOfFlame","floor":14},{"not_picked":["Judgement","MasterReality"],"picked":"Vault","floor":16},{"not_picked":["BowlingBash","ThirdEye+1"],"picked":"Collect","floor":18},{"not_picked":["Study","FollowUp"],"picked":"Crescendo","floor":19}],"player_experience":113992,"relics_obtained":[{"floor":7,"key":"Sundial"},{"floor":9,"key":"Ancient Tea Set"}],"event_choices":[{"damage_healed":0,"gold_gain":0,"player_choice":"Leave","damage_taken":0,"max_hp_gain":0,"max_hp_loss":0,"event_name":"The Cleric","floor":2,"gold_loss":0},{"damage_healed":0,"gold_gain":0,"player_choice":"Success","damage_taken":7,"relics_obtained":["Damaru"],"max_hp_gain":0,"max_hp_loss":0,"event_name":"Scrap Ooze","floor":3,"gold_loss":0},{"damage_healed":0,"gold_gain":0,"player_choice":"Take Wound","damage_taken":0,"relics_obtained":["Golden Idol"],"max_hp_gain":0,"max_hp_loss":0,"event_name":"Golden Idol","floor":4,"gold_loss":0,"cards_obtained":["Injury"]},{"damage_healed":0,"gold_gain":0,"player_choice":"Grow","damage_taken":0,"max_hp_gain":0,"max_hp_loss":0,"event_name":"Living Wall","floor":6,"gold_loss":0,"cards_upgraded":["Eruption"]},{"damage_healed":0,"gold_gain":0,"player_choice":"Searched \u00270\u0027 times","damage_taken":0,"max_hp_gain":0,"max_hp_loss":0,"event_name":"Dead Adventurer","floor":10,"gold_loss":0}],"is_beta":false,"boss_relics":[{"not_picked":["Calling Bell","Sozu"],"picked":"Black Star"}],"items_purged_floors":[],"is_endless":false,"potions_floor_spawned":[7,11,19],"killed_by":"Cultist and Chosen","ascension_level":0}}