{"host":"mbjdlts9b6456t85","time":1607808148,"event":{"mods":["2.2 Compatiblity","AchievementEnabler","Aspiration","BaseMod","Better Altar","Better Match","Better Note","Better Sensory Stone","Better Skull","Better Third Choice","BetterRewards","CCEM","Clawfect","Conspire","Downfall","GifTheSpireLib","Googly Eyes","Halation","Highlight Path","Hubris","Minty Spire (QoL Compilation)","Permanent Neow","Replay The Spire","Shop Mod","Spicy Shops","StSLib","Stuff the Spire","Unceasing Turn Reminder","everything is the same but u backflip on backflip"],"gold_per_floor":[109,126,139,64,64,64,96,96,166,166,166,166,178,196,230,242,242,242,242],"floor_reached":18,"playtime":1007,"items_purged":["Strike_G"],"score":122,"play_id":"3cfe07ac-2fbe-44aa-a4e8-e230acfff8a0","local_time":"20201212162228","is_ascension_mode":false,"campfire_choices":[{"data":"StuffTheSpire:Injection","floor":6,"key":"SMITH"},{"data":"Bane","floor":8,"key":"SMITH"},{"data":"Bouncing Flask","floor":12,"key":"SMITH"},{"data":"Dagger Spray","floor":17,"key":"SMITH"}],"circlet_count":0,"master_deck":["Strike_G","Strike_G","Strike_G","Defend_G","Defend_G","Defend_G","Defend_G","Defend_G","Survivor","Neutralize","StuffTheSpire:Injection+1","Dagger Spray","Bouncing Flask+1","Bane+1","Escape Plan","Backflip","Dagger Spray+1","Replay:Bag of Tricks","Backstab"],"relics":["Ring of the Snake","Paper Crane","StuffTheSpire:EmeraldSignet","Blue Doll"],"acts_visited":["Exordium"],"potions_floor_usage":[7,15,16,18],"damage_taken":[{"damage":0,"enemies":"Cultist","floor":1,"turns":3},{"damage":0,"enemies":"Jaw Worm","floor":2,"turns":3},{"damage":0,"enemies":"Small Slimes","floor":3,"turns":3},{"damage":13,"enemies":"Lagavulin","floor":7,"turns":4},{"damage":0,"enemies":"Red Slaver","floor":13,"turns":3},{"damage":3,"enemies":"Looter","floor":14,"turns":3},{"damage":5,"enemies":"Gremlin Nob","floor":15,"turns":3},{"damage":9,"enemies":"Gremlin Gang","floor":16,"turns":4},{"damage":43,"enemies":"Slime Boss","floor":18,"turns":5}],"seed_played":"-7703432725669986894","potions_obtained":[{"floor":2,"key":"DistilledChaos"},{"floor":3,"key":"PowerPotion"},{"floor":15,"key":"SkillPotion"},{"floor":16,"key":"Swift Potion"}],"is_trial":false,"path_per_floor":["M","M","M","$","?","R","E","R","T","PTL","PTL","R","M","M","E","M","R","B"],"character_chosen":"THE_SILENT","items_purchased":["StuffTheSpire:Injection"],"campfire_rested":0,"item_purchase_floors":[0],"current_hp_per_floor":[70,70,70,70,70,70,57,57,57,57,57,57,57,54,49,42,42,0,0],"gold":242,"neow_bonus":"","is_daily":false,"chose_seed":false,"campfire_upgraded":4,"win_rate":0.0,"timestamp":1607808148,"path_taken":["M","M","M","?","?","R","E","R","T","PTL","PTL","R","?","M","E","M","R","BOSS"],"items_purchased_type":["Card"],"build_version":"2020-11-30","purchased_purges":1,"victory":false,"max_hp_per_floor":[70,70,70,70,70,70,70,70,70,70,70,70,70,70,70,70,70,70,70],"card_choices":[{"not_picked":["Catalyst","Crippling Poison"],"picked":"Dagger Spray","floor":1},{"not_picked":["Choke","Quick Slash"],"picked":"Bouncing Flask","floor":2},{"not_picked":["PiercingWail","Prepared"],"picked":"Bane","floor":3},{"not_picked":["StuffTheSpire:BumpUp","Underhanded Strike"],"picked":"Escape Plan","floor":7},{"not_picked":["Endless Agony","Deflect"],"picked":"Backflip","floor":13},{"not_picked":["Leg Sweep","StuffTheSpire:Python"],"picked":"Dagger Spray","floor":14},{"not_picked":["Poisoned Stab","Footwork"],"picked":"Replay:Bag of Tricks","floor":15},{"not_picked":["Prepared","StuffTheSpire:ClusterCrunch"],"picked":"Backstab","floor":16}],"player_experience":424483,"relics_obtained":[{"floor":7,"key":"Paper Crane"},{"floor":9,"key":"StuffTheSpire:EmeraldSignet"},{"floor":15,"key":"Blue Doll"}],"event_choices":[{"cards_removed":["Strike_G"],"damage_healed":0,"gold_gain":0,"player_choice":"Offered Basic","damage_taken":0,"max_hp_gain":0,"max_hp_loss":0,"event_name":"Bonfire Elementals","floor":5,"gold_loss":0}],"is_beta":false,"boss_relics":[],"items_purged_floors":[4],"is_endless":false,"potions_floor_spawned":[2,3,15,16],"killed_by":"Slime Boss","ascension_level":0}}