{"host":"i0s8vbixp24k5aul","time":1607803590,"event":{"mods":["2.2 Compatiblity","Act Like it!","Aspiration","Bard","BaseMod","Better Note","Better Third Choice","Better Vampires","Colorless Booster Pack","Displayed Cursed Tome","Dota2Spire","GifTheSpireLib","Gremlin Mod","Halation","Jedi Mod","Minty Spire (QoL Compilation)","Optimize The Spire","Potionbrewer","Random Character Mod","Shade Mod","StSLib","Stuff the Spire","The Bug Knight","The Construct","The Cursed","The Disciple","TheHero","TheWitcher","vexMod","??????REMEMod"],"gold_per_floor":[113,133,133,133,146,178,178,178,228,246,261,261,272,283,283,385,385,404,423,423,423,423,423,457,457,457],"floor_reached":25,"playtime":697,"items_purged":[],"score":248,"play_id":"528740e1-21a6-4970-8679-b0f14feca192","local_time":"20201212230630","is_ascension_mode":false,"campfire_choices":[{"data":"jedi:strikingstrike","floor":7,"key":"SMITH"},{"floor":12,"key":"REST"},{"floor":15,"key":"REST"}],"circlet_count":0,"master_deck":["Gremlin:Strike","Gremlin:Strike","Gremlin:Strike","Gremlin:Strike","Gremlin:Defend","Gremlin:Defend","Gremlin:Defend","Gremlin:Defend","Gremlin:TagTeam","Gremlin:GremlinDance","jedi:strikingstrike+1","Gremlin:EdibleArmor","Gremlin:RageBreak","Gremlin:TwistTheKnife","Gremlin:Pinprick","Gremlin:Presto","Gremlin:FeelTheAudience","Gremlin:TargetWeakness","Gremlin:Jeer","Gremlin:ShadowShiv","Gremlin:Revel","Gremlin:DaggerDance","Ghostly","Ghostly","Ghostly","Ghostly","Ghostly","Gremlin:FlipOut","Gremlin:Jeer"],"relics":["Gremlin:GremlinKnob","REME_ComplimentaryCards","NeowsBlessing","StuffTheSpire:RedRose","vexMod:HeadHunter","Smiling Mask","StuffTheSpire:Kangaroo","Shovel"],"acts_visited":["Exordium","TheCity"],"potions_floor_usage":[6,16,16],"damage_taken":[{"damage":0,"enemies":"Jaw Worm","floor":1,"turns":1},{"damage":0,"enemies":"2 Louse","floor":2,"turns":1},{"damage":0,"enemies":"Small Slimes","floor":5,"turns":1},{"damage":7,"enemies":"3 Sentries","floor":6,"turns":6},{"damage":4,"enemies":"Exordium Wildlife","floor":10,"turns":4},{"damage":10,"enemies":"Looter","floor":11,"turns":2},{"damage":5,"enemies":"Lots of Slimes","floor":13,"turns":2},{"damage":13,"enemies":"Large Slime","floor":14,"turns":4},{"damage":43,"enemies":"Hexaghost","floor":16,"turns":9},{"damage":38,"enemies":"Shell Parasite","floor":18,"turns":4},{"damage":0,"enemies":"Centurion and Healer","floor":19,"turns":6},{"damage":6,"enemies":"REME_1_Revenger","floor":24,"turns":7},{"damage":0,"enemies":"Snecko","floor":25,"turns":1}],"seed_played":"5025172712900873597","potions_obtained":[{"floor":2,"key":"Dota2Spire:Clarity"},{"floor":5,"key":"AttackPotion"},{"floor":6,"key":"Dota2Spire:HealingSalve"},{"floor":10,"key":"Block Potion"},{"floor":16,"key":"jedi:StrikingPotion"},{"floor":18,"key":"ColorlessPotion"}],"is_trial":false,"path_per_floor":["M","M","?","?","M","E","R","?","T","M","M","R","M","M","R","B",null,"M","M","?","?","?","R","E","M"],"character_chosen":"GREMLIN","items_purchased":[],"campfire_rested":2,"item_purchase_floors":[],"current_hp_per_floor":[20,20,20,20,20,13,13,11,11,18,8,14,14,20,20,2,20,14,20,20,18,14,14,8,8,8],"gold":457,"neow_bonus":"THREE_ENEMY_KILL","is_daily":false,"chose_seed":false,"campfire_upgraded":1,"win_rate":0.0,"timestamp":1607803590,"path_taken":["M","M","?","?","M","E","R","?","T","M","M","R","?","M","R","BOSS","M","M","?","?","?","R","E","M"],"items_purchased_type":[],"build_version":"2020-11-30","purchased_purges":0,"victory":false,"max_hp_per_floor":[20,20,20,20,20,20,20,20,20,20,20,20,20,20,20,20,20,20,20,20,18,19,18,18,18,18],"card_choices":[{"not_picked":["Gremlin:Tadah","Gremlin:PartyStick"],"picked":"Gremlin:EdibleArmor","floor":1},{"not_picked":["Gremlin:Pinprick","Gremlin:Tricksy"],"picked":"Gremlin:RageBreak","floor":2},{"not_picked":["Gremlin:PinNeedle","Gremlin:Irritability"],"picked":"Gremlin:TwistTheKnife","floor":5},{"not_picked":["Gremlin:Scatter","Gremlin:CounterStrike"],"picked":"Gremlin:Pinprick","floor":6},{"not_picked":["Gremlin:CatScratch","Gremlin:ToeStub"],"picked":"Gremlin:Presto","floor":10},{"not_picked":["Gremlin:GremlinArms","Gremlin:Flurry"],"picked":"Gremlin:FeelTheAudience","floor":11},{"not_picked":["Gremlin:FollowThrough","Gremlin:ProperTools"],"picked":"Gremlin:TargetWeakness","floor":13},{"not_picked":["Gremlin:ToeStub","Gremlin:Changeo"],"picked":"Gremlin:Jeer","floor":14},{"not_picked":["Gremlin:ShowStopper","Gremlin:SecondVolley"],"picked":"Gremlin:ShadowShiv","floor":16},{"not_picked":["Gremlin:CatScratch","Gremlin:PourSalt"],"picked":"Gremlin:Revel","floor":18},{"not_picked":["Gremlin:PinNeedle","Gremlin:Tricksy"],"picked":"Gremlin:DaggerDance","floor":19},{"not_picked":["Gremlin:Fury","Gremlin:TargetWeakness"],"picked":"Gremlin:FlipOut","floor":24},{"not_picked":["Gremlin:Glimmer","Gremlin:Scatter"],"picked":"Gremlin:Jeer","floor":24}],"player_experience":883270,"relics_obtained":[{"floor":6,"key":"vexMod:HeadHunter"},{"floor":9,"key":"Smiling Mask"},{"floor":24,"key":"Shovel"}],"event_choices":[{"cards_removed":["Regret"],"damage_healed":0,"gold_gain":0,"player_choice":"Card Removal","damage_taken":2,"max_hp_gain":0,"max_hp_loss":0,"event_name":"Golden Wing","floor":8,"gold_loss":0},{"cards_removed":["jedi:strikingstrike"],"damage_healed":0,"gold_gain":0,"player_choice":"Give","damage_taken":0,"max_hp_gain":0,"max_hp_loss":0,"event_name":"betterNote:BetterNote","floor":20,"gold_loss":0,"cards_obtained":["None"]},{"damage_healed":0,"gold_gain":0,"player_choice":"Became a Ghost","damage_taken":0,"max_hp_gain":0,"max_hp_loss":10,"event_name":"Ghosts","floor":21,"gold_loss":0,"cards_obtained":["Ghostly","Ghostly","Ghostly","Ghostly","Ghostly"]},{"damage_healed":0,"gold_gain":0,"player_choice":"Shed Blood","damage_taken":5,"max_hp_gain":5,"max_hp_loss":0,"event_name":"Forgotten Altar","floor":22,"gold_loss":0}],"is_beta":false,"boss_relics":[{"not_picked":["jedi:battlestandard","halation:Risk"],"picked":"StuffTheSpire:Kangaroo"}],"items_purged_floors":[],"is_endless":false,"potions_floor_spawned":[2,5,6,10,16,18],"killed_by":"Snecko","ascension_level":0}}