{"host":"v5cv2be8l9w346zm","time":1607732323,"event":{"mods":["AchievementEnabler","BaseMod","BetterRewards","Colored Map","Colored Powertips","Minty Spire (QoL Compilation)","Relic Stats"],"gold_per_floor":[113,123,123,136,146,146,171,171,171,196,196,210,60,91,91,192,192,206,121,141,141,141,176,176,176,246,246,346,381,393,393,393,490,490,504,504,95,110,110,139,139,172,198,50,400,415,415,429,429,429,429,429,16,48,48],"floor_reached":56,"playtime":3055,"items_purged":["Strike_G","Pain"],"score":1936,"play_id":"afb806f4-c4fa-4cac-a80f-8e0b06b45036","local_time":"20201211191843","is_ascension_mode":true,"campfire_choices":[{"data":"Footwork","floor":6,"key":"SMITH"},{"data":"Neutralize","floor":8,"key":"SMITH"},{"data":"Strike_G","floor":15,"key":"PURGE"},{"data":"Calculated Gamble","floor":24,"key":"SMITH"},{"floor":27,"key":"RECALL"},{"data":"Prepared","floor":32,"key":"SMITH"},{"data":"Calculated Gamble","floor":41,"key":"SMITH"},{"data":"Strike_G+1","floor":47,"key":"PURGE"},{"data":"Acrobatics","floor":49,"key":"SMITH"},{"data":"Strike_G+1","floor":52,"key":"PURGE"}],"circlet_count":0,"master_deck":["Strike_G+1","Defend_G+1","Defend_G+1","Defend_G+1","Defend_G+1","Survivor","Neutralize+1","Footwork+1","Dagger Spray","Cloak And Dagger+1","Predator+1","Noxious Fumes","Leg Sweep","Tools of the Trade","PiercingWail","Calculated Gamble+1","Dodge and Roll+1","Prepared+1","Reflex+1","PiercingWail+1","Venomology","Backflip+1","Calculated Gamble+1","Calculated Gamble+1","Calculated Gamble+1","Acrobatics+1","Tools of the Trade","Wraith Form v2","Tactician+1"],"relics":["Ring of the Snake","Gambling Chip","Bag of Marbles","Mango","Pen Nib","Prayer Wheel","Mercury Hourglass","Blood Vial","TheAbacus","Peace Pipe","Velvet Choker","Tingsha","Regal Pillow","Ninja Scroll","Pocketwatch","Matryoshka","Dream Catcher","Cursed Key","DollysMirror","Letter Opener","War Paint","InkBottle","Singing Bowl","Art of War","Old Coin","Anchor","Orrery","Thread and Needle"],"acts_visited":["Exordium","TheCity","TheBeyond","TheEnding"],"potions_floor_usage":[7,14,16,16,35,38,40,40,40,46,50,50,54,55,55,55,55],"damage_taken":[{"damage":0,"enemies":"Cultist","floor":1,"turns":3},{"damage":0,"enemies":"2 Louse","floor":2,"turns":2},{"damage":0,"enemies":"Small Slimes","floor":4,"turns":2},{"damage":0,"enemies":"Blue Slaver","floor":5,"turns":4},{"damage":7,"enemies":"3 Sentries","floor":7,"turns":6},{"damage":12,"enemies":"Lagavulin","floor":10,"turns":6},{"damage":5,"enemies":"Looter","floor":12,"turns":2},{"damage":7,"enemies":"3 Sentries","floor":14,"turns":4},{"damage":1,"enemies":"The Guardian","floor":16,"turns":11},{"damage":0,"enemies":"3 Byrds","floor":18,"turns":4},{"damage":0,"enemies":"Spheric Guardian","floor":20,"turns":4},{"damage":5,"enemies":"Slavers","floor":23,"turns":7},{"damage":0,"enemies":"Colosseum Slavers","floor":28,"turns":1},{"damage":0,"enemies":"Colosseum Nobs","floor":28,"turns":3},{"damage":1,"enemies":"Gremlin Leader","floor":29,"turns":5},{"damage":0,"enemies":"Cultist and Chosen","floor":30,"turns":3},{"damage":16,"enemies":"Collector","floor":33,"turns":9},{"damage":1,"enemies":"Orb Walker","floor":35,"turns":2},{"damage":0,"enemies":"3 Shapes","floor":38,"turns":2},{"damage":4,"enemies":"Nemesis","floor":40,"turns":5},{"damage":0,"enemies":"Reptomancer","floor":42,"turns":2},{"damage":0,"enemies":"Mind Bloom Boss Battle","floor":45,"turns":5},{"damage":0,"enemies":"Writhing Mass","floor":46,"turns":1},{"damage":0,"enemies":"Jaw Worm Horde","floor":48,"turns":3},{"damage":83,"enemies":"Donu and Deca","floor":50,"turns":11},{"damage":3,"enemies":"Shield and Spear","floor":54,"turns":5},{"damage":54,"enemies":"The Heart","floor":55,"turns":13}],"seed_played":"8867041627684563970","potions_obtained":[{"floor":4,"key":"Weak Potion"},{"floor":7,"key":"CunningPotion"},{"floor":12,"key":"Dexterity Potion"},{"floor":14,"key":"DuplicationPotion"},{"floor":18,"key":"AttackPotion"},{"floor":30,"key":"DistilledChaos"},{"floor":38,"key":"GamblersBrew"},{"floor":42,"key":"AttackPotion"},{"floor":48,"key":"DuplicationPotion"}],"is_trial":false,"path_per_floor":["M","M","?","M","M","R","E","R","T","E","?","M","$","E","R","B",null,"M","?","M","?","?","E","R","T","T","R","?","E","M","?","R","B",null,"M","?","$","M","?","E","R","E","T","$","?","M","R","M","R","B",null,"R","$","E","B",null],"character_chosen":"THE_SILENT","items_purchased":["Gambling Chip","Bag of Marbles","Footwork","Cloak And Dagger","TheAbacus","DollysMirror","Letter Opener","Swift Potion","Anchor","Orrery","GhostInAJar"],"campfire_rested":0,"item_purchase_floors":[0,0,0,0,13,37,37,44,53,53,53],"current_hp_per_floor":[70,70,70,70,70,70,63,63,63,51,34,31,31,26,26,27,70,72,72,74,74,74,71,71,71,71,71,75,76,78,62,62,48,79,80,80,80,82,82,80,80,82,82,82,86,90,90,96,96,14,76,76,84,83,31],"gold":48,"neow_bonus":"","is_daily":false,"chose_seed":false,"campfire_upgraded":6,"win_rate":0.0,"timestamp":1607732323,"path_taken":["M","?","?","?","M","R","E","R","T","E","?","M","$","E","R","BOSS","M","?","M","?","?","E","R","?","T","R","?","E","M","?","R","BOSS","M","?","$","M","?","E","R","E","T","$","?","M","R","M","R","BOSS","R","$","E","BOSS"],"items_purchased_type":["Relic","Relic","Card","Card","Relic","Relic","Relic","Potion","Relic","Relic","Potion"],"build_version":"2020-11-30","purchased_purges":2,"victory":true,"max_hp_per_floor":[84,84,84,84,84,84,84,84,84,84,84,84,84,84,84,84,84,84,84,84,84,84,84,84,84,84,84,84,84,84,89,89,89,89,89,89,89,89,89,89,89,89,89,89,91,93,93,97,97,97,97,97,105,105,105],"relic_stats":{"Regal Pillow":0,"Singing Bowl":16,"counters":[81,412],"Tingsha":[1934],"Pen Nib":[20],"Letter Opener":[312],"War Paint":["Reflex","Cloak And Dagger"],"Cursed Key":1,"Mercury Hourglass":[442],"Blood Vial":41,"Peace Pipe":3,"Dream Catcher":0,"TheAbacus":[342],"Gambling Chip":[93],"Prayer Wheel":8,"Art of War":[9],"obtain_stats":[{"TwistedFunnel":7,"Nilry\u0027s Codex":19,"Whetstone":8,"Boot":25,"Old Coin":48,"Sozu":17,"Blood Vial":10,"Centennial Puzzle":9,"HornCleat":53,"DollysMirror":28,"Prayer Wheel":7,"Pear":54,"Blue Candle":13,"Velvet Choker":17,"Eternal Feather":41,"Tingsha":19,"Pen Nib":0,"Letter Opener":37,"Paper Crane":42,"War Paint":40,"OrangePellets":0,"Bird Faced Urn":42,"Bronze Scales":5,"Black Star":34,"Meat on the Bone":12,"Pocketwatch":28,"Lantern":54,"Regal Pillow":23,"Singing Bowl":43,"Mango":0,"Snake Skull":4,"Juzu Bracelet":40,"Bag of Preparation":54,"Ancient Tea Set":37,"Cursed Key":34,"Tough Bandages":6,"Dream Catcher":29,"TheAbacus":13,"Matryoshka":28,"Mummified Hand":28,"Ninja Scroll":21,"Pantograph":23,"Gambling Chip":0,"Red Mask":37,"InkBottle":0,"Ring of the Snake":0,"Runic Pyramid":34,"The Specimen":43,"Thread and Needle":0,"Omamori":40,"Orichalcum":37,"Mercury Hourglass":9,"Peace Pipe":14,"Cauldron":53,"Anchor":53,"Orrery":53,"Coffee Dripper":17,"Bag of Marbles":0,"Art of War":43,"Membership Card":4,"Bottled Lightning":48},{"TwistedFunnel":30,"Nilry\u0027s Codex":37,"Whetstone":3,"Boot":40,"Old Coin":24,"Sozu":5,"Blood Vial":60,"Centennial Puzzle":3,"HornCleat":25,"DollysMirror":10,"Prayer Wheel":59,"Pear":53,"Blue Candle":34,"Velvet Choker":63,"Eternal Feather":48,"Tingsha":64,"Pen Nib":54,"Letter Opener":72,"Paper Crane":20,"War Paint":74,"OrangePellets":27,"Bird Faced Urn":20,"Bronze Scales":30,"Black Star":14,"Meat on the Bone":4,"Pocketwatch":68,"Lantern":26,"Regal Pillow":66,"Singing Bowl":75,"Mango":54,"Snake Skull":2,"Juzu Bracelet":18,"Bag of Preparation":26,"Ancient Tea Set":16,"Cursed Key":71,"Tough Bandages":3,"Dream Catcher":69,"TheAbacus":61,"Matryoshka":68,"Mummified Hand":10,"Ninja Scroll":37,"Pantograph":9,"Gambling Chip":54,"Red Mask":45,"InkBottle":27,"Ring of the Snake":0,"Runic Pyramid":44,"The Specimen":20,"Thread and Needle":27,"Omamori":18,"Orichalcum":16,"Mercury Hourglass":59,"Peace Pipe":62,"Cauldron":25,"Anchor":79,"Orrery":79,"Coffee Dripper":36,"Bag of Marbles":54,"Art of War":75,"Membership Card":2,"Bottled Lightning":24},{"TwistedFunnel":181,"Nilry\u0027s Codex":213,"Whetstone":17,"Boot":224,"Old Coin":140,"Sozu":26,"Blood Vial":313,"Centennial Puzzle":17,"HornCleat":152,"DollysMirror":49,"Prayer Wheel":307,"Pear":282,"Blue Candle":196,"Velvet Choker":330,"Eternal Feather":255,"Tingsha":334,"Pen Nib":290,"Letter Opener":365,"Paper Crane":117,"War Paint":372,"OrangePellets":169,"Bird Faced Urn":117,"Bronze Scales":181,"Black Star":76,"Meat on the Bone":20,"Pocketwatch":347,"Lantern":160,"Regal Pillow":344,"Singing Bowl":374,"Mango":290,"Snake Skull":11,"Juzu Bracelet":101,"Bag of Preparation":160,"Ancient Tea Set":87,"Cursed Key":363,"Tough Bandages":17,"Dream Catcher":352,"TheAbacus":315,"Matryoshka":347,"Mummified Hand":49,"Ninja Scroll":213,"Pantograph":43,"Gambling Chip":290,"Red Mask":244,"InkBottle":169,"Ring of the Snake":0,"Runic Pyramid":241,"The Specimen":117,"Thread and Needle":169,"Omamori":101,"Orichalcum":87,"Mercury Hourglass":307,"Peace Pipe":319,"Cauldron":152,"Anchor":394,"Orrery":394,"Coffee Dripper":208,"Bag of Marbles":290,"Art of War":374,"Membership Card":11,"Bottled Lightning":140}],"InkBottle":[101],"Ring of the Snake":[162],"Pocketwatch":[0]},"card_choices":[{"not_picked":["Poisoned Stab","Reflex"],"picked":"Predator","floor":1},{"not_picked":["Sucker Punch","Setup","Predator"],"picked":"SKIP","floor":2},{"not_picked":["Dodge and Roll","Deadly Poison"],"picked":"Noxious Fumes","floor":4},{"not_picked":["Doppelganger","Prepared","Sucker Punch"],"picked":"SKIP","floor":5},{"not_picked":["Cloak And Dagger","Poisoned Stab","Caltrops"],"picked":"SKIP","floor":7},{"not_picked":["Concentrate","Quick Slash","Predator"],"picked":"SKIP","floor":10},{"not_picked":["Poisoned Stab","Dodge and Roll","Quick Slash"],"picked":"SKIP","floor":12},{"not_picked":["Predator","Poisoned Stab","Slice"],"picked":"SKIP","floor":12},{"not_picked":["Quick Slash","Cloak And Dagger"],"picked":"Leg Sweep","floor":14},{"not_picked":["Glass Knife","Bullet Time"],"picked":"Tools of the Trade","floor":16},{"not_picked":["Dagger Throw","Prepared"],"picked":"PiercingWail","floor":18},{"not_picked":["Backflip","Endless Agony+1","Quick Slash"],"picked":"SKIP","floor":18},{"not_picked":["Underhanded Strike","Deadly Poison+1","Backflip"],"picked":"SKIP","floor":20},{"not_picked":["Cloak And Dagger","Bane","Deadly Poison"],"picked":"SKIP","floor":20},{"not_picked":["Dash","Concentrate"],"picked":"Dodge and Roll+1","floor":23},{"not_picked":["Expertise+1","All Out Attack"],"picked":"Prepared","floor":29},{"not_picked":["Predator","Envenom"],"picked":"Reflex","floor":30},{"not_picked":["Bane","Blade Dance"],"picked":"PiercingWail+1","floor":30},{"not_picked":["Doppelganger","A Thousand Cuts"],"picked":"Venomology","floor":33},{"not_picked":["Accuracy+1","Riddle With Holes"],"picked":"Backflip+1","floor":35},{"not_picked":["Distraction","Flechettes","Dagger Spray+1"],"picked":"SKIP","floor":35},{"not_picked":["Terror+1","Flying Knee+1"],"picked":"Calculated Gamble","floor":38},{"not_picked":["Underhanded Strike","Concentrate+1"],"picked":"Calculated Gamble+1","floor":38},{"not_picked":["Wraith Form v2","Sucker Punch+1","Terror+1"],"picked":"SKIP","floor":40},{"not_picked":["Dagger Throw+1","Heel Hook"],"picked":"Acrobatics","floor":42},{"not_picked":["Underhanded Strike+1","Quick Slash","Blade Dance+1"],"picked":"Singing Bowl","floor":45},{"not_picked":["Deflect","Backflip","Flying Knee+1"],"picked":"Singing Bowl","floor":46},{"not_picked":["Deadly Poison","Dagger Throw+1"],"picked":"Tools of the Trade","floor":46},{"not_picked":["Quick Slash","Outmaneuver","Dagger Spray+1"],"picked":"Singing Bowl","floor":48},{"not_picked":["Bane+1","Underhanded Strike+1","Blade Dance+1"],"picked":"Singing Bowl","floor":48},{"not_picked":["Poisoned Stab","Leg Sweep","Quick Slash"],"picked":"Singing Bowl","floor":53},{"not_picked":["Dash","Well Laid Plans","Dodge and Roll+1"],"picked":"Singing Bowl","floor":53},{"not_picked":["Storm of Steel","Finisher","Dash+1"],"picked":"Singing Bowl","floor":53},{"not_picked":["Deadly Poison","Poisoned Stab","Choke+1"],"picked":"Singing Bowl","floor":53},{"not_picked":["Deadly Poison+1","Prepared+1"],"picked":"Wraith Form v2","floor":53},{"not_picked":["Dodge and Roll+1","Sucker Punch+1"],"picked":"Tactician+1","floor":54}],"player_experience":129488,"relics_obtained":[{"floor":7,"key":"Prayer Wheel"},{"floor":9,"key":"Mercury Hourglass"},{"floor":10,"key":"Blood Vial"},{"floor":14,"key":"Peace Pipe"},{"floor":23,"key":"Regal Pillow"},{"floor":26,"key":"Ninja Scroll"},{"floor":28,"key":"Pocketwatch"},{"floor":28,"key":"Matryoshka"},{"floor":29,"key":"Dream Catcher"},{"floor":40,"key":"War Paint"},{"floor":42,"key":"InkBottle"},{"floor":43,"key":"Singing Bowl"},{"floor":43,"key":"Art of War"},{"floor":45,"key":"Old Coin"},{"floor":54,"key":"Thread and Needle"}],"event_choices":[{"damage_healed":0,"gold_gain":0,"player_choice":"Upgraded","damage_taken":0,"max_hp_gain":0,"max_hp_loss":0,"event_name":"Upgrade Shrine","floor":3,"gold_loss":0,"cards_upgraded":["Predator"]},{"damage_healed":0,"gold_gain":0,"player_choice":"Entered Light","damage_taken":17,"max_hp_gain":0,"max_hp_loss":0,"event_name":"Shining Light","floor":11,"gold_loss":0,"cards_upgraded":["Strike_G","Defend_G"]},{"damage_healed":0,"gold_gain":0,"player_choice":"Obtained Relic","damage_taken":0,"relics_obtained":["Tingsha"],"max_hp_gain":0,"max_hp_loss":0,"event_name":"Addict","floor":19,"gold_loss":85},{"damage_healed":0,"gold_gain":0,"player_choice":"Simplicity","damage_taken":0,"max_hp_gain":0,"max_hp_loss":0,"event_name":"Back to Basics","floor":21,"gold_loss":0,"cards_upgraded":["Strike_G","Strike_G","Defend_G","Defend_G","Defend_G"]},{"damage_healed":0,"gold_gain":0,"player_choice":"Read","damage_taken":0,"max_hp_gain":0,"max_hp_loss":0,"event_name":"The Library","floor":22,"gold_loss":0,"cards_obtained":["Calculated Gamble"]},{"damage_healed":0,"gold_gain":0,"player_choice":"Fight","damage_taken":0,"max_hp_gain":0,"max_hp_loss":0,"event_name":"Colosseum","floor":28,"gold_loss":0},{"damage_healed":0,"gold_gain":0,"player_choice":"Fought Nobs","damage_taken":0,"max_hp_gain":0,"max_hp_loss":0,"event_name":"Colosseum","floor":28,"gold_loss":0},{"damage_healed":0,"gold_gain":0,"player_choice":"Shed Blood","damage_taken":21,"max_hp_gain":5,"max_hp_loss":0,"event_name":"Forgotten Altar","floor":31,"gold_loss":0},{"damage_healed":0,"gold_gain":0,"player_choice":"Ignored","damage_taken":0,"max_hp_gain":0,"max_hp_loss":0,"event_name":"Tomb of Lord Red Mask","floor":36,"gold_loss":0},{"damage_healed":0,"gold_gain":0,"player_choice":"Memory 1","damage_taken":0,"max_hp_gain":0,"max_hp_loss":0,"event_name":"SensoryStone","floor":39,"gold_loss":0},{"damage_healed":0,"gold_gain":0,"player_choice":"Fight","damage_taken":0,"max_hp_gain":0,"max_hp_loss":0,"event_name":"MindBloom","floor":45,"gold_loss":0}],"is_beta":false,"boss_relics":[{"not_picked":["Runic Pyramid","Tiny House"],"picked":"Velvet Choker"},{"not_picked":["SacredBark","Astrolabe"],"picked":"Cursed Key"}],"items_purged_floors":[0,44],"is_endless":false,"potions_floor_spawned":[4,7,12,14,18,28,30,38,42,48],"ascension_level":5}}