{"host":"dlyy4wv9zatha4f7","time":1607807386,"event":{"mods":["BaseMod","Better Third Choice","Colored Map","GifTheSpireLib","Minty Spire (QoL Compilation)","Small Relic Pack","Spicy Shops","StSLib","SuperFastMode","Unceasing Turn Reminder"],"gold_per_floor":[117,117,117,15,15,50,78,1,25,45,45,64,100,136,136,232,232,157,157,157,157,157,157],"floor_reached":22,"playtime":931,"items_purged":["Strike_B"],"score":278,"play_id":"35a3d82f-940e-444e-a386-e3e573422b6b","local_time":"20201212230946","is_ascension_mode":true,"campfire_choices":[{"data":"Lockon","floor":11.0,"key":"SMITH"},{"data":"Tempest","floor":15.0,"key":"SMITH"}],"circlet_count":0,"master_deck":["Defend_B","Defend_B","Zap","Dualcast","Ball Lightning","Conserve Battery","Lockon+1","Glacier","Genetic Algorithm","relicPack:TruthCard","Storm of Steel","Wraith Form v2","Secret Weapon","Tempest+1","Sweeping Beam+1","Loop+1"],"relics":["Cracked Core","Peace Pipe","Shuriken","CeramicFish","Runic Capacitor","Strawberry","relicPack:EdsArm","Vajra","Ectoplasm","Enchiridion"],"acts_visited":["Exordium","TheCity"],"potions_floor_usage":[],"damage_taken":[{"damage":1.0,"enemies":"Cultist","floor":1.0,"turns":4.0},{"damage":13.0,"enemies":"Lagavulin","floor":6.0,"turns":7.0},{"damage":0.0,"enemies":"Jaw Worm","floor":7.0,"turns":3.0},{"damage":1.0,"enemies":"Small Slimes","floor":10.0,"turns":2.0},{"damage":0.0,"enemies":"Red Slaver","floor":12.0,"turns":4.0},{"damage":18.0,"enemies":"3 Sentries","floor":14.0,"turns":8.0},{"damage":7.0,"enemies":"Hexaghost","floor":16.0,"turns":6.0},{"damage":12.0,"enemies":"2 Thieves","floor":18.0,"turns":5.0},{"damage":15,"enemies":"Shell Parasite","floor":19,"turns":3},{"damage":17,"enemies":"Sentry and Sphere","floor":22,"turns":4}],"seed_played":"-4466092751716759335","potions_obtained":[{"floor":7.0,"key":"FocusPotion"},{"floor":10.0,"key":"Energy Potion"},{"floor":12.0,"key":"LiquidMemories"},{"floor":19,"key":"SpeedPotion"}],"is_trial":false,"path_per_floor":["M","?","?","$","?","E","M","$","T","M","R","M","?","E","R","B",null,"M","M","?","?","M"],"character_chosen":"DEFECT","items_purchased":["Conserve Battery","Runic Capacitor"],"campfire_rested":0,"item_purchase_floors":[4,8],"current_hp_per_floor":[67,67,60,60,60,47,47,47,54,53,53,53,53,35,35,28,60,48,33,33,17,0,0],"gold":157,"neow_bonus":"ONE_RARE_RELIC","is_daily":false,"chose_seed":false,"campfire_upgraded":2,"win_rate":0.0,"timestamp":1607807386,"path_taken":["M","?","?","$","?","E","?","?","T","M","R","M","?","E","R","BOSS","M","M","?","?","M"],"items_purchased_type":["Card","Relic"],"build_version":"2020-11-30","purchased_purges":1,"victory":false,"max_hp_per_floor":[68,68,68,68,68,68,68,68,75,75,75,75,70,70,70,70,70,70,70,70,70,70,70],"card_choices":[{"not_picked":["Gash","Chaos"],"picked":"Ball Lightning","floor":1.0},{"not_picked":["Storm","Aggregate"],"picked":"Lockon","floor":6.0},{"not_picked":["Static Discharge","Hello World"],"picked":"Glacier","floor":7.0},{"not_picked":["Chill","Aggregate"],"picked":"Genetic Algorithm","floor":10.0},{"not_picked":["Steam","Stack"],"picked":"Loop","floor":12.0},{"not_picked":["Lockon","Reprogram"],"picked":"Tempest","floor":14.0},{"not_picked":["Stack+1","Go for the Eyes"],"picked":"Sweeping Beam+1","floor":18.0},{"not_picked":["Sweeping Beam+1","Go for the Eyes+1"],"picked":"Loop+1","floor":19}],"player_experience":2205426,"relics_obtained":[{"floor":6.0,"key":"CeramicFish"},{"floor":9.0,"key":"Strawberry"},{"floor":14.0,"key":"Vajra"},{"floor":21,"key":"Enchiridion"}],"event_choices":[{"damage_healed":0.0,"max_hp_gain":0.0,"max_hp_loss":0.0,"gold_gain":0.0,"event_name":"Big Fish","player_choice":"Box","floor":2.0,"gold_loss":0.0,"damage_taken":0.0,"relics_obtained":["Shuriken"],"cards_obtained":["Regret"]},{"cards_removed":["Regret"],"damage_healed":0.0,"max_hp_gain":0.0,"max_hp_loss":0.0,"gold_gain":0.0,"event_name":"Golden Wing","player_choice":"Card Removal","floor":3.0,"gold_loss":0.0,"damage_taken":7.0},{"damage_healed":0.0,"max_hp_gain":0.0,"max_hp_loss":0.0,"gold_gain":0.0,"cards_transformed":["Strike_B"],"event_name":"Transmorgrifier","player_choice":"Transformed","floor":5.0,"gold_loss":0.0,"damage_taken":0.0,"cards_obtained":["Streamline"]},{"damage_healed":0,"gold_gain":0,"player_choice":"Ignored","damage_taken":0,"max_hp_gain":0,"max_hp_loss":0,"event_name":"Vampires","floor":20,"gold_loss":0},{"damage_healed":0,"gold_gain":0,"player_choice":"Obtained Book","damage_taken":16,"max_hp_gain":0,"max_hp_loss":0,"event_name":"Cursed Tome","floor":21,"gold_loss":0}],"is_beta":false,"boss_relics":[{"not_picked":["Runic Dome","Snecko Eye"],"picked":"Ectoplasm"}],"items_purged_floors":[4],"is_endless":false,"potions_floor_spawned":[7,10,12,19],"killed_by":"Sentry and Sphere","ascension_level":9}}