{"host":"3h5qf14xt40jhha0","time":1607759691,"event":{"mods":["AlwaysNeverKeys","BaseMod","Colored Powertips","Minty Spire (QoL Compilation)","Permanent Neow","Relic Stats","StSLib"],"gold_per_floor":[111,126,126,126,126,154,154,166,193,205,228,228,256,256,256,334,334,350,368,368,385,385,415,415,431,431,431,431],"floor_reached":27,"playtime":1199,"items_purged":[],"score":582,"play_id":"81739534-ad70-42bd-9837-7b031e19159c","local_time":"20201212025451","is_ascension_mode":true,"campfire_choices":[{"data":"Twin Strike","floor":7,"key":"SMITH"},{"data":"Pommel Strike","floor":12,"key":"SMITH"},{"data":"Armaments","floor":15,"key":"SMITH"},{"data":"Offering","floor":24,"key":"SMITH"}],"circlet_count":0,"master_deck":["AscendersBane","Strike_R","Strike_R","Strike_R","Strike_R","Strike_R","Defend_R+1","Defend_R","Defend_R","Bash","Twin Strike+1","Shockwave+1","Pommel Strike+1","Dropkick","Anger","Evolve","Armaments+1","Offering+1","Inflame+1","Ghostly","Ghostly","Ghostly","Battle Trance","Metallicize+1"],"relics":["Black Blood","NeowsBlessing","War Paint","Bottled Lightning","PreservedInsect","Odd Mushroom","Frozen Egg 2","The Courier","Bronze Scales"],"acts_visited":["Exordium","TheCity"],"potions_floor_usage":[10,16,27,27],"damage_taken":[{"damage":0,"enemies":"Small Slimes","floor":1,"turns":1},{"damage":0,"enemies":"Cultist","floor":2,"turns":1},{"damage":0,"enemies":"Lagavulin","floor":6,"turns":1},{"damage":3,"enemies":"2 Louse","floor":8,"turns":3},{"damage":0,"enemies":"Blue Slaver","floor":10,"turns":2},{"damage":4,"enemies":"The Mushroom Lair","floor":11,"turns":4},{"damage":0,"enemies":"Gremlin Nob","floor":13,"turns":3},{"damage":50,"enemies":"Slime Boss","floor":16,"turns":10},{"damage":6,"enemies":"3 Byrds","floor":18,"turns":6},{"damage":54,"enemies":"Spheric Guardian","floor":19,"turns":6},{"damage":19,"enemies":"Snecko","floor":21,"turns":7},{"damage":6,"enemies":"Gremlin Leader","floor":23,"turns":5},{"damage":31,"enemies":"Shelled Parasite and Fungi","floor":25,"turns":5},{"damage":14,"enemies":"Slavers","floor":27,"turns":2}],"seed_played":"-74885565315047493","potions_obtained":[{"floor":1,"key":"SkillPotion"},{"floor":6,"key":"PowerPotion"},{"floor":21,"key":"Dexterity Potion"},{"floor":23,"key":"FairyPotion"},{"floor":25,"key":"EssenceOfSteel"}],"is_trial":false,"path_per_floor":["M","M","?","?","$","E","R","M","T","M","?","R","E","?","R","B",null,"M","M","?","M","?","E","R","M","T","E"],"character_chosen":"IRONCLAD","items_purchased":[],"campfire_rested":0,"item_purchase_floors":[],"current_hp_per_floor":[74,75,30,30,30,36,36,39,39,45,47,47,53,53,53,9,59,65,23,23,16,16,22,22,14,14,0,0],"gold":431,"neow_bonus":"THREE_ENEMY_KILL","is_daily":false,"chose_seed":false,"campfire_upgraded":4,"win_rate":0.0,"timestamp":1607759691,"path_taken":["M","M","?","?","$","E","R","M","T","?","?","R","E","?","R","BOSS","M","M","?","M","?","E","R","M","T","E"],"items_purchased_type":[],"build_version":"2020-11-30","purchased_purges":0,"victory":false,"max_hp_per_floor":[75,75,75,75,75,75,75,75,75,75,75,75,75,75,75,75,75,75,75,37,37,37,37,37,37,37,37,37],"relic_stats":{"counters":[14,56],"Bronze Scales":[15],"Black Blood":103,"PreservedInsect":112,"War Paint":["Shockwave","Defend_R"],"obtain_stats":[{"NeowsBlessing":0,"Bronze Scales":26,"Black Blood":17,"PreservedInsect":9,"The Courier":23,"Bottled Lightning":6,"War Paint":3,"Odd Mushroom":11,"Frozen Egg 2":13,"Burning Blood":0},{"NeowsBlessing":0,"Bronze Scales":13,"Black Blood":8,"PreservedInsect":4,"The Courier":12,"Bottled Lightning":3,"War Paint":2,"Odd Mushroom":6,"Frozen Egg 2":7,"Burning Blood":0},{"NeowsBlessing":0,"Bronze Scales":54,"Black Blood":25,"PreservedInsect":6,"The Courier":49,"Bottled Lightning":3,"War Paint":2,"Odd Mushroom":12,"Frozen Egg 2":15,"Burning Blood":0}]},"card_choices":[{"not_picked":["Flame Barrier","Fire Breathing"],"picked":"Twin Strike","floor":1},{"not_picked":["Cleave","Twin Strike"],"picked":"Shockwave","floor":2},{"not_picked":["Havoc","Sever Soul"],"picked":"Pommel Strike","floor":6},{"not_picked":["Dual Wield","Clash"],"picked":"Dropkick","floor":8},{"not_picked":["Metallicize","Dual Wield"],"picked":"Anger","floor":10},{"not_picked":["Pommel Strike","Second Wind"],"picked":"Evolve","floor":11},{"not_picked":["Second Wind","Battle Trance"],"picked":"Armaments","floor":13},{"not_picked":["Exhume","Juggernaut+1"],"picked":"Offering","floor":16},{"not_picked":["Cleave","Intimidate","Body Slam"],"picked":"SKIP","floor":18},{"not_picked":["Armaments","Thunderclap"],"picked":"Inflame+1","floor":19},{"not_picked":["Thunderclap","Rage"],"picked":"Battle Trance","floor":21},{"not_picked":["Perfected Strike","Sentinel+1","Shrug It Off"],"picked":"SKIP","floor":23},{"not_picked":["Iron Wave","Reckless Charge"],"picked":"Metallicize+1","floor":25}],"player_experience":1227433,"relics_obtained":[{"floor":6,"key":"Bottled Lightning"},{"floor":9,"key":"PreservedInsect"},{"floor":11,"key":"Odd Mushroom"},{"floor":13,"key":"Frozen Egg 2"},{"floor":23,"key":"The Courier"},{"floor":26,"key":"Bronze Scales"}],"event_choices":[{"damage_healed":0,"gold_gain":0,"player_choice":"Success","damage_taken":45,"relics_obtained":["War Paint"],"max_hp_gain":0,"max_hp_loss":0,"event_name":"Scrap Ooze","floor":3,"gold_loss":0},{"cards_removed":["Defend_R"],"damage_healed":0,"gold_gain":0,"player_choice":"Offered Basic","damage_taken":0,"max_hp_gain":0,"max_hp_loss":0,"event_name":"Bonfire Elementals","floor":4,"gold_loss":0},{"damage_healed":0,"gold_gain":0,"player_choice":"Fought Mushrooms","damage_taken":0,"max_hp_gain":0,"max_hp_loss":0,"event_name":"Mushrooms","floor":11,"gold_loss":0},{"damage_healed":0,"gold_gain":0,"player_choice":"Ignored","damage_taken":0,"max_hp_gain":0,"max_hp_loss":0,"event_name":"Liars Game","floor":14,"gold_loss":0},{"damage_healed":0,"gold_gain":0,"player_choice":"Became a Ghost","damage_taken":0,"max_hp_gain":0,"max_hp_loss":38,"event_name":"Ghosts","floor":20,"gold_loss":0,"cards_obtained":["Ghostly","Ghostly","Ghostly"]},{"damage_healed":0,"gold_gain":0,"player_choice":"Ignored","damage_taken":0,"max_hp_gain":0,"max_hp_loss":0,"event_name":"Cursed Tome","floor":22,"gold_loss":0}],"is_beta":false,"boss_relics":[{"not_picked":["SacredBark","Tiny House"],"picked":"Black Blood"}],"items_purged_floors":[],"is_endless":false,"potions_floor_spawned":[1,6,21,23,25],"killed_by":"Slavers","ascension_level":20}}