{"host":"j4g6ia6asvpyu2b0","time":1607810812,"event":{"mods":["BaseMod","Colored Map","Minty Spire (QoL Compilation)","Permanent Neow","Quick Restart","Relic Stats","StSLib","Unceasing Turn Reminder"],"gold_per_floor":[116,79,97,97,117,150,150,182,182,182,182],"floor_reached":10,"playtime":245,"items_purged":[],"score":95,"play_id":"d520063f-967a-4623-84c2-c89faece28b1","local_time":"20201212150652","is_ascension_mode":true,"campfire_choices":[{"data":"Body Slam","floor":7,"key":"SMITH"}],"circlet_count":0,"master_deck":["Strike_R","Strike_R","Strike_R","Defend_R","Defend_R","Defend_R","Defend_R","Bash+1","Writhe","Pommel Strike","Rage","Pommel Strike","Disarm","Iron Wave+1","Shrug It Off","Body Slam+1","Shrug It Off"],"relics":["Burning Blood","Pen Nib","Question Card","Whetstone","Kunai"],"acts_visited":["Exordium"],"potions_floor_usage":[6,8],"damage_taken":[{"damage":6.0,"enemies":"Cultist","floor":1.0,"turns":4.0},{"damage":2,"enemies":"Jaw Worm","floor":3,"turns":3},{"damage":0,"enemies":"2 Louse","floor":5,"turns":2},{"damage":17,"enemies":"Lagavulin","floor":6,"turns":6},{"damage":8,"enemies":"Gremlin Nob","floor":8,"turns":3},{"damage":27,"enemies":"3 Sentries","floor":10,"turns":7}],"seed_played":"6951801638421208861","potions_obtained":[{"floor":3,"key":"PowerPotion"},{"floor":5,"key":"LiquidMemories"}],"is_trial":false,"path_per_floor":["M","$","M","?","M","E","R","E","T","E"],"character_chosen":"IRONCLAD","items_purchased":["Disarm"],"campfire_rested":0,"item_purchase_floors":[2],"current_hp_per_floor":[80,80,80,73,79,68,68,66,66,39,39],"gold":182,"neow_bonus":"TRANSFORM_TWO_CARDS","is_daily":false,"chose_seed":false,"campfire_upgraded":1,"win_rate":0.0,"timestamp":1607810812,"path_taken":["M","?","M","?","M","E","R","E","T","E"],"items_purchased_type":["Card"],"build_version":"2020-11-30","purchased_purges":0,"victory":false,"max_hp_per_floor":[80,80,80,80,80,80,80,80,80,80,80],"relic_stats":{"counters":[6,25],"Pen Nib":[3],"Whetstone":["Iron Wave","Bash"],"Kunai":[1],"Question Card":1,"obtain_stats":[{"Pen Nib":4,"Whetstone":8,"Kunai":9,"Question Card":6,"Burning Blood":0},{"Pen Nib":2,"Whetstone":5,"Kunai":5,"Question Card":4,"Burning Blood":0},{"Pen Nib":7,"Whetstone":18,"Kunai":18,"Question Card":15,"Burning Blood":0}],"Burning Blood":26},"card_choices":[{"not_picked":["Second Wind","Ghostly Armor"],"picked":"Pommel Strike","floor":1.0},{"not_picked":["True Grit","Havoc"],"picked":"Iron Wave","floor":3},{"not_picked":["Body Slam","Hemokinesis"],"picked":"Shrug It Off","floor":5},{"not_picked":["Sword Boomerang","Rupture"],"picked":"Body Slam","floor":6},{"not_picked":["Burning Pact","Bludgeon","Flex"],"picked":"Shrug It Off","floor":8}],"player_experience":625571,"relics_obtained":[{"floor":6,"key":"Question Card"},{"floor":8,"key":"Whetstone"},{"floor":9,"key":"Kunai"}],"event_choices":[{"damage_healed":0,"gold_gain":0,"player_choice":"Success","damage_taken":7,"relics_obtained":["Pen Nib"],"max_hp_gain":0,"max_hp_loss":0,"event_name":"Scrap Ooze","floor":4,"gold_loss":0}],"is_beta":false,"boss_relics":[],"items_purged_floors":[],"is_endless":false,"potions_floor_spawned":[3,5],"killed_by":"3 Sentries","ascension_level":5}}