{"host":"zksvs3x2ysy9npnz","time":1607786927,"event":{"mods":["Aspiration","BaseMod","Beaked The Cultist","BetterRewards","Colored Map","Conspire","Duelist Mod","Halation","Highlight Path","Hubris","Infinite Spire","Jedi Mod","Minty Spire (QoL Compilation)","Permanent Neow","Quick Restart","Relic Stats","Replay The Spire","Retaliation","Shop Mod","StSLib"],"gold_per_floor":[135,135,153,166,184,184,199,199,199,216,250,268,268,281,281,359,359,379,379,391,316,331,331,356,356,356,356,356,367,20,40,40,114,114,128,178,178,188,204,204,232,232,232,242,274,291,291,319,319,319],"floor_reached":51,"playtime":2964,"items_purged":["theDuelist:Sparks","theDuelist:JerryBeansMan"],"score":1559,"play_id":"184c4950-eabb-490a-afcc-e6d5573c2b3f","local_time":"20201212162847","is_ascension_mode":true,"campfire_choices":[{"data":"theDuelist:Inmato","floor":6,"key":"SMITH"},{"data":"theDuelist:VioletCrystal","floor":8,"key":"SMITH"},{"data":"Pot Of Greed","floor":13,"key":"SMITH"},{"floor":15,"key":"DIG"},{"floor":23,"key":"REST"},{"data":"Pot Of Greed","floor":25,"key":"SMITH"},{"data":"theDuelist:DarkworldThorns","floor":27,"key":"SMITH"},{"data":"theDuelist:ImperialOrder","floor":32,"key":"SMITH"},{"data":"theDuelist:PredaplantChlamydosundew","floor":40,"key":"SMITH"},{"data":"Pot Of Greed","floor":42,"key":"SMITH"}],"circlet_count":0,"master_deck":["theDuelist:AngelTrumpeter","theDuelist:CactusBouncer","theDuelist:CastleWalls","theDuelist:CastleWalls","theDuelist:DarkworldThorns+1","AscendersBane","theDuelist:Inmato+1","theDuelist:JerryBeansMan","Good Instincts","theDuelist:BlackRoseDragon","theDuelist:RevivalRose","theDuelist:VioletCrystal+1","theDuelist:WhiteRoseDragon","Pot Of Greed+1","Pot Of Greed+1","theDuelist:PotDuality","theDuelist:ImperialOrder+1","theDuelist:RevivalRose","theDuelist:PredaplantChlamydosundew+1","theDuelist:BirdRoses","theDuelist:DarkworldThorns","theDuelist:Inmato","theDuelist:GolemSentry+1","Pot Of Greed+1","theDuelist:Wiretap","theDuelist:CopyPlant+1","theDuelist:BlackRoseDragon"],"relics":["theDuelist:MillenniumPuzzle","theDuelist:CardPoolRelic","theDuelist:CardPoolBasicRelic","theDuelist:BoosterPackPoolRelic","theDuelist:CardPoolAddRelic","theDuelist:CardPoolMinusRelic","theDuelist:CardPoolSaveRelic","theDuelist:CardPoolOptionsRelic","aspiration:Nostalgia","Replay:M_SmolderingBlood","hubris:BottledRain","Grinning Jar","Juzu Bracelet","infinitespire:Cupcake","infinitespire:FocusingShard","hubris:BundleOfHerbs","Oddly Smooth Stone","Blood Vial","MutagenicStrength","theDuelist:BoosterPackHealer","hubris:Backtick","beaked:MendingPlumage","hubris:Zylophone","infinitespire:Golems Mask","Gambling Chip","infinitespire:WardingShard","theDuelist:ZoneToken","hubris:AncientText"],"acts_visited":["Exordium","TheCity","TheBeyond"],"potions_floor_usage":[24],"damage_taken":[{"damage":0,"enemies":"Jaw Worm","floor":1,"turns":4},{"damage":3,"enemies":"Cultist","floor":3,"turns":4},{"damage":1,"enemies":"2 Louse","floor":4,"turns":3},{"damage":0,"enemies":"2 Fungi Beasts","floor":5,"turns":2},{"damage":2,"enemies":"Lots of Slimes","floor":7,"turns":3},{"damage":0,"enemies":"Looter","floor":10,"turns":3},{"damage":0,"enemies":"Lagavulin","floor":11,"turns":4},{"damage":0,"enemies":"2 Fungi Beasts","floor":12,"turns":2},{"damage":6,"enemies":"Large Slime","floor":14,"turns":8},{"damage":19,"enemies":"The Guardian","floor":16,"turns":8},{"damage":2,"enemies":"Shell Parasite","floor":18,"turns":5},{"damage":5,"enemies":"Chosen","floor":20,"turns":6},{"damage":0,"enemies":"Snake Plant","floor":22,"turns":4},{"damage":19,"enemies":"Gremlin Leader","floor":24,"turns":5},{"damage":0,"enemies":"3 Cultists","floor":29,"turns":4},{"damage":0,"enemies":"Snecko","floor":31,"turns":5},{"damage":5,"enemies":"conspire:MysteriousRune","floor":33,"turns":9},{"damage":11,"enemies":"3 Darklings","floor":35,"turns":4},{"damage":0,"enemies":"3 Darklings","floor":36,"turns":9},{"damage":0,"enemies":"Orb Walker","floor":38,"turns":5},{"damage":57,"enemies":"4 Shapes","floor":39,"turns":10},{"damage":0,"enemies":"Giant Head","floor":41,"turns":7},{"damage":0,"enemies":"Sphere and 2 Shapes","floor":44,"turns":6},{"damage":30,"enemies":"Nightmare","floor":45,"turns":9},{"damage":0,"enemies":"Writhing Mass","floor":46,"turns":8},{"damage":10,"enemies":"Reptomancer","floor":48,"turns":6},{"damage":13,"enemies":"infinitespire:MassOfShapes","floor":50,"turns":13}],"seed_played":"-2131826046407505207","potions_obtained":[{"floor":4,"key":"SpeedPotion"},{"floor":7,"key":"Energy Potion"},{"floor":10,"key":"Elixir"},{"floor":24,"key":"Strength Potion"}],"is_trial":false,"path_per_floor":["M","?","M","M","M","R","M","R","T","M","E","M","R","M","R_BF","B",null,"M","$","M","?","M","R","E","R","T","R","?","M","$","M","R","B",null,"M","?","?","M","M","R","E","R","T","M","NM","M","?","E","R_BF","B",null],"character_chosen":"THE_DUELIST","items_purchased":["infinitespire:FocusingShard","hubris:BundleOfHerbs","theDuelist:BoosterPackHealer"],"campfire_rested":1,"item_purchase_floors":[19,19,30],"current_hp_per_floor":[63,63,60,59,59,59,57,57,57,57,57,57,57,51,51,32,61,59,16,31,31,31,52,33,33,33,33,33,35,35,37,37,70,70,68,70,66,70,45,45,70,70,70,70,59,70,70,70,70,70],"gold":319,"neow_bonus":"NOSTALGIA","is_daily":false,"chose_seed":false,"campfire_upgraded":8,"win_rate":0.0,"timestamp":1607786927,"path_taken":["M","?","?","M","M","R","M","R","T","M","E","M","R","M","R_BF","BOSS","M","?","M","?","M","R","E","R","T","R","?","M","$","M","R","BOSS","M","?","?","M","M","R","E","R","T","M","NM","M","?","E","R_BF","BOSS"],"items_purchased_type":["Relic","Relic","Relic"],"build_version":"2020-11-30","purchased_purges":2,"victory":true,"max_hp_per_floor":[70,70,70,70,70,70,70,70,70,70,70,70,70,70,70,70,70,70,70,70,70,70,70,70,70,70,70,70,70,70,70,70,70,70,70,70,70,70,70,70,70,70,70,70,70,70,70,70,70,70],"relic_stats":{"Blood Vial":14,"counters":[27,145],"Gambling Chip":[9],"Juzu Bracelet":2,"obtain_stats":[{"theDuelist:BoosterPackHealer":30,"Juzu Bracelet":15,"theDuelist:MillenniumPuzzle":0,"Blood Vial":26,"theDuelist:BoosterPackPoolRelic":0,"hubris:Backtick":34,"Replay:M_SmolderingBlood":0,"Gambling Chip":36,"theDuelist:ZoneToken":45,"infinitespire:Golems Mask":36,"theDuelist:CardPoolAddRelic":0,"theDuelist:CardPoolOptionsRelic":0,"theDuelist:CardPoolRelic":0,"aspiration:Nostalgia":0,"Oddly Smooth Stone":24,"infinitespire:FocusingShard":19,"theDuelist:CardPoolSaveRelic":0,"hubris:Zylophone":36,"theDuelist:CardPoolMinusRelic":0,"infinitespire:WardingShard":41,"theDuelist:CardPoolBasicRelic":0,"MutagenicStrength":28,"hubris:BundleOfHerbs":19,"Grinning Jar":11,"beaked:MendingPlumage":34,"hubris:AncientText":48,"hubris:BottledRain":9,"infinitespire:Cupcake":17},{"theDuelist:BoosterPackHealer":15,"Juzu Bracelet":9,"theDuelist:MillenniumPuzzle":0,"Blood Vial":14,"theDuelist:BoosterPackPoolRelic":0,"hubris:Backtick":17,"Replay:M_SmolderingBlood":0,"Gambling Chip":19,"theDuelist:ZoneToken":24,"infinitespire:Golems Mask":19,"theDuelist:CardPoolAddRelic":0,"theDuelist:CardPoolOptionsRelic":0,"theDuelist:CardPoolRelic":0,"aspiration:Nostalgia":0,"Oddly Smooth Stone":14,"infinitespire:FocusingShard":11,"theDuelist:CardPoolSaveRelic":0,"hubris:Zylophone":19,"theDuelist:CardPoolMinusRelic":0,"infinitespire:WardingShard":22,"theDuelist:CardPoolBasicRelic":0,"MutagenicStrength":14,"hubris:BundleOfHerbs":11,"Grinning Jar":7,"beaked:MendingPlumage":17,"hubris:AncientText":26,"hubris:BottledRain":5,"infinitespire:Cupcake":10},{"theDuelist:BoosterPackHealer":58,"Juzu Bracelet":30,"theDuelist:MillenniumPuzzle":0,"Blood Vial":55,"theDuelist:BoosterPackPoolRelic":0,"hubris:Backtick":71,"Replay:M_SmolderingBlood":0,"Gambling Chip":83,"theDuelist:ZoneToken":119,"infinitespire:Golems Mask":83,"theDuelist:CardPoolAddRelic":0,"theDuelist:CardPoolOptionsRelic":0,"theDuelist:CardPoolRelic":0,"aspiration:Nostalgia":0,"Oddly Smooth Stone":55,"infinitespire:FocusingShard":41,"theDuelist:CardPoolSaveRelic":0,"hubris:Zylophone":83,"theDuelist:CardPoolMinusRelic":0,"infinitespire:WardingShard":105,"theDuelist:CardPoolBasicRelic":0,"MutagenicStrength":55,"hubris:BundleOfHerbs":41,"Grinning Jar":21,"beaked:MendingPlumage":71,"hubris:AncientText":132,"hubris:BottledRain":14,"infinitespire:Cupcake":37}]},"card_choices":[{"not_picked":["Chrysalis","Panacea","Violence"],"picked":"Good Instincts","floor":1},{"not_picked":["theDuelist:AngelTrumpeter","theDuelist:CopyPlant","theDuelist:BlackRoseMoonlight","theDuelist:PredaplantChimerafflesia"],"picked":"theDuelist:BlackRoseDragon","floor":3},{"not_picked":["theDuelist:DestroyerGolem","theDuelist:LightningDarts","theDuelist:PowerGiant","theDuelist:Sangan","theDuelist:WormKing"],"picked":"SKIP","floor":4},{"not_picked":["theDuelist:BottomlessTrapHole","theDuelist:RoseArcher","theDuelist:Gigaplant","theDuelist:MarkRose"],"picked":"theDuelist:RevivalRose","floor":5},{"not_picked":["theDuelist:WorldTree","theDuelist:BloomingDarkestRose","theDuelist:SplendidRose"],"picked":"theDuelist:VioletCrystal","floor":7},{"not_picked":["theDuelist:CactusBouncer","theDuelist:SuperSolarNutrient","theDuelist:CheerfulCoffin","theDuelist:Invigoration"],"picked":"theDuelist:WhiteRoseDragon","floor":10},{"not_picked":["theDuelist:SangaEarth","theDuelist:ThornMalice","theDuelist:JerryBeansMan","theDuelist:AcidTrapHole"],"picked":"theDuelist:PotDuality","floor":11},{"not_picked":["theDuelist:MillenniumGolem","theDuelist:DokiDoki","theDuelist:GreyGreedOni","theDuelist:StrayLambs"],"picked":"theDuelist:ImperialOrder","floor":12},{"not_picked":["theDuelist:MudragonSwamp","theDuelist:RedHeadedOni","theDuelist:GilfordLegend","theDuelist:ReleaseFromStone","theDuelist:ImperialOrder"],"picked":"SKIP","floor":14},{"not_picked":["theDuelist:SeedCannon","theDuelist:HeartUnderdog","theDuelist:BeastFangs","theDuelist:BlackRoseMoonlight"],"picked":"theDuelist:RevivalRose","floor":18},{"not_picked":["theDuelist:CactusBouncer+1","theDuelist:SuperSolarNutrient","theDuelist:Invigoration","theDuelist:CheerfulCoffin"],"picked":"theDuelist:PredaplantChlamydosundew","floor":20},{"not_picked":["theDuelist:BotanicalGirl","theDuelist:Predaponics","theDuelist:WhiteRoseDragon","theDuelist:FrozenRose"],"picked":"theDuelist:BirdRoses","floor":22},{"not_picked":["theDuelist:BotanicalLion","theDuelist:Spore","theDuelist:Invigoration","theDuelist:PredaplantChlamydosundew"],"picked":"theDuelist:DarkworldThorns","floor":24},{"not_picked":["theDuelist:BattleOx+1","theDuelist:BlackPendant+1","theDuelist:GilfordLegend","theDuelist:PreventRat","theDuelist:PotDichotomy"],"picked":"SKIP","floor":29},{"not_picked":["theDuelist:WorldCarrot","theDuelist:PredaplantSpinodionaea+1","theDuelist:MiracleFertilizer","theDuelist:BlueRoseDragon","theDuelist:FallenAngelRoses"],"picked":"SKIP","floor":31},{"not_picked":["theDuelist:AcidTrapHole","theDuelist:PredaplantDrosophyllum","theDuelist:RagingMadPlants+2","theDuelist:Reinforcements"],"picked":"theDuelist:Inmato","floor":35},{"not_picked":["theDuelist:DokiDoki","theDuelist:EarthquakeGiant","theDuelist:EvilswarmHeliotrope","theDuelist:LabyrinthWall","theDuelist:MillenniumGolem"],"picked":"SKIP","floor":38},{"not_picked":["theDuelist:ClearKuriboh+1","theDuelist:EarthquakeGiant+1","theDuelist:LightningRodLord+1","theDuelist:BattleguardKing","theDuelist:WingedKuriboh+1"],"picked":"SKIP","floor":39},{"not_picked":["theDuelist:EarthquakeGiant+1","theDuelist:MillenniumGolem","theDuelist:FutureFusion","theDuelist:LightningVortex"],"picked":"theDuelist:GolemSentry+1","floor":41},{"not_picked":["theDuelist:VenomShot+1","theDuelist:WorldTree+1","theDuelist:Hinotama+1","theDuelist:OneForOne+1"],"picked":"theDuelist:Wiretap","floor":44},{"not_picked":["theDuelist:BotanicalGirl","theDuelist:Reinforcements","theDuelist:BlueRoseDragon","theDuelist:PredaplantChlamydosundew"],"picked":"theDuelist:CopyPlant+1","floor":45},{"not_picked":["theDuelist:GolemSentry","theDuelist:CopyPlant+1"],"picked":"theDuelist:BlackRoseDragon","floor":46},{"not_picked":["theDuelist:VenomShot+1","theDuelist:WorldTree+1","theDuelist:RoseArcher","theDuelist:RagingMadPlants+1","theDuelist:OneForOne+1"],"picked":"SKIP","floor":48}],"player_experience":1187969,"relics_obtained":[{"floor":9,"key":"hubris:BottledRain"},{"floor":11,"key":"Grinning Jar"},{"floor":15,"key":"Juzu Bracelet"},{"floor":24,"key":"Oddly Smooth Stone"},{"floor":26,"key":"Blood Vial"},{"floor":36,"key":"hubris:Zylophone"},{"floor":36,"key":"infinitespire:Golems Mask"},{"floor":36,"key":"Gambling Chip"},{"floor":41,"key":"infinitespire:WardingShard"},{"floor":45,"key":"theDuelist:ZoneToken"},{"floor":48,"key":"hubris:AncientText"}],"event_choices":[{"damage_healed":0,"gold_gain":0,"player_choice":"Leave","duelist":true,"damage_taken":0,"max_hp_gain":0,"max_hp_loss":0,"event_name":"Tomb of the Nameless","floor":2,"gold_loss":0},{"cards_removed":["theDuelist:Sparks"],"damage_healed":0,"gold_gain":0,"player_choice":"Gave Gold","damage_taken":0,"max_hp_gain":0,"max_hp_loss":0,"event_name":"Beggar","floor":21,"gold_loss":75},{"damage_healed":0,"gold_gain":0,"player_choice":"Inject Mutagens","damage_taken":0,"relics_obtained":["MutagenicStrength"],"max_hp_gain":0,"max_hp_loss":0,"event_name":"Drug Dealer","floor":28,"gold_loss":0},{"damage_healed":0,"gold_gain":0,"player_choice":"Fight","duelist":true,"damage_taken":0,"max_hp_gain":0,"max_hp_loss":0,"event_name":"Battle City","floor":36,"gold_loss":0},{"damage_healed":0,"gold_gain":0,"player_choice":"Leave","damage_taken":0,"max_hp_gain":0,"max_hp_loss":0,"event_name":"conspire:Investor","floor":37,"gold_loss":0},{"damage_healed":0,"gold_gain":0,"player_choice":"Leave","duelist":true,"damage_taken":0,"max_hp_gain":0,"max_hp_loss":0,"event_name":"Egyptian Village","floor":47,"gold_loss":0},{"damage_healed":0,"gold_gain":0,"player_choice":"Leave","duelist":true,"damage_taken":0,"max_hp_gain":0,"max_hp_loss":0,"event_name":"Card Trader","floor":49,"gold_loss":0}],"is_beta":false,"boss_relics":[{"not_picked":["hubris:HollowSoul","Replay:Ancient Bell"],"picked":"infinitespire:Cupcake"},{"not_picked":["Black Star","Replay:Grab Bag"],"picked":"hubris:Backtick"}],"items_purged_floors":[19,30],"is_endless":false,"potions_floor_spawned":[4,7,10,12,20,22,24,39,41,44,46],"ascension_level":19}}