{"host":"y89x8uui45kcjy42","time":1607782253,"event":{"mods":["2.2 Compatiblity","BaseMod","Colored Map","Colored Powertips","Friendly Minions","Highlight Path","Keyboard Shortcuts","Minty Spire (QoL Compilation)","StSLib","SuperFastMode","The Bug Knight","Waifu the Spire"],"gold_per_floor":[12,519,519,534,534,534,563,563,563,596,596,632,632,38,38,124,124,137,141,141,152,152,152,188,220,282,294,341,353,401,428,440,538,550,572,601,294,225,250,279,279,279,355,386,450,450,250,250,250,250,250,250,250,9,43,43],"floor_reached":57,"playtime":1507,"items_purged":["Strike_B","Strike_B","Defend_B","Strike_B","Defend_B","Hyperbeam+1","Chill"],"score":2977,"play_id":"8719524d-9895-4443-a9e8-dc59fab61521","local_time":"20201212231053","is_ascension_mode":true,"campfire_choices":[{"data":"Recycle","floor":6,"key":"SMITH"},{"data":"Zap","floor":11,"key":"SMITH"},{"data":"Sunder","floor":13,"key":"SMITH"},{"data":"Dualcast","floor":15,"key":"SMITH"},{"data":"Electrodynamics","floor":23,"key":"SMITH"},{"data":"Defragment","floor":27,"key":"SMITH"},{"data":"Consume","floor":29,"key":"SMITH"},{"data":"Coolheaded","floor":32,"key":"SMITH"},{"floor":41,"key":"RECALL"},{"data":"Loop","floor":42,"key":"SMITH"},{"data":"Coolheaded","floor":46,"key":"SMITH"},{"data":"Thunder Strike","floor":49,"key":"SMITH"},{"floor":53,"key":"DIG"}],"circlet_count":0,"master_deck":["AscendersBane","Zap+1","Dualcast+1","Sunder+1","Capacitor","Capacitor","Recycle+1","Hologram","Electrodynamics+1","Defragment+1","Consume+1","Coolheaded+1","Thunder Strike+1","Loop+1","Coolheaded+1"],"relics":["Cracked Core","Bag of Preparation","TheAbacus","Incense Burner","Pantograph","Letter Opener","CeramicFish","Sling","Turnip","Inserter","Lantern","Boot","MawBank","Blood Vial","TungstenRod","Darkstone Periapt","SacredBark","Coffee Dripper","ClockworkSouvenir","Runic Capacitor","Bronze Scales","Shovel","Vajra","WingedGreaves","Anchor","Thread and Needle","Mummified Hand","Torii","HollowMod:PaleOreRelic"],"acts_visited":["Exordium","TheCity","TheBeyond","TheEnding"],"potions_floor_usage":[12,12,40,56,56],"damage_taken":[{"damage":0,"enemies":"2 Louse","floor":1,"turns":1},{"damage":0,"enemies":"Small Slimes","floor":4,"turns":1},{"damage":26,"enemies":"Gremlin Nob","floor":7,"turns":4},{"damage":25,"enemies":"3 Sentries","floor":10,"turns":4},{"damage":5,"enemies":"Lagavulin","floor":12,"turns":5},{"damage":27,"enemies":"Slime Boss","floor":16,"turns":12},{"damage":0,"enemies":"Chosen","floor":18,"turns":4},{"damage":12,"enemies":"3 Byrds","floor":21,"turns":2},{"damage":13,"enemies":"Gremlin Leader","floor":24,"turns":4},{"damage":5,"enemies":"3 Cultists","floor":25,"turns":4},{"damage":11,"enemies":"HollowMod:Nosk","floor":28,"turns":5},{"damage":0,"enemies":"Gremlin Leader","floor":30,"turns":3},{"damage":13,"enemies":"Centurion and Healer","floor":31,"turns":3},{"damage":10,"enemies":"Champ","floor":33,"turns":9},{"damage":2,"enemies":"Orb Walker","floor":35,"turns":3},{"damage":10,"enemies":"3 Shapes","floor":36,"turns":2},{"damage":0,"enemies":"Mind Bloom Boss Battle","floor":39,"turns":4},{"damage":8,"enemies":"Reptomancer","floor":40,"turns":6},{"damage":24,"enemies":"Giant Head","floor":44,"turns":5},{"damage":27,"enemies":"2 Orb Walkers","floor":45,"turns":4},{"damage":0,"enemies":"Donu and Deca","floor":50,"turns":6},{"damage":5,"enemies":"Time Eater","floor":51,"turns":7},{"damage":38,"enemies":"Shield and Spear","floor":55,"turns":4},{"damage":30,"enemies":"The Heart","floor":56,"turns":9}],"seed_played":"3428372535566751703","potions_obtained":[{"floor":4,"key":"SkillPotion"},{"floor":10,"key":"Dexterity Potion"},{"floor":18,"key":"BlessingOfTheForge"},{"floor":21,"key":"Fire Potion"},{"floor":31,"key":"GamblersBrew"},{"floor":44,"key":"Weak Potion"},{"floor":45,"key":"Dexterity Potion"}],"is_trial":false,"path_per_floor":["M","$","?","M","?","R","E","?","T","E","R","E","R","$","R","B",null,"M","$","?","M","?","R","E","M","T","R","E","R","E","M","R","B",null,"M","M","$","$","?","E","R","R","T","E","?","R","$","?","R","B","B",null,"R","$","E","B",null],"character_chosen":"DEFECT","items_purchased":["Capacitor","Bag of Preparation","TheAbacus","Sling","Turnip","Lantern","ClockworkSouvenir","Runic Capacitor","Bronze Scales","Loop","Torii"],"campfire_rested":0,"item_purchase_floors":[2,2,2,14,14,19,37,38,38,38,54],"current_hp_per_floor":[64,64,69,69,62,62,36,36,36,11,11,71,71,71,71,49,69,69,69,69,57,57,57,44,39,39,39,30,30,32,21,21,38,67,67,59,59,59,76,68,68,68,68,46,21,21,21,21,21,48,67,71,71,71,62,72],"gold":43,"neow_bonus":"TRANSFORM_TWO_CARDS","is_daily":false,"chose_seed":false,"campfire_upgraded":11,"win_rate":0.0,"timestamp":1607782253,"path_taken":["M","$","?","M","?","R","E","?","T","E","R","E","R","$","R","BOSS","M","$","?","M","?","R","E","?","T","R","E","R","E","M","R","BOSS","M","M","$","$","?","E","R","R","T","E","?","R","$","?","R","BOSS","BOSS","R","$","E","BOSS"],"items_purchased_type":["Card","Relic","Relic","Relic","Relic","Relic","Relic","Relic","Relic","Card","Relic"],"build_version":"2020-11-30","purchased_purges":7,"victory":true,"max_hp_per_floor":[71,71,76,76,76,76,76,76,76,76,76,76,76,76,76,76,76,76,76,76,76,76,76,76,76,76,76,76,76,76,76,76,76,76,76,76,76,76,76,76,76,76,76,76,76,76,76,72,72,72,72,72,72,72,72,72],"card_choices":[{"not_picked":["Cold Snap","Barrage"],"picked":"Capacitor","floor":1},{"not_picked":["Static Discharge","Stack"],"picked":"Recycle","floor":4},{"not_picked":["Sunder","Gash","Multi-Cast"],"picked":"SKIP","floor":7},{"not_picked":["Compile Driver","Capacitor"],"picked":"Chill","floor":10},{"not_picked":["Barrage","Streamline"],"picked":"Hologram","floor":12},{"not_picked":["Meteor Strike","Amplify"],"picked":"Electrodynamics","floor":16},{"not_picked":["Rebound","Go for the Eyes+1","Stack"],"picked":"SKIP","floor":18},{"not_picked":["Darkness","Cold Snap","Barrage"],"picked":"SKIP","floor":21},{"not_picked":["Multi-Cast","Ball Lightning"],"picked":"Defragment","floor":24},{"not_picked":["Beam Cell","Compile Driver","Rip and Tear"],"picked":"SKIP","floor":25},{"not_picked":["Melter","Go for the Eyes"],"picked":"Consume","floor":28},{"not_picked":["Rip and Tear","Static Discharge"],"picked":"Coolheaded","floor":30},{"not_picked":["Beam Cell","Compile Driver","Streamline"],"picked":"SKIP","floor":31},{"not_picked":["Multi-Cast","Reboot"],"picked":"Thunder Strike","floor":33},{"not_picked":["Rip and Tear","Conserve Battery+1","Storm"],"picked":"SKIP","floor":35},{"not_picked":["Stack+1","BootSequence","Self Repair"],"picked":"SKIP","floor":36},{"not_picked":["Rip and Tear+1","Auto Shields+1","Cold Snap"],"picked":"SKIP","floor":40},{"not_picked":["Rebound","Auto Shields","Barrage"],"picked":"SKIP","floor":44},{"not_picked":["Double Energy","Conserve Battery"],"picked":"Coolheaded","floor":45},{"not_picked":["Auto Shields","Barrage","Coolheaded"],"picked":"SKIP","floor":55}],"player_experience":512521,"relics_obtained":[{"floor":7,"key":"Incense Burner"},{"floor":9,"key":"Pantograph"},{"floor":10,"key":"Letter Opener"},{"floor":12,"key":"CeramicFish"},{"floor":24,"key":"MawBank"},{"floor":26,"key":"Blood Vial"},{"floor":28,"key":"TungstenRod"},{"floor":30,"key":"Darkstone Periapt"},{"floor":39,"key":"Shovel"},{"floor":40,"key":"Vajra"},{"floor":44,"key":"Anchor"},{"floor":45,"key":"Thread and Needle"},{"floor":53,"key":"Mummified Hand"},{"floor":55,"key":"HollowMod:PaleOreRelic"}],"event_choices":[{"damage_healed":0,"gold_gain":0,"player_choice":"Donut","damage_taken":0,"max_hp_gain":5,"max_hp_loss":0,"event_name":"Big Fish","floor":3,"gold_loss":0},{"cards_removed":["Defend_B"],"damage_healed":0,"gold_gain":0,"player_choice":"Card Removal","damage_taken":7,"max_hp_gain":0,"max_hp_loss":0,"event_name":"Golden Wing","floor":5,"gold_loss":0},{"damage_healed":0,"gold_gain":0,"player_choice":"Grow","damage_taken":0,"max_hp_gain":0,"max_hp_loss":0,"event_name":"Living Wall","floor":8,"gold_loss":0,"cards_upgraded":["Hyperbeam"]},{"damage_healed":0,"gold_gain":0,"player_choice":"Ignored","damage_taken":0,"max_hp_gain":0,"max_hp_loss":0,"event_name":"Ghosts","floor":20,"gold_loss":0},{"damage_healed":0,"gold_gain":0,"player_choice":"Gave Potion","damage_taken":0,"relics_obtained":["Boot"],"max_hp_gain":0,"max_hp_loss":0,"event_name":"WeMeetAgain","floor":22,"gold_loss":0},{"damage_healed":0,"gold_gain":0,"player_choice":"Fight","damage_taken":0,"max_hp_gain":0,"max_hp_loss":0,"event_name":"MindBloom","floor":39,"gold_loss":0},{"damage_healed":0,"gold_gain":0,"player_choice":"Fight","damage_taken":0,"max_hp_gain":0,"max_hp_loss":0,"event_name":"Mysterious Sphere","floor":45,"gold_loss":0},{"damage_healed":0,"gold_gain":0,"player_choice":"Max HP","damage_taken":0,"max_hp_gain":0,"max_hp_loss":4,"event_name":"Winding Halls","floor":48,"gold_loss":0}],"is_beta":false,"boss_relics":[{"not_picked":["SlaversCollar","Calling Bell"],"picked":"Inserter"},{"not_picked":["Sozu","Pandora\u0027s Box"],"picked":"SacredBark"}],"items_purged_floors":[2,14,19,37,38,47,54],"is_endless":false,"potions_floor_spawned":[4,10,18,21,31,35,44,45,55],"ascension_level":20}}