{"host":"p7j7o00jacnw7qzt","time":1607796543,"event":{"mods":["BaseMod","Colored Map","Colored Powertips","DeckTracker","Highlight Path","Minty Spire (QoL Compilation)","Relic Stats"],"gold_per_floor":[114,264,284,46,46,80,80,111,165,165,185,185,201,201,201,290,290,308,332,332,350,365,365,385,385,385,401,401,415,415,435,435,531,531,550,564,595,619,619,619,619,635,635,666,666,666,701,724,724,724,724,724,724,120,160,160],"floor_reached":57,"playtime":4154,"items_purged":["Doubt","Defend_R"],"score":2669,"play_id":"4a6b8f03-c99f-4bbd-bab0-d305bd135902","local_time":"20201212130903","is_ascension_mode":true,"campfire_choices":[{"data":"Sword Boomerang","floor":7.0,"key":"SMITH"},{"data":"Feed","floor":12.0,"key":"SMITH"},{"data":"Limit Break","floor":15.0,"key":"SMITH"},{"data":"1","floor":23.0,"key":"LIFT"},{"floor":25.0,"key":"REST"},{"data":"2","floor":28.0,"key":"LIFT"},{"data":"3","floor":30.0,"key":"LIFT"},{"floor":32.0,"key":"DIG"},{"floor":40.0,"key":"RECALL"},{"floor":45.0,"key":"DIG"},{"floor":49.0,"key":"DIG"},{"floor":53.0,"key":"DIG"}],"circlet_count":0,"master_deck":["AscendersBane","Defend_R","Defend_R","Defend_R","Bash+1","Spot Weakness","Feed+1","Sword Boomerang+1","Evolve","Dual Wield","Power Through","Dark Embrace","Limit Break+1","Warcry","Offering","Warcry","Barricade","Shockwave","Warcry","Limit Break","Shrug It Off","Pommel Strike+1","Impervious","Burning Pact","Warcry","Thinking Ahead","Feel No Pain+1"],"relics":["Burning Blood","Orrery","Golden Idol","Tiny Chest","Girya","Omamori","FossilizedHelix","Calling Bell","Potion Belt","Self Forming Clay","Shovel","Centennial Puzzle","Bottled Tornado","Coffee Dripper","Gambling Chip","Torii","White Beast Statue","Whetstone","Toy Ornithopter","Blood Vial","Bottled Lightning","Pantograph","Pen Nib","Mummified Hand"],"acts_visited":["Exordium","TheCity","TheBeyond","TheEnding"],"potions_floor_usage":[56,56,56,56],"damage_taken":[{"damage":6.0,"enemies":"Small Slimes","floor":1.0,"turns":4.0},{"damage":9.0,"enemies":"Jaw Worm","floor":3.0,"turns":3.0},{"damage":39.0,"enemies":"Gremlin Nob","floor":6.0,"turns":4.0},{"damage":15.0,"enemies":"3 Sentries","floor":8.0,"turns":8.0},{"damage":1.0,"enemies":"2 Louse","floor":11.0,"turns":5.0},{"damage":13.0,"enemies":"Red Slaver","floor":13.0,"turns":6.0},{"damage":21.0,"enemies":"Hexaghost","floor":16.0,"turns":9.0},{"damage":6.0,"enemies":"Chosen","floor":18.0,"turns":7.0},{"damage":19.0,"enemies":"Shell Parasite","floor":21.0,"turns":6.0},{"damage":37.0,"enemies":"Snake Plant","floor":22.0,"turns":4.0},{"damage":21.0,"enemies":"3 Cultists","floor":24.0,"turns":6.0},{"damage":36.0,"enemies":"Shelled Parasite and Fungi","floor":27.0,"turns":5.0},{"damage":13.0,"enemies":"Snecko","floor":29.0,"turns":5.0},{"damage":9.0,"enemies":"Centurion and Healer","floor":31.0,"turns":8.0},{"damage":40.0,"enemies":"Automaton","floor":33.0,"turns":6.0},{"damage":27.0,"enemies":"3 Darklings","floor":35.0,"turns":6.0},{"damage":23.0,"enemies":"3 Shapes","floor":36.0,"turns":4.0},{"damage":36.0,"enemies":"Mind Bloom Boss Battle","floor":37.0,"turns":6.0},{"damage":7.0,"enemies":"Jaw Worm Horde","floor":38.0,"turns":3.0},{"damage":28.0,"enemies":"Sphere and 2 Shapes","floor":42.0,"turns":7.0},{"damage":23.0,"enemies":"Giant Head","floor":44.0,"turns":5.0},{"damage":38.0,"enemies":"Nemesis","floor":47.0,"turns":5.0},{"damage":19.0,"enemies":"Spire Growth","floor":48.0,"turns":4.0},{"damage":43.0,"enemies":"Time Eater","floor":50.0,"turns":6.0},{"damage":42.0,"enemies":"Donu and Deca","floor":51.0,"turns":6.0},{"damage":56.0,"enemies":"Shield and Spear","floor":55.0,"turns":5.0},{"damage":11,"enemies":"The Heart","floor":56,"turns":6}],"seed_played":"2255706807195008927","potions_obtained":[{"floor":3.0,"key":"Fire Potion"},{"floor":11.0,"key":"EssenceOfSteel"},{"floor":13.0,"key":"PowerPotion"},{"floor":18.0,"key":"FearPotion"},{"floor":29.0,"key":"SteroidPotion"},{"floor":31.0,"key":"SkillPotion"},{"floor":35.0,"key":"DistilledChaos"},{"floor":38.0,"key":"Ancient Potion"},{"floor":42.0,"key":"Explosive Potion"},{"floor":44.0,"key":"SkillPotion"},{"floor":47.0,"key":"Regen Potion"},{"floor":48.0,"key":"Block Potion"},{"floor":55.0,"key":"SteroidPotion"}],"is_trial":false,"path_per_floor":["M","?","M","$","?","E","R","E","T","?","M","R","M","?","R","B",null,"M","T","?","M","M","R","M","R","T","M","R","M","R","M","R","B",null,"M","M","?","M","T","R","?","M","T","E","R","?","E","M","R","B","B",null,"R","$","E","B",null],"character_chosen":"IRONCLAD","items_purchased":["Orrery","PowerPotion","Warcry","Weak Potion","Pen Nib","Thinking Ahead"],"campfire_rested":1,"item_purchase_floors":[4,54,54,54,54,54],"current_hp_per_floor":[53,53,53,53,53,23,23,20,20,20,28,28,25,25,25,10,69,73,73,73,64,37,37,30,62,62,40,40,37,37,42,42,8,99,78,65,39,42,42,42,116,106,106,93,93,93,66,72,72,42,17,106,106,106,62,104],"gold":160,"neow_bonus":"TRANSFORM_TWO_CARDS","is_daily":false,"chose_seed":true,"campfire_upgraded":3,"win_rate":0.0,"timestamp":1607796543,"path_taken":["M","?","M","$","?","E","R","E","T","?","M","R","?","?","R","BOSS","M","?","?","M","M","R","?","R","T","M","R","M","R","M","R","BOSS","M","M","?","M","?","R","?","?","T","E","R","?","E","M","R","BOSS","BOSS","R","$","E","BOSS"],"items_purchased_type":["Relic","Potion","Card","Potion","Relic","Card"],"build_version":"2020-11-30","purchased_purges":2,"victory":true,"max_hp_per_floor":[78,78,81,81,73,76,76,82,82,82,85,85,89,89,89,89,89,93,93,93,97,101,101,109,109,109,117,117,121,121,129,129,129,129,129,133,137,141,141,141,116,128,128,132,132,132,132,132,132,132,136,136,136,136,140,140],"relic_stats":{"Torii":1,"counters":[27,149],"Golden Idol":185,"Self Forming Clay":[213],"Pen Nib":[0],"Whetstone":["Bash","Strike_R"],"Burning Blood":162,"Blood Vial":10,"Centennial Puzzle":[57],"Shovel":4,"Mummified Hand":[6],"Gambling Chip":[23],"Pantograph":25,"Tiny Chest":2,"obtain_stats":[{"Potion Belt":17,"Girya":8,"Torii":39,"Golden Idol":5,"Self Forming Clay":17,"Pen Nib":54,"Omamori":9,"Whetstone":44,"Bottled Tornado":32,"Burning Blood":0,"White Beast Statue":43,"Calling Bell":17,"Blood Vial":47,"Centennial Puzzle":19,"Shovel":17,"Mummified Hand":55,"Gambling Chip":37,"Pantograph":53,"Orrery":4,"Tiny Chest":6,"Coffee Dripper":34,"Bottled Lightning":49,"FossilizedHelix":10,"Toy Ornithopter":45},{"Potion Belt":7,"Girya":4,"Torii":19,"Golden Idol":2,"Self Forming Clay":7,"Pen Nib":25,"Omamori":4,"Whetstone":21,"Bottled Tornado":14,"Burning Blood":0,"White Beast Statue":20,"Calling Bell":7,"Blood Vial":22,"Centennial Puzzle":8,"Shovel":7,"Mummified Hand":26,"Gambling Chip":18,"Pantograph":25,"Orrery":2,"Tiny Chest":3,"Coffee Dripper":15,"Bottled Lightning":23,"FossilizedHelix":4,"Toy Ornithopter":21},{"Potion Belt":39,"Girya":19,"Torii":105,"Golden Idol":7,"Self Forming Clay":39,"Pen Nib":138,"Omamori":19,"Whetstone":117,"Bottled Tornado":80,"Burning Blood":0,"White Beast Statue":112,"Calling Bell":39,"Blood Vial":122,"Centennial Puzzle":46,"Shovel":39,"Mummified Hand":143,"Gambling Chip":102,"Pantograph":138,"Orrery":7,"Tiny Chest":11,"Coffee Dripper":86,"Bottled Lightning":126,"FossilizedHelix":19,"Toy Ornithopter":117}],"Toy Ornithopter":35},"card_choices":[{"not_picked":["Heavy Blade","Pummel"],"picked":"Sword Boomerang","floor":1.0},{"not_picked":["Dropkick","Wild Strike"],"picked":"Evolve","floor":3.0},{"not_picked":["Clothesline","Body Slam"],"picked":"Dual Wield","floor":4.0},{"not_picked":["Armaments","Cleave"],"picked":"Seeing Red","floor":4.0},{"not_picked":["Clothesline","Cleave"],"picked":"Power Through","floor":4.0},{"not_picked":["Inflame","Berserk","True Grit"],"picked":"SKIP","floor":6.0},{"not_picked":["Infernal Blade","Anger","Iron Wave"],"picked":"SKIP","floor":8.0},{"not_picked":["Shrug It Off","Perfected Strike"],"picked":"Dark Embrace","floor":11.0},{"not_picked":["Havoc","Warcry"],"picked":"Limit Break","floor":13.0},{"not_picked":["Bludgeon","Juggernaut"],"picked":"Offering","floor":16.0},{"not_picked":["Iron Wave+1","Armaments","Anger+1"],"picked":"SKIP","floor":18.0},{"not_picked":["Perfected Strike","Dual Wield","Warcry"],"picked":"SKIP","floor":21.0},{"not_picked":["Reckless Charge","Pommel Strike","Flex"],"picked":"SKIP","floor":22.0},{"not_picked":["Immolate","Shrug It Off","Fire Breathing"],"picked":"SKIP","floor":24.0},{"not_picked":["Twin Strike","Iron Wave","Heavy Blade"],"picked":"SKIP","floor":27.0},{"not_picked":["Headbutt","Body Slam"],"picked":"Warcry","floor":29.0},{"not_picked":["Iron Wave","Disarm","Ghostly Armor+1"],"picked":"SKIP","floor":31.0},{"not_picked":["Juggernaut","Feed"],"picked":"Barricade","floor":33.0},{"not_picked":["Havoc","Twin Strike","Perfected Strike"],"picked":"SKIP","floor":35.0},{"not_picked":["Heavy Blade","Havoc+1"],"picked":"Shockwave","floor":36.0},{"not_picked":["Spot Weakness","Blood for Blood"],"picked":"Warcry","floor":37.0},{"not_picked":["Warcry","Bloodletting"],"picked":"Limit Break","floor":38.0},{"not_picked":["Clash","Evolve"],"picked":"Shrug It Off","floor":42.0},{"not_picked":["Cleave","Wild Strike"],"picked":"Pommel Strike+1","floor":44.0},{"not_picked":["Dual Wield+1","Feel No Pain"],"picked":"Impervious","floor":47.0},{"not_picked":["Anger","Dark Embrace"],"picked":"Burning Pact","floor":48.0},{"not_picked":["Power Through","Rupture+1"],"picked":"Feel No Pain+1","floor":55.0}],"player_experience":804450,"relics_obtained":[{"floor":6.0,"key":"Tiny Chest"},{"floor":8.0,"key":"Girya"},{"floor":9.0,"key":"Omamori"},{"floor":17.0,"key":"Potion Belt"},{"floor":17.0,"key":"Self Forming Clay"},{"floor":17.0,"key":"Shovel"},{"floor":19.0,"key":"Centennial Puzzle"},{"floor":32.0,"key":"Bottled Tornado"},{"floor":37.0,"key":"Gambling Chip"},{"floor":39.0,"key":"Torii"},{"floor":43.0,"key":"White Beast Statue"},{"floor":44.0,"key":"Whetstone"},{"floor":45.0,"key":"Toy Ornithopter"},{"floor":47.0,"key":"Blood Vial"},{"floor":49.0,"key":"Bottled Lightning"},{"floor":53.0,"key":"Pantograph"},{"floor":55.0,"key":"Mummified Hand"}],"event_choices":[{"damage_healed":0.0,"max_hp_gain":0.0,"max_hp_loss":0.0,"gold_gain":150.0,"event_name":"Liars Game","player_choice":"AGREE","floor":2.0,"gold_loss":0.0,"damage_taken":0.0,"cards_obtained":["Doubt"]},{"damage_healed":0.0,"max_hp_gain":0.0,"max_hp_loss":8.0,"gold_gain":0.0,"event_name":"Golden Idol","player_choice":"Lose Max HP","floor":5.0,"gold_loss":0.0,"damage_taken":0.0,"relics_obtained":["Golden Idol"]},{"cards_removed":["Seeing Red"],"damage_healed":0.0,"max_hp_gain":0.0,"max_hp_loss":0.0,"gold_gain":0.0,"event_name":"WeMeetAgain","player_choice":"Gave Card","floor":10.0,"gold_loss":0.0,"damage_taken":0.0,"relics_obtained":["FossilizedHelix"]},{"damage_healed":0.0,"max_hp_gain":0.0,"max_hp_loss":0.0,"gold_gain":0.0,"cards_transformed":["Strike_R"],"event_name":"Living Wall","player_choice":"Change","floor":14.0,"gold_loss":0.0,"damage_taken":0.0,"cards_obtained":["Warcry"]},{"cards_removed":["Strike_R"],"damage_healed":0.0,"max_hp_gain":0.0,"max_hp_loss":0.0,"gold_gain":0.0,"event_name":"Bonfire Elementals","player_choice":"Offered Basic","floor":20.0,"gold_loss":0.0,"damage_taken":0.0},{"damage_healed":0.0,"max_hp_gain":0.0,"max_hp_loss":0.0,"gold_gain":0.0,"event_name":"MindBloom","player_choice":"Fight","floor":37.0,"gold_loss":0.0,"damage_taken":0.0},{"damage_healed":116.0,"max_hp_gain":0.0,"max_hp_loss":25.0,"gold_gain":0.0,"event_name":"The Moai Head","player_choice":"Heal","floor":41.0,"gold_loss":0.0,"damage_taken":0.0},{"cards_removed":["Strike_R"],"damage_healed":0.0,"max_hp_gain":0.0,"max_hp_loss":0.0,"gold_gain":0.0,"event_name":"Purifier","player_choice":"Purged","floor":46.0,"gold_loss":0.0,"damage_taken":0.0}],"is_beta":false,"boss_relics":[{"not_picked":["Astrolabe","Tiny House"],"picked":"Calling Bell"},{"not_picked":["Fusion Hammer","Busted Crown"],"picked":"Coffee Dripper"}],"items_purged_floors":[4,54],"is_endless":false,"potions_floor_spawned":[3,11,13,18,29,31,35,38,42,44,47,48,55],"ascension_level":20}}