{"host":"njruw0b0uprlitpx","time":1607790155,"event":{"mods":["2.2 Compatiblity","AchievementEnabler","Aspiration","BaseMod","Beaked The Cultist","Block Reminder","Colored Map","Colored Powertips","Jedi Mod","Keyboard Shortcuts","Minty Spire (QoL Compilation)","Replay The Spire","Spicy Shops","StSLib","SuperFastMode"],"gold_per_floor":[113,113,128,15,27,52,52,80,159,189,189,14,24,38,49,49,49,49],"floor_reached":17,"playtime":651,"items_purged":["Regret","Self Repair"],"score":177,"play_id":"194ab989-0a21-4fc2-b03c-fff8e0d1f353","local_time":"20201212102235","is_ascension_mode":false,"campfire_choices":[{"floor":7,"key":"REST"},{"data":"Hologram","floor":16,"key":"SMITH"}],"circlet_count":0,"master_deck":["Strike_B","Strike_B","Strike_B","Defend_B","Defend_B","Defend_B","Defend_B","Zap","Dualcast","Aggregate","Replay:Sssssssssshield","Amplify","Cold Snap","Self Repair","Glacier","jedi:bruteforce","Sunder","jedi:blockon","Hologram+1","Biased Cognition","Steam Power"],"relics":["Cracked Core","Strawberry","Pear","aspiration:FetidBarrel","Akabeko","Replay:Baseball"],"acts_visited":["Exordium"],"potions_floor_usage":[6,6,6,10,17],"damage_taken":[{"damage":6,"enemies":"Jaw Worm","floor":1,"turns":3},{"damage":0,"enemies":"Cultist","floor":3,"turns":4},{"damage":2,"enemies":"Small Slimes","floor":5,"turns":4},{"damage":42,"enemies":"Gremlin Nob","floor":6,"turns":7},{"damage":20,"enemies":"Lagavulin","floor":8,"turns":14},{"damage":0,"enemies":"3 Sentries","floor":10,"turns":9},{"damage":2,"enemies":"Exordium Thugs","floor":13,"turns":4},{"damage":0,"enemies":"Large Slime","floor":14,"turns":2},{"damage":7,"enemies":"Red Slaver","floor":15,"turns":2},{"damage":50,"enemies":"Hexaghost","floor":17,"turns":10}],"seed_played":"1893877058770724833","potions_obtained":[{"floor":3,"key":"Languid Potion"},{"floor":5,"key":"Swift Potion"},{"floor":8,"key":"Fire Potion"},{"floor":15,"key":"jedi:StrikingPotion"}],"is_trial":false,"path_per_floor":["M","?","M","$","M","E","R","E","T","E","?","$","M","M","M","R","B"],"character_chosen":"DEFECT","items_purchased":["Self Repair","Energy Potion"],"campfire_rested":1,"item_purchase_floors":[4,4],"current_hp_per_floor":[69,69,69,69,75,54,78,82,82,92,92,92,92,92,85,85,35,35],"gold":49,"neow_bonus":"REMOVE_CARD","is_daily":false,"chose_seed":false,"campfire_upgraded":1,"win_rate":0.0,"timestamp":1607790155,"path_taken":["M","?","M","$","?","E","R","E","T","E","?","?","?","M","M","R","BOSS"],"items_purchased_type":["Card","Potion"],"build_version":"2020-11-30","purchased_purges":2,"victory":false,"max_hp_per_floor":[75,75,75,75,75,82,82,92,92,92,92,92,92,92,92,92,92,92],"card_choices":[{"not_picked":["Stack","Go for the Eyes"],"picked":"Aggregate","floor":1},{"not_picked":["ReplaySort","Compile Driver"],"picked":"Cold Snap","floor":3},{"not_picked":["Beam Cell","Compile Driver"],"picked":"Glacier","floor":5},{"not_picked":["jedi:BurstFrost","Barrage"],"picked":"jedi:bruteforce","floor":6},{"not_picked":["Sweeping Beam","ReplayTheSpireMod:Reroute Power"],"picked":"Sunder","floor":8},{"not_picked":["jedi:BurstLightning","Gash"],"picked":"jedi:blockon","floor":10},{"not_picked":["Barrage","Steam"],"picked":"Hologram","floor":13},{"not_picked":["Aggregate","FTL"],"picked":"Biased Cognition","floor":14},{"not_picked":["Rebound","Gash"],"picked":"Steam Power","floor":15}],"player_experience":1052214,"relics_obtained":[{"floor":6,"key":"Strawberry"},{"floor":8,"key":"Pear"},{"floor":9,"key":"aspiration:FetidBarrel"},{"floor":10,"key":"Akabeko"}],"event_choices":[{"damage_healed":0,"gold_gain":0,"player_choice":"2 cards matched","damage_taken":0,"max_hp_gain":0,"max_hp_loss":0,"event_name":"Match and Keep!","floor":2,"gold_loss":0,"cards_obtained":["Replay:Sssssssssshield","Amplify"]},{"damage_healed":0,"gold_gain":0,"player_choice":"Box","damage_taken":0,"relics_obtained":["Replay:Baseball"],"max_hp_gain":0,"max_hp_loss":0,"event_name":"Big Fish","floor":11,"gold_loss":0,"cards_obtained":["Regret"]}],"is_beta":false,"boss_relics":[],"items_purged_floors":[12,12],"is_endless":false,"potions_floor_spawned":[3,5,8,15],"killed_by":"Hexaghost","ascension_level":0}}