{"host":"vgnj3owxn2tq7mop","time":1607771256,"event":{"mods":["Act Like it!","BaseMod","Colored Map","Downfall","Hallownest","Minty Spire (QoL Compilation)","StSLib","SuperFastMode","The Bug Knight","The Servant 0.9.4"],"gold_per_floor":[119,119,137,161,86,86,86,111,136,136,136,136,170,3,3,76,76,95,95,129,129,129,129,129,158,210,210,228,255,280,313,313,390,390,408,431,29,79,94,94,136,136,145,11,20,54,54,91,91,91,91],"floor_reached":50,"playtime":3913,"items_purged":["Feel No Pain","Pain"],"score":1129,"play_id":"255be6d0-c9f9-4238-9d52-a815ffb080fe","local_time":"20201212190736","daily_mods":["SealedDeck","Red Cards","Heirloom","Flight","DeadlyEvents","Elite Swarm","Night Terrors"],"is_ascension_mode":true,"campfire_choices":[{"data":"Seeing Red","floor":6,"key":"SMITH"},{"data":"HollowMod:SiblingsSouls","floor":7,"key":"SMITH"},{"data":"Searing Blow","floor":10,"key":"SMITH"},{"data":"Searing Blow+1","floor":11,"key":"SMITH"},{"data":"Searing Blow+2","floor":12,"key":"SMITH"},{"data":"HollowMod:theNailsmith","floor":15,"key":"SMITH"},{"floor":23,"key":"REST"},{"data":"HollowMod:DoubleDash","floor":24,"key":"SMITH"},{"data":"Exhume","floor":27,"key":"SMITH"},{"data":"Demon Form","floor":32,"key":"SMITH"},{"floor":40,"key":"REST"},{"data":"Searing Blow+3","floor":42,"key":"SMITH"},{"data":"Limit Break","floor":47,"key":"SMITH"},{"floor":49,"key":"RECALL"}],"circlet_count":0,"master_deck":["AscendersBane","Warcry","HollowMod:DoubleDash+1","HollowMod:SiblingsSouls+1","HollowMod:CrystalDash","Body Slam+1","Cleave+1","Seeing Red+1","Searing Blow+4","HollowMod:CornifersMapStart","HollowMod:theNailsmith+1","Exhume","HollowMod:MantisMark","HollowMod:CycloneSlash","Exhume+1","HollowMod:GrimmsGift","Shrug It Off","Demon Form+1","HollowMod:Weaversong","Limit Break+1","Body Slam","Offering","Regret","HollowMod:MylasSalvation","Regret","Demon Form"],"relics":["HollowMod:KingsSoulRelic","Gambling Chip","Hallownest:DreamNailRelic","Whetstone","Calipers","Ornamental Fan","Orrery","sneckomod:BlankCard","Oddly Smooth Stone","Tiny Chest","Letter Opener","Darkstone Periapt","Cursed Key","Membership Card","Matryoshka","Regal Pillow","CeramicFish","Blue Candle","Ice Cream","HollowMod:MillibellesNoteRelic","Nunchaku","Bag of Preparation","Guardian:GemstoneGun"],"acts_visited":["Exordium","Hallownest:Greenpath","Hallownest:CityofTears"],"potions_floor_usage":[13,28,29,29,29,33,39,48,50],"damage_taken":[{"damage":9,"enemies":"2_ Uuma","floor":1,"turns":5},{"damage":2,"enemies":"Hallownest:monsterHuskGuard","floor":3,"turns":7},{"damage":19,"enemies":"Hallownest:eliteMossKnight","floor":8,"turns":7},{"damage":5,"enemies":"Hallownest:eliteCrystalGuardian","floor":13,"turns":4},{"damage":11,"enemies":"Hallownest:BossBrokenVessel","floor":16,"turns":6},{"damage":7,"enemies":"Hallownest:3_Youths","floor":18,"turns":5},{"damage":54,"enemies":"Hallownest:eliteWatcherKnight","floor":20,"turns":11},{"damage":14,"enemies":"Hallownest:eliteSoulWarrior","floor":25,"turns":6},{"damage":0,"enemies":"Hallownest:Flukemon_and_Top","floor":28,"turns":3},{"damage":14,"enemies":"Hallownest:eliteWatcherKnight","floor":29,"turns":10},{"damage":4,"enemies":"Hallownest:Nosk","floor":30,"turns":6},{"damage":6,"enemies":"Hallownest:eliteSoulWarrior","floor":31,"turns":7},{"damage":0,"enemies":"Hallownest:BossGrimm","floor":33,"turns":8},{"damage":32,"enemies":"Hallownest:3_Siblings","floor":35,"turns":5},{"damage":29,"enemies":"Hallownest:2_Littles","floor":39,"turns":4},{"damage":11,"enemies":"Hallownest:eliteCollector","floor":41,"turns":6},{"damage":62,"enemies":"Hallownest:StalkingDevout","floor":48,"turns":5},{"damage":18,"enemies":"Hallownest:BossGreyPrinceZote","floor":50,"turns":4}],"seed_played":"4357479833459014354","potions_obtained":[{"floor":8,"key":"SpeedPotion"},{"floor":20,"key":"Block Potion"},{"floor":25,"key":"EntropicBrew"},{"floor":29,"key":"Guardian:BlockOnCardUsePotion"},{"floor":33,"key":"Energy Potion"},{"floor":41,"key":"Explosive Potion"},{"floor":48,"key":"ColorlessPotion"}],"is_trial":true,"path_per_floor":["M","?","M","T","$","R","R","E","T","R","R","R","E","$","R","B",null,"M","?","E","$","?","R","R","E","T","R","M","E","E","E","R","B",null,"M","?","$","T","M","R","E","R","T","$","?","T","R","E","R","B"],"character_chosen":"THE_BUGKNIGHT","items_purchased":["Orrery","Membership Card","Matryoshka","Limit Break","Body Slam","Nunchaku"],"campfire_rested":2,"item_purchase_floors":[14,37,37,37,37,44],"current_hp_per_floor":[59,59,57,57,57,57,57,38,38,38,38,38,33,33,33,22,62,55,55,1,1,1,70,70,56,56,56,56,42,38,32,32,32,61,29,29,29,35,6,71,60,60,66,66,66,72,72,10,10,0,0],"gold":91,"neow_bonus":"","is_daily":false,"chose_seed":false,"campfire_upgraded":11,"win_rate":0.0,"timestamp":1607771256,"path_taken":["M","?","?","?","?","R","R","?","T","R","R","R","E","$","R","BOSS","M","?","?","$","?","R","R","E","T","R","?","?","E","E","R","BOSS","M","?","$","?","?","R","?","R","T","$","?","?","R","E","R","BOSS"],"items_purchased_type":["Relic","Relic","Relic","Card","Card","Relic"],"build_version":"2020-11-30","purchased_purges":2,"victory":false,"max_hp_per_floor":[75,75,75,75,75,75,75,75,75,75,75,75,75,75,75,75,75,75,75,75,75,75,70,70,70,70,70,70,70,70,70,70,70,70,70,70,70,76,76,71,71,71,77,77,77,83,83,83,83,83,83],"card_choices":[{"not_picked":["Sword Boomerang","HollowMod:TaintedHusks","HollowMod:CornifersMapStart"],"picked":"SKIP","floor":1},{"not_picked":["Clash","HollowMod:LifebloodCocoon"],"picked":"HollowMod:CornifersMapStart","floor":3},{"not_picked":["Limit Break","HollowMod:RadiancesLament"],"picked":"HollowMod:theNailsmith","floor":8},{"not_picked":["Feed","HollowMod:WhiteLadysBlessing"],"picked":"Exhume","floor":13},{"not_picked":["Flex","Power Through"],"picked":"HollowMod:MantisMark","floor":14},{"not_picked":["Corruption","HollowMod:QuirrelsAssistance"],"picked":"HollowMod:CycloneSlash","floor":14},{"not_picked":["Berserk","HollowMod:Weaversong"],"picked":"Exhume","floor":16},{"not_picked":["Flex+1","Rampage+1"],"picked":"HollowMod:GrimmsGift","floor":18},{"not_picked":["Berserk","Bludgeon","HollowMod:theNailsmith"],"picked":"SKIP","floor":20},{"not_picked":["Corruption","HollowMod:WhiteLadysBlessing","HollowMod:AwokenDreamNail"],"picked":"SKIP","floor":25},{"not_picked":["HollowMod:SharpenedNail","HollowMod:ChannelNail"],"picked":"Shrug It Off","floor":28},{"not_picked":["HollowMod:WhiteLadysBlessing","Brutality","Juggernaut"],"picked":"SKIP","floor":29},{"not_picked":["HollowMod:HerrahsAnger","Fiend Fire"],"picked":"Demon Form","floor":30},{"not_picked":["Feed","Impervious"],"picked":"HollowMod:Weaversong","floor":31},{"not_picked":["HollowMod:InfectedAttack+1","HollowMod:MantisMark","Warcry+1"],"picked":"SKIP","floor":35},{"not_picked":["Armaments","HollowMod:SharpenedNail+1","HollowMod:InfectedAttack"],"picked":"SKIP","floor":39},{"not_picked":["Exhume","HollowMod:ZotesMagnificence"],"picked":"Offering","floor":41},{"not_picked":["Brutality","Offering"],"picked":"Demon Form","floor":48}],"player_experience":1152235,"relics_obtained":[{"floor":4,"key":"Whetstone"},{"floor":8,"key":"Calipers"},{"floor":13,"key":"Ornamental Fan"},{"floor":20,"key":"sneckomod:BlankCard"},{"floor":25,"key":"Oddly Smooth Stone"},{"floor":26,"key":"Tiny Chest"},{"floor":29,"key":"Letter Opener"},{"floor":31,"key":"Darkstone Periapt"},{"floor":38,"key":"Regal Pillow"},{"floor":38,"key":"CeramicFish"},{"floor":41,"key":"Blue Candle"},{"floor":43,"key":"Ice Cream"},{"floor":43,"key":"HollowMod:MillibellesNoteRelic"},{"floor":46,"key":"Bag of Preparation"},{"floor":48,"key":"Guardian:GemstoneGun"}],"event_choices":[],"is_beta":false,"boss_relics":[{"not_picked":["Velvet Choker","Runic Dome"],"picked":"HollowMod:KingsSoulRelic"},{"not_picked":["Coffee Dripper","Snecko Eye"],"picked":"Cursed Key"}],"items_purged_floors":[5,44],"is_endless":false,"potions_floor_spawned":[8,20,25,29,33,41,48],"killed_by":"Hallownest:BossGreyPrinceZote","ascension_level":20}}