{"host":"a3gl5es7j3fsfxu2","time":1607773258,"event":{"mods":["A Magickal Journey","AchievementEnabler","BaseMod","Better Third Choice","BetterRewards","Conspire","Custom Start","DeckTracker","Dio Mod","Gold Saver","GungeonMod","Halation","Hermit","Hubris","Infinite Spire","Jedi Mod","Jorbs\u0027s Wanderer Trilogy","Minty Spire (QoL Compilation)","Permanent Neow","Potionbrewer","Quick Restart","Relic Filter","Relic Sorter","Remove Card Discount Mod","Replay The Spire","Robot Space Explorer","Spicy Shops","StSLib","The Animator","The Bladedancer","The Dragon Tamer","The Exalted","The Poker Player","The Problem Sleuth","vexMod"],"gold_per_floor":[536,536,553,553,8596,8596,7487,7447,7473,7473,7473,7492,7492,7503,7521,6527,6527,6623,6623,6684,5493,5507,4421,4421,4452,4464,4464,4464,4464,4476,4491,4507,4521,4532,4532,4532,4532],"floor_reached":36,"playtime":2330,"items_purged":["DemoMod:Defend_Huntress","DemoMod:Strike_Huntress","Shame","DemoMod:Defend_Huntress","DemoMod:Defend_Huntress","DemoMod:Defend_Huntress","DemoMod:Strike_Huntress","DemoMod:CrossBow","DemoMod:RustySidearm","DemoMod:DirectionalPad"],"score":351,"play_id":"e6846bdb-4362-4d88-8ce9-69586ccf836b","local_time":"20201212124058","is_ascension_mode":false,"campfire_choices":[{"data":"DemoMod:ManualReload","floor":6,"key":"SMITH"},{"data":"DemoMod:Behold!","floor":13,"key":"SMITH"},{"data":"DemoMod:DoubleVision","floor":17,"key":"SMITH"},{"floor":27,"key":"RECALL"},{"data":"DemoMod:CursedBullets","floor":29,"key":"SMITH"},{"data":"DemoMod:PotionOfGunFriendShip","floor":35,"key":"SMITH"}],"circlet_count":0,"master_deck":["DemoMod:Roll","DemoMod:ManualReload+1","DemoMod:CursedBullets+1","DemoMod:GunslingerForm","Replay:BasicMightCard","DemoMod:Behold!+1","DemoMod:FastSwitch","DemoMod:TripleGun","DemoMod:StickyCrossBow+1","DemoMod:DoubleVision+1","DemoMod:Behold!","DemoMod:HardPowerCard+1","DemoMod:LifeOrb","DemoMod:SniperShot+1","DemoMod:HuntsMan+1","DemoMod:ShadowBullets","Bandage Up","Decay","DemoMod:BattleInHaste","DemoMod:MachoBrace+1","DemoMod:PotionOfGunFriendShip+1"],"relics":["DemoMod:Dog","DemoMod:ChaffGrenade","halation:TrafficLight","infinitespire:Beetle Shell","DemoMod:ClearGuonStone","Vajra","infinitespire:Satchel","Bromod:ArcaneMomentum","halation:Komachan","Akabeko","Blue Doll","hubris:HerbalPaste","DemoMod:Metronome","conspire:SpecialSausage","jedi:arcanewood","Bromod:ArcaneGuardian","Blood Vial","Lee\u0027s Waffle","halation:LettersToHer","Bromod:ArcaneFury","potionbrewer:WarMedal","TheAbacus","infinitespire:PuzzleCube","hubris:TinFlute","vexMod:InvisibilityCloak"],"acts_visited":["Exordium","TheCity","TheCity"],"potions_floor_usage":[36],"damage_taken":[{"damage":5,"enemies":"Small Slimes","floor":1,"turns":4},{"damage":0,"enemies":"Cultist","floor":3,"turns":4},{"damage":7,"enemies":"Jaw Worm","floor":12,"turns":3},{"damage":10,"enemies":"2 Fungi Beasts","floor":14,"turns":3},{"damage":7,"enemies":"3 Louse","floor":15,"turns":3},{"damage":31,"enemies":"The Guardian","floor":18,"turns":5},{"damage":5,"enemies":"3 Byrds","floor":20,"turns":4},{"damage":0,"enemies":"Chosen","floor":22,"turns":1},{"damage":0,"enemies":"Book of Stabbing","floor":25,"turns":1},{"damage":0,"enemies":"conspire:HollyBat","floor":26,"turns":3},{"damage":0,"enemies":"DemoMod:4_Bullet_Kins","floor":30,"turns":1},{"damage":7,"enemies":"DemoMod:Veteran_shot_gun_kin_and_red_shotgun_kin","floor":31,"turns":1},{"damage":0,"enemies":"DemoMod:Red_and_blue_shotgun_kin_with_gunsinger","floor":32,"turns":2},{"damage":16,"enemies":"DemoMod:Veteran_shot_gun_kin_and_blue_shotgun_kin_with_gunsinger","floor":33,"turns":1},{"damage":20,"enemies":"DemoMod:Veteran_shot_gun_kin_and_blue_shotgun_kin","floor":34,"turns":2},{"damage":59,"enemies":"DemoMod:ResourcefulRat","floor":36,"turns":9}],"seed_played":"3054537517517879330","potions_obtained":[{"floor":8,"key":"potionbrewer:HastePotion"},{"floor":8,"key":"jedi:holywater"},{"floor":8,"key":"Elixir"}],"is_trial":false,"path_per_floor":["M","?","M","?","?","R","$","?","T","PTL","PTL","M","R","M","M","$","R","B",null,"M","$","M","$","?","E","M","R","T","R","M","M","M","M","M","R","B"],"character_chosen":"HUNTRESS","items_purchased":["DemoMod:GunslingerForm","DemoMod:ClearGuonStone","Vajra","infinitespire:Satchel","Bromod:ArcaneMomentum","DemoMod:GnawedKey","halation:Komachan","Replay:BasicMightCard","Akabeko","DemoMod:StickyCrossBow+1","Blue Doll","hubris:HerbalPaste","DemoMod:ChaffGrenade","DemoMod:Metronome","DemoMod:DoubleVision","jedi:arcanewood","Bromod:ArcaneGuardian","Blood Vial","Lee\u0027s Waffle","DemoMod:LifeOrb","DemoMod:SniperShot+1","halation:TrafficLight","halation:LettersToHer","Bromod:ArcaneFury","DemoMod:ShadowBullets","Bandage Up","potionbrewer:WarMedal","TheAbacus","infinitespire:PuzzleCube"],"campfire_rested":0,"item_purchase_floors":[7,7,7,7,7,7,7,7,16,16,16,16,16,16,16,21,21,21,21,21,21,21,23,23,23,23,23,23,23],"current_hp_per_floor":[65,65,65,65,65,65,65,65,65,65,65,58,58,48,41,41,41,16,70,68,77,77,77,77,77,77,77,77,77,77,70,75,61,46,46,0,0],"gold":4532,"neow_bonus":"RANDOM_COMMON_RELIC","is_daily":false,"chose_seed":false,"campfire_upgraded":5,"win_rate":0.0,"timestamp":1607773258,"path_taken":["M","?","?","?","?","R","$","?","T","PTL","PTL","M","R","M","?","$","R","BOSS","M","$","M","$","?","E","?","R","T","R","M","M","M","M","M","R","BOSS"],"items_purchased_type":["Card","Relic","Relic","Relic","Relic","Relic","Relic","Card","Relic","Card","Relic","Relic","Relic","Relic","Card","Relic","Relic","Relic","Relic","Card","Card","Relic","Relic","Relic","Card","Card","Relic","Relic","Relic"],"build_version":"2020-11-30","purchased_purges":10,"victory":false,"max_hp_per_floor":[70,70,70,70,70,70,70,70,70,70,70,70,70,70,70,70,70,70,70,70,77,77,77,77,77,77,77,77,77,77,77,77,77,77,77,77,77],"card_choices":[{"not_picked":["DemoMod:DoubleSwitch","DemoMod:Ejector"],"picked":"DemoMod:DirectionalPad","floor":1},{"not_picked":["DemoMod:PotionOfGunFriendShip","DemoMod:GunstockTap"],"picked":"DemoMod:CursedBullets","floor":3},{"not_picked":["DemoMod:EasyReloadBullets","DemoMod:BoxingGlove"],"picked":"DemoMod:Behold!","floor":12},{"not_picked":["DemoMod:SAA","DemoMod:JK47"],"picked":"DemoMod:FastSwitch","floor":14},{"not_picked":["DemoMod:HardPowerCard","DemoMod:GunstockTap"],"picked":"DemoMod:TripleGun","floor":15},{"not_picked":["DemoMod:SuppressiveFire","DemoMod:DoubleVision"],"picked":"DemoMod:Behold!","floor":18},{"not_picked":["DemoMod:Polaris","DemoMod:PracticeMakesPerfect"],"picked":"DemoMod:HardPowerCard+1","floor":20},{"not_picked":["DemoMod:SAA","DemoMod:BattleInHaste"],"picked":"DemoMod:HuntsMan+1","floor":22},{"not_picked":["DemoMod:DoubleSwitch","DemoMod:Slinger","DemoMod:DirectionalPad"],"picked":"SKIP","floor":25},{"not_picked":["DemoMod:StickyCrossBow","DemoMod:FeignSurrender"],"picked":"DemoMod:BattleInHaste","floor":26},{"not_picked":["DemoMod:TeaPot","DemoMod:AC15+1","DemoMod:Unmoved+1"],"picked":"SKIP","floor":30},{"not_picked":["DemoMod:BattleInHaste","DemoMod:DarkMarker"],"picked":"DemoMod:MachoBrace+1","floor":31},{"not_picked":["DemoMod:AWP","DemoMod:Polaris+1","DemoMod:Ejector"],"picked":"SKIP","floor":32},{"not_picked":["DemoMod:MegaHand","DemoMod:AWP+1","DemoMod:ProbeStrike"],"picked":"SKIP","floor":33},{"not_picked":["DemoMod:JK47","DemoMod:Unmoved"],"picked":"DemoMod:PotionOfGunFriendShip","floor":34}],"player_experience":362636,"relics_obtained":[{"floor":25,"key":"hubris:TinFlute"},{"floor":34,"key":"vexMod:InvisibilityCloak"}],"event_choices":[{"damage_healed":0,"gold_gain":0,"player_choice":"Ignored","damage_taken":0,"max_hp_gain":0,"max_hp_loss":0,"event_name":"Transmorgrifier","floor":2,"gold_loss":0},{"cards_removed":["DemoMod:Strike_Huntress"],"damage_healed":0,"gold_gain":0,"player_choice":"Card Removal","damage_taken":0,"max_hp_gain":0,"max_hp_loss":0,"event_name":"The Cleric","floor":5,"gold_loss":50},{"damage_healed":0,"gold_gain":0,"player_choice":"Bought 3 Potions","damage_taken":0,"max_hp_gain":0,"max_hp_loss":0,"event_name":"The Woman in Blue","floor":8,"gold_loss":0},{"damage_healed":0,"gold_gain":0,"player_choice":"Cursed","damage_taken":0,"max_hp_gain":0,"max_hp_loss":0,"event_name":"Wheel of Change","floor":24,"gold_loss":0,"cards_obtained":["Decay"]}],"is_beta":false,"boss_relics":[{"not_picked":["hubris:CrackedHourglass","Empty Cage"],"picked":"conspire:SpecialSausage"}],"items_purged_floors":[7,7,16,16,16,16,16,23,23,23],"is_endless":false,"potions_floor_spawned":[12,22,25,31,32],"killed_by":"DemoMod:ResourcefulRat","ascension_level":0}}