{"host":"mkv3lj8gfkr85ioo","time":1607778994,"event":{"mods":["AchievementEnabler","BaseMod","Colored Map","Minty Spire (QoL Compilation)","SuperFastMode"],"gold_per_floor":[119,119,119,132,207,207,247,271,271,302,302,326,326,344,344,344,344],"floor_reached":16,"playtime":300,"items_purged":[],"score":250,"play_id":"000e4baa-abdd-466f-b821-037a5fc356cb","local_time":"20201212221634","is_ascension_mode":true,"campfire_choices":[{"data":"Bash","floor":6.0,"key":"SMITH"},{"data":"Wild Strike","floor":13,"key":"SMITH"},{"data":"Shrug It Off","floor":15,"key":"SMITH"}],"circlet_count":0,"master_deck":["AscendersBane","Strike_R","Strike_R","Strike_R","Strike_R","Strike_R","Defend_R","Defend_R","Defend_R","Defend_R","Bash+1","Shrug It Off+1","Heavy Blade","Shrug It Off","Wild Strike+1"],"relics":["Burning Blood","NeowsBlessing","Paper Frog","Golden Idol","Omamori","Eternal Feather","Lantern"],"acts_visited":["Exordium"],"potions_floor_usage":[14,16],"damage_taken":[{"damage":0.0,"enemies":"Jaw Worm","floor":1.0,"turns":1.0},{"damage":0.0,"enemies":"2 Louse","floor":4.0,"turns":1.0},{"damage":0.0,"enemies":"Lagavulin","floor":7.0,"turns":1.0},{"damage":10.0,"enemies":"Small Slimes","floor":8.0,"turns":3.0},{"damage":10.0,"enemies":"Gremlin Nob","floor":10.0,"turns":3.0},{"damage":0,"enemies":"2 Fungi Beasts","floor":12,"turns":4},{"damage":0,"enemies":"Exordium Thugs","floor":14,"turns":4},{"damage":63,"enemies":"Hexaghost","floor":16,"turns":10}],"seed_played":"2390857885152607114","potions_obtained":[{"floor":1.0,"key":"Fire Potion"},{"floor":10.0,"key":"ColorlessPotion"},{"floor":12,"key":"Weak Potion"}],"is_trial":false,"path_per_floor":["M","?","?","M","?","R","E","M","T","E","?","M","R","M","R","B"],"character_chosen":"IRONCLAD","items_purchased":[],"campfire_rested":0,"item_purchase_floors":[],"current_hp_per_floor":[74,63,37,43,32,32,38,34,34,30,30,36,45,51,60,0,0],"gold":344,"neow_bonus":"THREE_ENEMY_KILL","is_daily":false,"chose_seed":false,"campfire_upgraded":3,"win_rate":0.0,"timestamp":1607778994,"path_taken":["M","?","?","M","?","R","E","M","T","E","?","M","R","M","R","BOSS"],"items_purchased_type":[],"build_version":"2020-11-30","purchased_purges":0,"victory":false,"max_hp_per_floor":[75,75,75,75,75,75,75,75,75,75,75,75,75,75,75,75,75],"card_choices":[{"not_picked":["Searing Blow","Havoc","Armaments"],"picked":"SKIP","floor":1.0},{"not_picked":["Perfected Strike","Heavy Blade"],"picked":"Shrug It Off","floor":4.0},{"not_picked":["Demon Form","Twin Strike","Cleave"],"picked":"SKIP","floor":7.0},{"not_picked":["Hemokinesis","Wild Strike"],"picked":"Heavy Blade","floor":8.0},{"not_picked":["Clash","Heavy Blade"],"picked":"Shrug It Off","floor":10.0},{"not_picked":["Immolate","Sentinel"],"picked":"Wild Strike","floor":12},{"not_picked":["Shrug It Off","Thunderclap","Wild Strike"],"picked":"SKIP","floor":14}],"player_experience":133233,"relics_obtained":[{"floor":7.0,"key":"Omamori"},{"floor":9.0,"key":"Eternal Feather"},{"floor":10.0,"key":"Lantern"}],"event_choices":[{"damage_healed":0.0,"max_hp_gain":0.0,"max_hp_loss":0.0,"gold_gain":0.0,"event_name":"Scrap Ooze","player_choice":"Success","floor":2.0,"gold_loss":0.0,"damage_taken":11.0,"relics_obtained":["Paper Frog"]},{"damage_healed":0.0,"max_hp_gain":0.0,"max_hp_loss":0.0,"gold_gain":0.0,"event_name":"Golden Idol","player_choice":"Take Damage","floor":3.0,"gold_loss":0.0,"damage_taken":26.0,"relics_obtained":["Golden Idol"]},{"damage_healed":0.0,"max_hp_gain":0.0,"max_hp_loss":0.0,"gold_gain":75.0,"event_name":"World of Goop","player_choice":"Gather Gold","floor":5.0,"gold_loss":0.0,"damage_taken":11.0},{"damage_healed":0.0,"max_hp_gain":0.0,"max_hp_loss":0.0,"gold_gain":0.0,"event_name":"Wheel of Change","player_choice":"Cursed","floor":11.0,"gold_loss":0.0,"damage_taken":0.0,"cards_obtained":["Decay"]}],"is_beta":false,"boss_relics":[],"items_purged_floors":[],"is_endless":false,"potions_floor_spawned":[1,10,12],"killed_by":"Hexaghost","ascension_level":17}}