{"host":"hjw1ay65n7jm40lc","time":1607798438,"event":{"mods":["AchievementEnabler","BaseMod","Colored Map","Colored Powertips","Googly Eyes","Highlight Path","Minty Spire (QoL Compilation)","Quick Restart","Relic Stats"],"gold_per_floor":[115,190,18,32,47,73,73,103,103,114,131,156,156,106,106,209,209,226,325,360,360,343,372,372,66,92,104,132,152,182,194,194,291,291,311,331,106,118,208,239,251,277,315,347,359,21,41,60,60,60,60,60,8,8,8],"floor_reached":54,"playtime":4558,"items_purged":["Strike_B","Strike_B"],"score":940,"play_id":"29ee4c45-9ec4-4627-812e-51747b1f4dbf","local_time":"20201212134038","is_ascension_mode":true,"campfire_choices":[{"data":"Defragment","floor":15.0,"key":"SMITH"},{"data":"Sunder","floor":24.0,"key":"SMITH"},{"floor":32.0,"key":"REST"},{"data":"Strike_B","floor":41.0,"key":"PURGE"},{"floor":49,"key":"RECALL"},{"data":"The Bomb","floor":52,"key":"SMITH"}],"circlet_count":0,"master_deck":["Defend_B","Defend_B","Defend_B","Defend_B","Zap","Dualcast","Undo","Streamline","Melter","Sunder+1","Defragment+1","Creative AI","Glacier","Zap","Hyperbeam","Core Surge","CurseOfTheBell","Force Field+1","The Bomb+1","Streamline+1"],"relics":["Snecko Eye","InkBottle","Mango","TungstenRod","Lantern","Busted Crown","Red Mask","Toy Ornithopter","Membership Card","Juzu Bracelet","Blue Candle","Pear","Calling Bell","Bag of Marbles","Meat on the Bone","Peace Pipe","Toolbox","PreservedInsect","Du-Vu Doll","MawBank","Kunai","HornCleat"],"acts_visited":["Exordium","TheCity","TheBeyond","TheEnding"],"potions_floor_usage":[50],"damage_taken":[{"damage":2.0,"enemies":"2 Louse","floor":1.0,"turns":3.0},{"damage":0.0,"enemies":"Small Slimes","floor":4.0,"turns":3.0},{"damage":0.0,"enemies":"Cultist","floor":5.0,"turns":4.0},{"damage":25.0,"enemies":"3 Sentries","floor":6.0,"turns":8.0},{"damage":13.0,"enemies":"Lagavulin","floor":8.0,"turns":6.0},{"damage":12.0,"enemies":"3 Louse","floor":10.0,"turns":3.0},{"damage":0.0,"enemies":"Looter","floor":11.0,"turns":2.0},{"damage":5.0,"enemies":"Gremlin Nob","floor":12.0,"turns":3.0},{"damage":6.0,"enemies":"Hexaghost","floor":16.0,"turns":10.0},{"damage":5.0,"enemies":"Chosen","floor":18.0,"turns":5.0},{"damage":9.0,"enemies":"Masked Bandits","floor":20.0,"turns":4.0},{"damage":1.0,"enemies":"2 Thieves","floor":22.0,"turns":4.0},{"damage":23.0,"enemies":"Slavers","floor":23.0,"turns":6.0},{"damage":2.0,"enemies":"Snake Plant","floor":27.0,"turns":3.0},{"damage":0.0,"enemies":"Gremlin Leader","floor":28.0,"turns":5.0},{"damage":0.0,"enemies":"Cultist and Chosen","floor":29.0,"turns":4.0},{"damage":19.0,"enemies":"Book of Stabbing","floor":30.0,"turns":5.0},{"damage":0.0,"enemies":"Chosen and Byrds","floor":31.0,"turns":4.0},{"damage":36.0,"enemies":"Automaton","floor":33.0,"turns":9.0},{"damage":18.0,"enemies":"3 Darklings","floor":35.0,"turns":6.0},{"damage":0.0,"enemies":"Orb Walker","floor":36.0,"turns":6.0},{"damage":0.0,"enemies":"Spire Growth","floor":38.0,"turns":3.0},{"damage":0.0,"enemies":"Mind Bloom Boss Battle","floor":39.0,"turns":5.0},{"damage":0.0,"enemies":"Giant Head","floor":40.0,"turns":7.0},{"damage":9.0,"enemies":"Maw","floor":42.0,"turns":9.0},{"damage":5.0,"enemies":"Jaw Worm Horde","floor":44.0,"turns":2.0},{"damage":19,"enemies":"Writhing Mass","floor":47,"turns":6},{"damage":8,"enemies":"3 Darklings","floor":48,"turns":4},{"damage":46,"enemies":"Awakened One","floor":50,"turns":11},{"damage":106,"enemies":"Shield and Spear","floor":54,"turns":5}],"seed_played":"8323268748663866960","potions_obtained":[{"floor":5.0,"key":"Energy Potion"},{"floor":6.0,"key":"SkillPotion"},{"floor":10.0,"key":"Weak Potion"},{"floor":12.0,"key":"ColorlessPotion"},{"floor":16.0,"key":"SpeedPotion"},{"floor":20.0,"key":"EssenceOfSteel"},{"floor":22.0,"key":"SkillPotion"},{"floor":23.0,"key":"Ancient Potion"},{"floor":31.0,"key":"SkillPotion"},{"floor":36.0,"key":"Fire Potion"},{"floor":39.0,"key":"BlessingOfTheForge"},{"floor":40.0,"key":"FearPotion"}],"is_trial":false,"path_per_floor":["M","?","$","M","M","E","?","E","T","M","M","E","?","?","R","B",null,"M","?","?","?","M","E","R","$","T","M","E","M","E","M","R","B",null,"M","M","$","M","?","E","R","M","T","M","?","$","M","M","R","B",null,"R","$","E"],"character_chosen":"DEFECT","items_purchased":["Undo","FocusPotion","SteroidPotion","Membership Card","Hyperbeam","Ancient Potion","Toolbox","PowerPotion","PreservedInsect","The Bomb","Kunai","HornCleat","Strength Potion","SpeedPotion"],"campfire_rested":1,"item_purchase_floors":[3,3,3,25,25,25,37,37,37,46,46,46,53,53],"current_hp_per_floor":[73,62,62,62,62,37,37,38,38,26,26,21,21,21,21,15,89,84,84,75,75,74,51,51,51,51,49,54,54,45,45,74,48,99,81,81,81,81,86,86,86,87,87,82,82,82,63,55,55,26,99,99,99,0,0],"gold":8,"neow_bonus":"BOSS_RELIC","is_daily":false,"chose_seed":false,"campfire_upgraded":3,"win_rate":0.0,"timestamp":1607798438,"path_taken":["M","?","$","M","M","E","?","E","T","?","M","E","?","?","R","BOSS","M","?","?","?","?","E","R","$","T","M","E","M","E","M","R","BOSS","M","M","$","M","?","E","R","M","T","M","?","$","M","M","R","BOSS","R","$","E"],"items_purchased_type":["Card","Potion","Potion","Relic","Card","Potion","Relic","Potion","Relic","Card","Relic","Relic","Potion","Potion"],"build_version":"2020-11-30","purchased_purges":2,"victory":false,"max_hp_per_floor":[75,75,75,75,75,75,75,89,89,89,89,89,89,89,89,89,89,89,89,89,89,89,89,89,89,89,89,89,89,99,99,99,99,99,99,99,99,99,99,99,99,99,99,99,99,99,99,99,99,99,99,99,99,99,99],"relic_stats":{"counters":[30,155],"Blue Candle":[4],"PreservedInsect":193,"Juzu Bracelet":0,"MawBank":72,"Peace Pipe":1,"Busted Crown":42,"Snecko Eye":[258,273,262,242],"Kunai":[2],"obtain_stats":[{"Lantern":12,"Pear":30,"Blue Candle":28,"Mango":8,"PreservedInsect":37,"Juzu Bracelet":26,"MawBank":40,"Calling Bell":34,"Peace Pipe":34,"Du-Vu Doll":39,"Busted Crown":17,"HornCleat":46,"Snecko Eye":0,"Toolbox":37,"Red Mask":20,"Bag of Marbles":34,"Membership Card":25,"Kunai":46,"Cracked Core":0,"InkBottle":6,"TungstenRod":9,"Toy Ornithopter":23,"Meat on the Bone":34},{"Lantern":8,"Pear":17,"Blue Candle":15,"Mango":5,"PreservedInsect":21,"Juzu Bracelet":13,"MawBank":24,"Calling Bell":19,"Peace Pipe":19,"Du-Vu Doll":23,"Busted Crown":9,"HornCleat":26,"Snecko Eye":0,"Toolbox":21,"Red Mask":11,"Bag of Marbles":19,"Membership Card":13,"Kunai":26,"Cracked Core":0,"InkBottle":4,"TungstenRod":5,"Toy Ornithopter":13,"Meat on the Bone":19},{"Lantern":32,"Pear":78,"Blue Candle":69,"Mango":24,"PreservedInsect":103,"Juzu Bracelet":61,"MawBank":118,"Calling Bell":91,"Peace Pipe":91,"Du-Vu Doll":111,"Busted Crown":42,"HornCleat":129,"Snecko Eye":0,"Toolbox":103,"Red Mask":51,"Bag of Marbles":91,"Membership Card":61,"Kunai":129,"Cracked Core":0,"InkBottle":18,"TungstenRod":24,"Toy Ornithopter":61,"Meat on the Bone":91}],"InkBottle":[54],"TungstenRod":50,"Toy Ornithopter":35,"Meat on the Bone":12},"card_choices":[{"not_picked":["Coolheaded","Go for the Eyes","BootSequence"],"picked":"SKIP","floor":1.0},{"not_picked":["Steam Power","Coolheaded","Go for the Eyes"],"picked":"SKIP","floor":4.0},{"not_picked":["Gash","Turbo"],"picked":"Streamline","floor":5.0},{"not_picked":["Redo","White Noise"],"picked":"Melter","floor":6.0},{"not_picked":["Heatsinks","Steam Power","Beam Cell"],"picked":"SKIP","floor":8.0},{"not_picked":["Steam","Hologram","Storm"],"picked":"SKIP","floor":10.0},{"not_picked":["Machine Learning","Melter"],"picked":"Sunder","floor":11.0},{"not_picked":["Compile Driver","Go for the Eyes"],"picked":"Defragment","floor":12.0},{"not_picked":["Machine Learning","Seek"],"picked":"Creative AI","floor":16.0},{"not_picked":["Go for the Eyes"],"picked":"SKIP","floor":18.0},{"not_picked":["Gash"],"picked":"SKIP","floor":22.0},{"not_picked":["Hello World"],"picked":"SKIP","floor":23.0},{"not_picked":["Cold Snap"],"picked":"SKIP","floor":27.0},{"not_picked":["Chill"],"picked":"SKIP","floor":28.0},{"not_picked":["BootSequence"],"picked":"SKIP","floor":29.0},{"not_picked":["Leap"],"picked":"SKIP","floor":30.0},{"not_picked":["Beam Cell"],"picked":"SKIP","floor":31.0},{"not_picked":[],"picked":"Core Surge","floor":33.0},{"not_picked":[],"picked":"Force Field+1","floor":35.0},{"not_picked":["Barrage"],"picked":"SKIP","floor":36.0},{"not_picked":["Chill+1"],"picked":"SKIP","floor":38.0},{"not_picked":["Stack+1"],"picked":"SKIP","floor":40.0},{"not_picked":["Barrage"],"picked":"SKIP","floor":42.0},{"not_picked":["Coolheaded"],"picked":"SKIP","floor":44.0},{"not_picked":["Turbo+1"],"picked":"SKIP","floor":47},{"not_picked":[],"picked":"Streamline+1","floor":48}],"player_experience":162968,"relics_obtained":[{"floor":6.0,"key":"InkBottle"},{"floor":8.0,"key":"Mango"},{"floor":9.0,"key":"TungstenRod"},{"floor":12.0,"key":"Lantern"},{"floor":20.0,"key":"Red Mask"},{"floor":23.0,"key":"Toy Ornithopter"},{"floor":26.0,"key":"Juzu Bracelet"},{"floor":28.0,"key":"Blue Candle"},{"floor":30.0,"key":"Pear"},{"floor":34.0,"key":"Bag of Marbles"},{"floor":34.0,"key":"Meat on the Bone"},{"floor":34.0,"key":"Peace Pipe"},{"floor":39.0,"key":"Du-Vu Doll"},{"floor":40.0,"key":"MawBank"}],"event_choices":[{"damage_healed":0.0,"max_hp_gain":0.0,"max_hp_loss":0.0,"gold_gain":75.0,"event_name":"World of Goop","player_choice":"Gather Gold","floor":2.0,"gold_loss":0.0,"damage_taken":11.0},{"damage_healed":0.0,"max_hp_gain":0.0,"max_hp_loss":0.0,"gold_gain":0.0,"event_name":"Match and Keep!","player_choice":"0 cards matched","floor":7.0,"gold_loss":0.0,"damage_taken":0.0,"cards_obtained":[]},{"damage_healed":0.0,"max_hp_gain":0.0,"max_hp_loss":0.0,"gold_gain":0.0,"event_name":"Shining Light","player_choice":"Ignored","floor":13.0,"gold_loss":0.0,"damage_taken":0.0},{"cards_removed":["Strike_B"],"damage_healed":0.0,"max_hp_gain":0.0,"max_hp_loss":0.0,"gold_gain":0.0,"event_name":"The Cleric","player_choice":"Card Removal","floor":14.0,"gold_loss":50.0,"damage_taken":0.0},{"damage_healed":0.0,"max_hp_gain":0.0,"max_hp_loss":0.0,"gold_gain":99.0,"event_name":"Nest","player_choice":"Stole From Cult","floor":19.0,"gold_loss":0.0,"damage_taken":0.0},{"damage_healed":0.0,"max_hp_gain":0.0,"max_hp_loss":0.0,"gold_gain":0.0,"event_name":"Masked Bandits","player_choice":"Fought Bandits","floor":20.0,"gold_loss":0.0,"damage_taken":0.0},{"damage_healed":0.0,"max_hp_gain":0.0,"max_hp_loss":0.0,"gold_gain":0.0,"event_name":"Match and Keep!","player_choice":"2 cards matched","floor":21.0,"gold_loss":0.0,"damage_taken":0.0,"cards_obtained":["Glacier","Zap"]},{"damage_healed":0.0,"max_hp_gain":0.0,"max_hp_loss":0.0,"gold_gain":0.0,"event_name":"MindBloom","player_choice":"Fight","floor":39.0,"gold_loss":0.0,"damage_taken":0.0},{"damage_healed":0,"gold_gain":0,"player_choice":"Memory 1","damage_taken":0,"max_hp_gain":0,"max_hp_loss":0,"event_name":"SensoryStone","floor":45,"gold_loss":0}],"is_beta":false,"boss_relics":[{"not_picked":["Tiny House","SacredBark"],"picked":"Busted Crown"},{"not_picked":["Runic Dome","Coffee Dripper"],"picked":"Calling Bell"}],"items_purged_floors":[25,37],"is_endless":false,"potions_floor_spawned":[5,6,10,12,16,20,22,23,31,36,39,40],"killed_by":"Shield and Spear","ascension_level":3}}