{"host":"d8hh7rr4yzitjeuj","time":1607796151,"event":{"mods":["2.2 Compatiblity","AchievementEnabler","BaseMod","CapriCore","Colored Map","Colored Powertips","Highlight Path","Keyboard Shortcuts","Minty Spire (QoL Compilation)","Permanent Neow","Quick Restart","StSLib","SuperFastMode"],"gold_per_floor":[114,125,201,28,42,77,127,154,154,172,188,213,241,211,211,285,285,239,34,49,49,49],"floor_reached":21,"playtime":1006,"items_purged":[],"score":423,"play_id":"9df60708-1206-49b2-b380-9e1a58a2dd31","local_time":"20201213030231","is_ascension_mode":true,"campfire_choices":[{"floor":15.0,"key":"REST"}],"circlet_count":0,"master_deck":["AscendersBane","Strike_B","Strike_B","Strike_B","Strike_B","Defend_B","Defend_B","Defend_B","Defend_B","Zap","Dualcast","Doom and Gloom","Conserve Battery","Clothesline","DeusExMachina","Protect","Phantasmal Killer","Evaluate","Fasting2","Blur","Sunder","Establishment","CurseOfTheBell","Thunderclap","Enlightenment"],"relics":["SlaversCollar","PrismaticShard","Smiling Mask","The Courier","White Beast Statue","Centennial Puzzle","Odd Mushroom","Calling Bell","Strawberry","Darkstone Periapt","TungstenRod","Lee\u0027s Waffle"],"acts_visited":["Exordium","TheCity"],"potions_floor_usage":[16,20,21,21],"damage_taken":[{"damage":9.0,"enemies":"Jaw Worm","floor":1.0,"turns":4.0},{"damage":3.0,"enemies":"2 Louse","floor":2.0,"turns":3.0},{"damage":0.0,"enemies":"Cultist","floor":5.0,"turns":4.0},{"damage":3.0,"enemies":"3 Sentries","floor":6.0,"turns":5.0},{"damage":8.0,"enemies":"Lagavulin","floor":8.0,"turns":7.0},{"damage":6.0,"enemies":"Large Slime","floor":10.0,"turns":3.0},{"damage":0.0,"enemies":"Exordium Wildlife","floor":11.0,"turns":3.0},{"damage":11.0,"enemies":"3 Sentries","floor":12.0,"turns":8.0},{"damage":9.0,"enemies":"The Mushroom Lair","floor":13.0,"turns":3.0},{"damage":25,"enemies":"Slime Boss","floor":16,"turns":10},{"damage":29,"enemies":"2 Thieves","floor":18,"turns":5},{"damage":16,"enemies":"Shell Parasite","floor":20,"turns":4},{"damage":76,"enemies":"Cultist and Chosen","floor":21,"turns":7}],"seed_played":"5747064237861193144","potions_obtained":[{"floor":1.0,"key":"ColorlessPotion"},{"floor":2.0,"key":"BlessingOfTheForge"},{"floor":8.0,"key":"AttackPotion"},{"floor":10.0,"key":"ColorlessPotion"},{"floor":11.0,"key":"Weak Potion"},{"floor":13.0,"key":"PowerPotion"},{"floor":16,"key":"Fruit Juice"},{"floor":18,"key":"PowerPotion"},{"floor":20,"key":"Explosive Potion"}],"is_trial":false,"path_per_floor":["M","M","?","$","M","E","?","E","T","M","M","E","?","$","R","B",null,"M","$","M","M"],"character_chosen":"DEFECT","items_purchased":["PrismaticShard","Sunder","Enlightenment","Lee\u0027s Waffle"],"campfire_rested":1,"item_purchase_floors":[4,14,19,19],"current_hp_per_floor":[55,52,52,52,52,49,49,41,41,35,35,24,15,15,36,11,63,34,85,69,0,0],"gold":49,"neow_bonus":"BOSS_RELIC","is_daily":false,"chose_seed":false,"campfire_upgraded":0,"win_rate":0.0,"timestamp":1607796151,"path_taken":["M","M","?","$","M","E","?","E","T","M","?","E","?","?","R","BOSS","M","$","M","M"],"items_purchased_type":["Relic","Card","Card","Relic"],"build_version":"2020-11-30","purchased_purges":0,"victory":false,"max_hp_per_floor":[71,71,71,71,71,71,71,71,71,71,71,71,71,71,71,71,78,78,85,85,90,90],"card_choices":[{"not_picked":["Loop","Coolheaded"],"picked":"Doom and Gloom","floor":1.0},{"not_picked":["Beam Cell","Fusion"],"picked":"Conserve Battery","floor":2.0},{"not_picked":["Bane","Pummel"],"picked":"Clothesline","floor":5.0},{"not_picked":["Poisoned Stab","Flash of Steel"],"picked":"DeusExMachina","floor":6.0},{"not_picked":["Havoc","Steam"],"picked":"Protect","floor":8.0},{"not_picked":["Concentrate","Wireheading"],"picked":"Phantasmal Killer","floor":10.0},{"not_picked":["FlyingSleeves","All Out Attack"],"picked":"Evaluate","floor":11.0},{"not_picked":["Genetic Algorithm","Reflex"],"picked":"Fasting2","floor":12.0},{"not_picked":["PiercingWail","Static Discharge"],"picked":"Blur","floor":13.0},{"not_picked":["Glass Knife","Die Die Die"],"picked":"Establishment","floor":16},{"not_picked":["Warcry","Perseverance"],"picked":"Thunderclap","floor":18},{"not_picked":["Reckless Charge","Cold Snap","Flex"],"picked":"SKIP","floor":20}],"player_experience":1328835,"relics_obtained":[{"floor":6.0,"key":"Smiling Mask"},{"floor":8.0,"key":"The Courier"},{"floor":9.0,"key":"White Beast Statue"},{"floor":12.0,"key":"Centennial Puzzle"},{"floor":13.0,"key":"Odd Mushroom"},{"floor":17,"key":"Strawberry"},{"floor":17,"key":"Darkstone Periapt"},{"floor":17,"key":"TungstenRod"}],"event_choices":[{"damage_healed":0.0,"max_hp_gain":0.0,"max_hp_loss":0.0,"gold_gain":76.0,"event_name":"Golden Wing","player_choice":"Gained Gold","floor":3.0,"gold_loss":0.0,"damage_taken":0.0},{"damage_healed":0.0,"max_hp_gain":0.0,"max_hp_loss":0.0,"gold_gain":50.0,"event_name":"Golden Shrine","player_choice":"Pray","floor":7.0,"gold_loss":0.0,"damage_taken":0.0},{"damage_healed":0.0,"max_hp_gain":0.0,"max_hp_loss":0.0,"gold_gain":0.0,"event_name":"Mushrooms","player_choice":"Fought Mushrooms","floor":13.0,"gold_loss":0.0,"damage_taken":0.0}],"is_beta":false,"boss_relics":[{"not_picked":["Inserter","Tiny House"],"picked":"Calling Bell"}],"items_purged_floors":[],"is_endless":false,"potions_floor_spawned":[1,2,8,10,11,12,13,16,18,20],"killed_by":"Cultist and Chosen","ascension_level":20}}