{"host":"4edbuligkc8x13l4","time":1607770793,"event":{"mods":["BaseMod","Minty Spire (QoL Compilation)","StSLib","SuperFastMode"],"gold_per_floor":[112,122,122,23,98,98,98,98,125,159,37,50,80,107,107,107,107],"floor_reached":16,"playtime":542,"items_purged":["Strike_G"],"score":186,"play_id":"b5c550f9-a249-4030-8863-4c62c20b85b0","local_time":"20201212185953","is_ascension_mode":true,"campfire_choices":[{"data":"Flash of Steel","floor":6,"key":"SMITH"},{"data":"Neutralize","floor":8,"key":"SMITH"},{"floor":15,"key":"REST"}],"circlet_count":0,"master_deck":["AscendersBane","Strike_G","Strike_G","Strike_G","Strike_G","Defend_G","Defend_G","Defend_G","Defend_G","Defend_G","Survivor","Neutralize+1","Flash of Steel+1","Reflex","Prepared","Backflip","Dagger Throw","Accuracy+1","Flying Knee","Escape Plan","Endless Agony","Noxious Fumes+1"],"relics":["Ring of the Snake","Frozen Egg 2","PreservedInsect","Strawberry","Odd Mushroom","MealTicket"],"acts_visited":["Exordium"],"potions_floor_usage":[10],"damage_taken":[{"damage":3,"enemies":"Jaw Worm","floor":1,"turns":4},{"damage":4,"enemies":"Small Slimes","floor":2,"turns":4},{"damage":18,"enemies":"Gremlin Nob","floor":10,"turns":4},{"damage":0,"enemies":"2 Louse","floor":12,"turns":3},{"damage":17,"enemies":"The Mushroom Lair","floor":13,"turns":6},{"damage":12,"enemies":"Lagavulin","floor":14,"turns":6},{"damage":38,"enemies":"Slime Boss","floor":16,"turns":3}],"seed_played":"-1191314698620874027","potions_obtained":[{"floor":2,"key":"Fire Potion"},{"floor":14,"key":"Poison Potion"}],"is_trial":false,"path_per_floor":["M","M","?","$","?","R","T","R","T","E","$","M","?","E","R","B"],"character_chosen":"THE_SILENT","items_purchased":["Backflip","Accuracy+1","Flying Knee"],"campfire_rested":1,"item_purchase_floors":[4,11,11],"current_hp_per_floor":[56,52,52,52,41,41,41,41,41,30,30,30,13,1,22,0,0],"gold":107,"neow_bonus":"RANDOM_COLORLESS","is_daily":false,"chose_seed":false,"campfire_upgraded":2,"win_rate":0.0,"timestamp":1607770793,"path_taken":["M","M","?","$","?","R","?","R","T","E","$","?","?","E","R","BOSS"],"items_purchased_type":["Card","Card","Card"],"build_version":"2020-11-30","purchased_purges":1,"victory":false,"max_hp_per_floor":[66,66,66,66,66,66,66,66,66,73,73,73,73,73,73,73,73],"card_choices":[{"not_picked":["Dramatic Entrance","Trip"],"picked":"Flash of Steel","floor":0},{"not_picked":["Masterful Stab","Bouncing Flask"],"picked":"Reflex","floor":1},{"not_picked":["Deflect","PiercingWail"],"picked":"Prepared","floor":2},{"not_picked":["Underhanded Strike","Well Laid Plans+1"],"picked":"Dagger Throw","floor":10},{"not_picked":["Predator","Backstab"],"picked":"Escape Plan","floor":12},{"not_picked":["Outmaneuver","Flying Knee"],"picked":"Endless Agony","floor":13},{"not_picked":["Poisoned Stab","Flying Knee"],"picked":"Noxious Fumes+1","floor":14}],"player_experience":895247,"relics_obtained":[{"floor":7,"key":"Frozen Egg 2"},{"floor":9,"key":"PreservedInsect"},{"floor":10,"key":"Strawberry"},{"floor":13,"key":"Odd Mushroom"},{"floor":14,"key":"MealTicket"}],"event_choices":[{"damage_healed":0,"gold_gain":0,"player_choice":"Ignored","damage_taken":0,"max_hp_gain":0,"max_hp_loss":0,"event_name":"Shining Light","floor":3,"gold_loss":0},{"damage_healed":0,"gold_gain":75,"player_choice":"Gather Gold","damage_taken":11,"max_hp_gain":0,"max_hp_loss":0,"event_name":"World of Goop","floor":5,"gold_loss":0},{"damage_healed":0,"gold_gain":0,"player_choice":"Fought Mushrooms","damage_taken":0,"max_hp_gain":0,"max_hp_loss":0,"event_name":"Mushrooms","floor":13,"gold_loss":0}],"is_beta":false,"boss_relics":[],"items_purged_floors":[4],"is_endless":false,"potions_floor_spawned":[2,14],"killed_by":"Slime Boss","ascension_level":15}}