{"host":"rylkjufw9dlhr07b","time":1607795033,"event":{"mods":["AchievementEnabler","BaseMod","Better Note","BetterRewards","Hubris","Minty Spire (QoL Compilation)","Quick Restart","Replay The Spire","StSLib"],"gold_per_floor":[116,116,126,28,28,28,64,64,64,77,25,45,88,103,103,196,196,217,232,106,106,121,121,83,104,129,129,143,168,193,193,193,286,286,307,307,307,270,270,270,284,284,284,284,284,318,21,39,39,39],"floor_reached":51,"playtime":2798,"items_purged":["Strike_R","Strike_R"],"score":1630,"play_id":"04f0cfd3-4220-4db2-8e93-ab72efe4028c","local_time":"20201212184353","is_ascension_mode":true,"campfire_choices":[{"data":"Demon Form","floor":6.0,"key":"SMITH"},{"data":"Armaments","floor":15.0,"key":"SMITH"},{"floor":23.0,"key":"REST"},{"data":"Metallicize","floor":27.0,"key":"SMITH"},{"floor":32.0,"key":"DIG"},{"data":"Pot Of Greed","floor":40.0,"key":"SMITH"},{"data":"Pot Of Greed","floor":45.0,"key":"SMITH"},{"floor":49.0,"key":"REST"}],"circlet_count":0,"master_deck":["AscendersBane","Strike_R","Strike_R","Strike_R","Defend_R","Defend_R","Defend_R","Bash","Demon Form+1","Finesse+1","Evolve+1","Crow Ritual+1","Pommel Strike+1","Iron Wave","Iron Wave+1","True Grit+1","Armaments+1","Juggernaut+1","Clash+1","Carnage","Iron Wave","Clash","Juggernaut+1","Iron Wave+1","Replay:Undeath\u0027s Touch","Wild Strike+1","Juggernaut+1","ReplayTheSpireMod:Muscle Training+1","Metallicize+1","Flex","Inflame","Armaments","Pot Of Greed+1","Pot Of Greed+1","Pot Of Greed","Berserk+1","Feel No Pain","Pot Of Greed","Run Through+1","Ghostly Armor+1","Sword Boomerang"],"relics":["Burning Blood","Lee\u0027s Waffle","Incense Burner","Golden Egg","hubris:Spice","Golden Idol","Odd Mushroom","Bottled Lightning","Honey Jar","Strawberry","Grinning Jar","Black Star","hubris:Icosahedron","HornCleat","Potion Belt"],"acts_visited":["Exordium","TheCity","TheBeyond"],"potions_floor_usage":[50,50,50,50],"damage_taken":[{"damage":7.0,"enemies":"Small Slimes","floor":1.0,"turns":4.0},{"damage":0.0,"enemies":"Cultist","floor":3.0,"turns":3.0},{"damage":7.0,"enemies":"The Mushroom Lair","floor":7.0,"turns":5.0},{"damage":0.0,"enemies":"2 Louse","floor":10.0,"turns":4.0},{"damage":0.0,"enemies":"Looter","floor":12.0,"turns":3.0},{"damage":25.0,"enemies":"3 Sentries","floor":13.0,"turns":6.0},{"damage":15.0,"enemies":"Lots of Slimes","floor":14.0,"turns":5.0},{"damage":9.0,"enemies":"Hexaghost","floor":16.0,"turns":6.0},{"damage":19.0,"enemies":"Spheric Guardian","floor":18.0,"turns":4.0},{"damage":16.0,"enemies":"2 Thieves","floor":19.0,"turns":4.0},{"damage":12.0,"enemies":"Centurion and Healer","floor":22.0,"turns":8.0},{"damage":19.0,"enemies":"Snake Plant","floor":25.0,"turns":3.0},{"damage":18.0,"enemies":"3 Cultists","floor":28.0,"turns":5.0},{"damage":1.0,"enemies":"Cultist and Chosen","floor":29.0,"turns":4.0},{"damage":13.0,"enemies":"Shelled Parasite and Fungi","floor":30.0,"turns":5.0},{"damage":0.0,"enemies":"Slavers","floor":31.0,"turns":1.0},{"damage":36.0,"enemies":"Champ","floor":33.0,"turns":8.0},{"damage":13.0,"enemies":"Orb Walker","floor":35.0,"turns":4.0},{"damage":0.0,"enemies":"3 Shapes","floor":38.0,"turns":6.0},{"damage":12.0,"enemies":"Writhing Mass","floor":41.0,"turns":6.0},{"damage":52.0,"enemies":"Giant Head","floor":46.0,"turns":7.0},{"damage":0.0,"enemies":"Spire Growth","floor":48.0,"turns":4.0},{"damage":12,"enemies":"hubris:GrandSnecko","floor":50,"turns":10}],"seed_played":"4615016705997916635","potions_obtained":[{"floor":10.0,"key":"PowerPotion"},{"floor":12.0,"key":"Milkshake"},{"floor":14.0,"key":"Dexterity Potion"},{"floor":16.0,"key":"FearPotion"},{"floor":25.0,"key":"SmokeBomb"},{"floor":28.0,"key":"Elixir"},{"floor":30.0,"key":"FearPotion"},{"floor":33.0,"key":"BlessingOfTheForge"},{"floor":35.0,"key":"SpeedPotion"},{"floor":39.0,"key":"Adrenaline Potion"},{"floor":39.0,"key":"Death Potion"},{"floor":46.0,"key":"HeartOfIron"}],"is_trial":false,"path_per_floor":["M","?","M","$","?","R","?","?","T","M","$","M","E","M","R","B",null,"M","M","$","?","M","R","$","M","T","R","M","M","M","E","R","B",null,"M","?","?","M","?","R","M","?","T","?","R","E","$","M","R","B",null],"character_chosen":"IRONCLAD","items_purchased":["Lee\u0027s Waffle","Demon Form","Golden Egg","Finesse","Evolve","Crow Ritual","Iron Wave","True Grit","Clash","Wild Strike","ReplayTheSpireMod:Muscle Training","Potion Belt","ColorlessPotion"],"campfire_rested":2,"item_purchase_floors":[0,0,0,0,0,0,4,4,11,20,24,47,47],"current_hp_per_floor":[94,94,95,95,72,72,71,71,71,77,77,83,72,63,63,60,92,79,69,69,69,63,93,93,80,87,87,75,80,73,79,79,49,95,88,88,88,94,94,94,88,88,88,88,88,42,42,48,78,72],"gold":39,"neow_bonus":"","is_daily":false,"chose_seed":false,"campfire_upgraded":5,"win_rate":0.0,"timestamp":1607795033,"path_taken":["M","?","?","$","?","R","?","?","T","M","$","M","E","M","R","BOSS","M","M","?","?","M","R","?","M","T","R","?","M","M","E","R","BOSS","M","?","?","M","?","R","?","?","T","?","R","E","$","M","R","BOSS"],"items_purchased_type":["Relic","Card","Relic","Card","Card","Card","Card","Card","Card","Card","Card","Relic","Potion"],"build_version":"2020-11-30","purchased_purges":2,"victory":true,"max_hp_per_floor":[95,95,95,95,95,95,95,95,95,95,95,95,103,103,103,103,103,103,103,103,103,103,103,103,103,110,110,110,110,110,110,110,110,110,110,110,110,110,110,110,110,110,110,110,110,102,102,102,102,102],"card_choices":[{"not_picked":["Replay:Undeath\u0027s Touch","Perfected Strike"],"picked":"Pommel Strike","floor":1.0},{"not_picked":["Burning Pact","ReplayTheSpireMod:Limb From Limb"],"picked":"Iron Wave","floor":3.0},{"not_picked":["Pummel","Headbutt"],"picked":"Armaments","floor":7.0},{"not_picked":["ReplayTheSpireMod:LeadingStrike","Bloodletting"],"picked":"Juggernaut","floor":10.0},{"not_picked":["Replay:Undeath\u0027s Touch","Shrug It Off"],"picked":"Carnage","floor":12.0},{"not_picked":["hubris:ReadiedAction","Entrench"],"picked":"Iron Wave","floor":13.0},{"not_picked":["Cleave","Body Slam"],"picked":"Clash","floor":14.0},{"not_picked":["Demonic Infusion","Impervious"],"picked":"Juggernaut","floor":16.0},{"not_picked":["Pommel Strike","Run Through","hubris:SpiceAddiction"],"picked":"Iron Wave+1","floor":18.0},{"not_picked":["Dropkick","hubris:SpiceAddiction","hubris:SpiceAddiction"],"picked":"Replay:Undeath\u0027s Touch","floor":19.0},{"not_picked":["Iron Wave","Sword Boomerang","Rage"],"picked":"Juggernaut","floor":22.0},{"not_picked":["Dark Embrace","Wild Strike+1","Pommel Strike"],"picked":"Metallicize","floor":25.0},{"not_picked":["Reckless Charge","Evolve","Perfected Strike"],"picked":"Flex","floor":28.0},{"not_picked":["ReplayTheSpireMod:Strike From Hell","Clash+1","Shrug It Off"],"picked":"Inflame","floor":29.0},{"not_picked":["ReplayTheSpireMod:Limb From Limb","Perfected Strike","ReplayTheSpireMod:Strike From Hell"],"picked":"Armaments","floor":30.0},{"not_picked":["hubris:SpiceAddiction","Bludgeon","Demon Form"],"picked":"Berserk","floor":33.0},{"not_picked":["hubris:ReadiedAction","Shrug It Off","Headbutt"],"picked":"Intimidate","floor":35.0},{"not_picked":["Ghostly Armor","hubris:ReadiedAction","ReplayTheSpireMod:Strike From Hell"],"picked":"Feel No Pain","floor":38.0},{"not_picked":["Headbutt","Corruption","Seeing Red+1"],"picked":"Run Through+1","floor":41.0},{"not_picked":["Demonic Infusion","Replay:Undeath\u0027s Touch","Clash"],"picked":"Ghostly Armor+1","floor":46.0},{"not_picked":["Heavy Blade","hubris:SpiceAddiction","hubris:ReadiedAction"],"picked":"Sword Boomerang","floor":48.0}],"player_experience":468552,"relics_obtained":[{"floor":7.0,"key":"Odd Mushroom"},{"floor":9.0,"key":"Bottled Lightning"},{"floor":13.0,"key":"hubris:Spice"},{"floor":26.0,"key":"Strawberry"},{"floor":32.0,"key":"Grinning Jar"},{"floor":43.0,"key":"HornCleat"},{"floor":46.0,"key":"hubris:Spice"}],"event_choices":[{"damage_healed":0.0,"max_hp_gain":0.0,"max_hp_loss":0.0,"gold_gain":0.0,"event_name":"Upgrade Shrine","player_choice":"Upgraded","floor":2.0,"gold_loss":0.0,"damage_taken":0.0,"cards_upgraded":["Pommel Strike"]},{"damage_healed":0.0,"max_hp_gain":0.0,"max_hp_loss":0.0,"gold_gain":0.0,"event_name":"Golden Idol","player_choice":"Take Damage","floor":5.0,"gold_loss":0.0,"damage_taken":23.0,"relics_obtained":["Golden Idol"]},{"damage_healed":0.0,"max_hp_gain":0.0,"max_hp_loss":0.0,"gold_gain":0.0,"event_name":"Mushrooms","player_choice":"Fought Mushrooms","floor":7.0,"gold_loss":0.0,"damage_taken":0.0},{"cards_removed":["Defend_R"],"damage_healed":0.0,"max_hp_gain":0.0,"max_hp_loss":0.0,"gold_gain":0.0,"event_name":"Purifier","player_choice":"Purged","floor":8.0,"gold_loss":0.0,"damage_taken":0.0},{"cards_removed":["Crow Ritual"],"damage_healed":0.0,"max_hp_gain":0.0,"max_hp_loss":0.0,"gold_gain":0.0,"event_name":"betterNote:BetterNote","player_choice":"Give","floor":21.0,"gold_loss":0.0,"damage_taken":0.0,"cards_obtained":["Eruption"]},{"cards_removed":["Intimidate"],"damage_healed":0.0,"max_hp_gain":0.0,"max_hp_loss":0.0,"gold_gain":0.0,"event_name":"Falling","player_choice":"Removed Skill","floor":36.0,"gold_loss":0.0,"damage_taken":0.0},{"damage_healed":0.0,"max_hp_gain":0.0,"max_hp_loss":0.0,"gold_gain":0.0,"event_name":"Lab","player_choice":"Got Potions","floor":39.0,"gold_loss":0.0,"damage_taken":0.0},{"damage_healed":0.0,"max_hp_gain":0.0,"max_hp_loss":0.0,"gold_gain":0.0,"event_name":"Tomb of Lord Red Mask","player_choice":"Ignored","floor":42.0,"gold_loss":0.0,"damage_taken":0.0}],"is_beta":false,"boss_relics":[{"not_picked":["SacredBark","hubris:Spice"],"picked":"Honey Jar"},{"not_picked":["hubris:Spice","hubris:Spice"],"picked":"Black Star"}],"items_purged_floors":[20,47],"is_endless":false,"potions_floor_spawned":[10,12,14,16,25,28,30,33,35,46],"ascension_level":13}}