{"host":"t7mx8yfj1no5p62f","time":1607732477,"event":{"mods":["BaseMod","Colored Map","Colored Powertips","Minty Spire (QoL Compilation)","Relic Stats","StSLib"],"gold_per_floor":[117,136,8,8,18,18,36,61,129,139,139,165,165,199,199,271,271,251,297,297,317,327,327,345,345,371,389,389,418,65,92,92,167,167,184,204,219,244,257,284,284,317,317,343,343,343,354,380,380,380,380,380,380,10,41,41],"floor_reached":57,"playtime":2573,"items_purged":["Strike_R","Strike_R"],"score":3110,"play_id":"6d59cbcd-3b48-49c2-94bb-9add923977c5","local_time":"20201211192117","is_ascension_mode":true,"campfire_choices":[{"data":"Inflame","floor":6.0,"key":"SMITH"},{"data":"Flame Barrier","floor":11.0,"key":"SMITH"},{"data":"Shockwave","floor":15.0,"key":"SMITH"},{"data":"Feel No Pain","floor":23.0,"key":"SMITH"},{"data":"Corruption","floor":25.0,"key":"SMITH"},{"data":"Dark Embrace","floor":32.0,"key":"SMITH"},{"floor":41.0,"key":"RECALL"},{"data":"Sword Boomerang","floor":45,"key":"SMITH"},{"data":"Impervious","floor":49,"key":"SMITH"},{"data":"Reaper","floor":53,"key":"SMITH"}],"circlet_count":0,"master_deck":["AscendersBane","Strike_R+1","Defend_R","Defend_R","Defend_R","Bash","Inflame+1","Sword Boomerang+1","Shrug It Off+1","Flame Barrier+1","Corruption+1","Impervious+1","Sword Boomerang+1","Shockwave+1","Reaper+1","Feel No Pain+1","Body Slam+1","Inflame+1","Spot Weakness+1","Impervious+1","Dark Embrace+1","Exhume","Body Slam+1","Madness+1","Madness+1","Sentinel+1","Dual Wield+1"],"relics":["Burning Blood","FaceOfCleric","Mango","Singing Bowl","Boot","Oddly Smooth Stone","Runic Dome","Happy Flower","Whetstone","Lee\u0027s Waffle","Mercury Hourglass","Cursed Key","Thread and Needle","Nunchaku","Toy Ornithopter","Toxic Egg 2","War Paint","Membership Card","Ice Cream","Bronze Scales"],"acts_visited":["Exordium","TheCity","TheBeyond","TheEnding"],"potions_floor_usage":[56,56],"damage_taken":[{"damage":6.0,"enemies":"Cultist","floor":1.0,"turns":4.0},{"damage":2.0,"enemies":"2 Louse","floor":2.0,"turns":3.0},{"damage":0.0,"enemies":"Jaw Worm","floor":5.0,"turns":3.0},{"damage":10.0,"enemies":"Red Slaver","floor":7.0,"turns":3.0},{"damage":30.0,"enemies":"3 Sentries","floor":8.0,"turns":9.0},{"damage":3.0,"enemies":"Blue Slaver","floor":10.0,"turns":4.0},{"damage":0.0,"enemies":"Lagavulin","floor":12.0,"turns":7.0},{"damage":41.0,"enemies":"Gremlin Nob","floor":14.0,"turns":5.0},{"damage":10.0,"enemies":"The Guardian","floor":16.0,"turns":15.0},{"damage":20.0,"enemies":"2 Thieves","floor":18.0,"turns":4.0},{"damage":19.0,"enemies":"Spheric Guardian","floor":21.0,"turns":5.0},{"damage":19.0,"enemies":"Snake Plant","floor":22.0,"turns":5.0},{"damage":23.0,"enemies":"Centurion and Healer","floor":24.0,"turns":6.0},{"damage":6.0,"enemies":"Snecko","floor":27.0,"turns":5.0},{"damage":36.0,"enemies":"Slavers","floor":29.0,"turns":6.0},{"damage":33.0,"enemies":"Gremlin Leader","floor":31.0,"turns":5.0},{"damage":11.0,"enemies":"Automaton","floor":33.0,"turns":5.0},{"damage":0.0,"enemies":"Orb Walker","floor":35.0,"turns":2.0},{"damage":21.0,"enemies":"3 Shapes","floor":36.0,"turns":4.0},{"damage":0.0,"enemies":"Maw","floor":37.0,"turns":6.0},{"damage":0.0,"enemies":"Mind Bloom Boss Battle","floor":38.0,"turns":5.0},{"damage":25.0,"enemies":"Transient","floor":39.0,"turns":6.0},{"damage":20.0,"enemies":"Reptomancer","floor":40.0,"turns":5.0},{"damage":19,"enemies":"Nemesis","floor":42,"turns":5},{"damage":4,"enemies":"Reptomancer","floor":44,"turns":6},{"damage":26,"enemies":"4 Shapes","floor":47,"turns":4},{"damage":0,"enemies":"Nemesis","floor":48,"turns":5},{"damage":65,"enemies":"Awakened One","floor":50,"turns":8},{"damage":0,"enemies":"Donu and Deca","floor":51,"turns":5},{"damage":46,"enemies":"Shield and Spear","floor":55,"turns":7},{"damage":86,"enemies":"The Heart","floor":56,"turns":7}],"seed_played":"1180561100091861812","potions_obtained":[{"floor":5.0,"key":"Dexterity Potion"},{"floor":8.0,"key":"CultistPotion"},{"floor":35.0,"key":"SteroidPotion"}],"is_trial":false,"path_per_floor":["M","M","$","?","M","R","M","E","T","M","R","E","?","E","R","B",null,"M","T","?","M","M","R","M","R","T","M","?","E","$","E","R","B",null,"M","M","M","?","M","E","R","E","T","E","R","?","M","E","R","B","B",null,"R","$","E","B",null],"character_chosen":"IRONCLAD","items_purchased":["AttackPotion","Dark Embrace","Lee\u0027s Waffle","Membership Card","Ice Cream","DuplicationPotion"],"campfire_rested":0,"item_purchase_floors":[3,30,30,54,54,54],"current_hp_per_floor":[68,68,68,68,69,69,66,57,57,63,63,70,70,36,36,33,77,76,76,49,45,40,40,44,44,44,60,103,77,111,107,107,115,115,118,106,124,127,120,131,131,127,127,132,132,107,130,141,141,98,132,140,140,140,143,98],"gold":41,"neow_bonus":"TRANSFORM_TWO_CARDS","is_daily":false,"chose_seed":false,"campfire_upgraded":9,"win_rate":0.0,"timestamp":1607732477,"path_taken":["M","M","?","?","?","R","M","E","T","M","R","E","?","E","R","BOSS","M","?","?","M","M","R","M","R","T","M","?","E","$","E","R","BOSS","M","M","?","?","M","E","R","E","T","E","R","?","M","E","R","BOSS","BOSS","R","$","E","BOSS"],"items_purchased_type":["Potion","Card","Relic","Relic","Relic","Potion"],"build_version":"2020-11-30","purchased_purges":2,"victory":true,"max_hp_per_floor":[68,68,68,68,69,69,70,85,85,88,88,89,89,90,90,91,91,92,92,97,100,101,101,102,102,102,103,103,104,111,114,114,115,115,118,121,124,127,128,131,131,134,134,137,137,137,140,141,141,142,143,143,143,143,144,145],"relic_stats":{"Lee\u0027s Waffle":34,"Singing Bowl":22,"Happy Flower":[37],"counters":[31,169],"Whetstone":["Sword Boomerang","Strike_R"],"War Paint":["Shrug It Off","Impervious"],"Boot":[116],"Cursed Key":0,"Burning Blood":144,"Mercury Hourglass":[379],"Nunchaku":[8],"FaceOfCleric":29,"Bronze Scales":[96],"obtain_stats":[{"Ice Cream":54,"Lee\u0027s Waffle":30,"Singing Bowl":9,"Happy Flower":19,"Oddly Smooth Stone":14,"Mango":8,"Thread and Needle":38,"Whetstone":29,"War Paint":48,"Boot":12,"Cursed Key":34,"Burning Blood":0,"Mercury Hourglass":31,"Runic Dome":17,"Nunchaku":40,"FaceOfCleric":4,"Bronze Scales":55,"Membership Card":54,"Toxic Egg 2":44,"Toy Ornithopter":42},{"Ice Cream":29,"Lee\u0027s Waffle":15,"Singing Bowl":5,"Happy Flower":10,"Oddly Smooth Stone":8,"Mango":5,"Thread and Needle":21,"Whetstone":15,"War Paint":27,"Boot":7,"Cursed Key":17,"Burning Blood":0,"Mercury Hourglass":16,"Runic Dome":9,"Nunchaku":23,"FaceOfCleric":2,"Bronze Scales":30,"Membership Card":29,"Toxic Egg 2":25,"Toy Ornithopter":24},{"Ice Cream":155,"Lee\u0027s Waffle":84,"Singing Bowl":22,"Happy Flower":57,"Oddly Smooth Stone":38,"Mango":22,"Thread and Needle":111,"Whetstone":84,"War Paint":142,"Boot":33,"Cursed Key":94,"Burning Blood":0,"Mercury Hourglass":89,"Runic Dome":53,"Nunchaku":122,"FaceOfCleric":7,"Bronze Scales":162,"Membership Card":155,"Toxic Egg 2":133,"Toy Ornithopter":127}],"Toy Ornithopter":6},"card_choices":[{"not_picked":["Heavy Blade","Clash"],"picked":"Sword Boomerang","floor":1.0},{"not_picked":["Warcry","Evolve"],"picked":"Shrug It Off","floor":2.0},{"not_picked":["Anger","Cleave"],"picked":"Flame Barrier","floor":5.0},{"not_picked":["Reckless Charge","Feel No Pain"],"picked":"Corruption","floor":7.0},{"not_picked":["Anger","Rage"],"picked":"Impervious","floor":8.0},{"not_picked":["Ghostly Armor","Infernal Blade","Warcry"],"picked":"Singing Bowl","floor":10.0},{"not_picked":["Shrug It Off","Entrench"],"picked":"Sword Boomerang","floor":12.0},{"not_picked":["Pommel Strike","Dark Embrace"],"picked":"Shockwave","floor":14.0},{"not_picked":["Demon Form","Corruption"],"picked":"Reaper","floor":16.0},{"not_picked":["Flex","Body Slam"],"picked":"Feel No Pain","floor":18.0},{"not_picked":["Rampage","Havoc","Twin Strike"],"picked":"Singing Bowl","floor":21.0},{"not_picked":["Evolve","Heavy Blade"],"picked":"Body Slam+1","floor":22.0},{"not_picked":["Sever Soul","Iron Wave"],"picked":"Inflame+1","floor":24.0},{"not_picked":["Headbutt+1","Anger"],"picked":"Spot Weakness+1","floor":27.0},{"not_picked":["Cleave","Infernal Blade"],"picked":"Impervious","floor":29.0},{"not_picked":["Flex","Armaments","Warcry"],"picked":"Singing Bowl","floor":31.0},{"not_picked":["Double Tap","Bludgeon"],"picked":"Exhume","floor":33.0},{"not_picked":["Fire Breathing+1","Body Slam","Clothesline+1"],"picked":"Singing Bowl","floor":35.0},{"not_picked":["Pummel","Thunderclap+1","Hemokinesis+1"],"picked":"Singing Bowl","floor":36.0},{"not_picked":["Flex","Clothesline","Rupture"],"picked":"Singing Bowl","floor":37.0},{"not_picked":["Headbutt+1","Warcry","Havoc"],"picked":"Singing Bowl","floor":38.0},{"not_picked":["Anger","Armaments+1"],"picked":"Body Slam+1","floor":39.0},{"not_picked":["Demon Form","Body Slam","Thunderclap"],"picked":"Singing Bowl","floor":40.0},{"not_picked":["Second Wind","Clash+1","Wild Strike"],"picked":"Singing Bowl","floor":42},{"not_picked":["Havoc+1","Body Slam","Infernal Blade+1"],"picked":"Singing Bowl","floor":44},{"not_picked":["Havoc+1","Inflame","Body Slam+1"],"picked":"Singing Bowl","floor":47},{"not_picked":["Evolve","Pommel Strike"],"picked":"Sentinel+1","floor":48},{"not_picked":["Infernal Blade+1","Shockwave+1"],"picked":"Dual Wield+1","floor":55}],"player_experience":1531368,"relics_obtained":[{"floor":8.0,"key":"Mango"},{"floor":9.0,"key":"Singing Bowl"},{"floor":12.0,"key":"Boot"},{"floor":14.0,"key":"Oddly Smooth Stone"},{"floor":19.0,"key":"Happy Flower"},{"floor":29.0,"key":"Whetstone"},{"floor":31.0,"key":"Mercury Hourglass"},{"floor":38.0,"key":"Thread and Needle"},{"floor":40.0,"key":"Nunchaku"},{"floor":42,"key":"Toy Ornithopter"},{"floor":44,"key":"Toxic Egg 2"},{"floor":48,"key":"War Paint"},{"floor":55,"key":"Bronze Scales"}],"event_choices":[{"damage_healed":0.0,"max_hp_gain":0.0,"max_hp_loss":0.0,"gold_gain":0.0,"event_name":"FaceTrader","player_choice":"Trade","floor":4.0,"gold_loss":0.0,"damage_taken":0.0,"relics_obtained":["FaceOfCleric"]},{"cards_removed":["Defend_R"],"damage_healed":0.0,"max_hp_gain":0.0,"max_hp_loss":0.0,"gold_gain":0.0,"event_name":"Purifier","player_choice":"Purged","floor":13.0,"gold_loss":0.0,"damage_taken":0.0},{"damage_healed":0.0,"max_hp_gain":5.0,"max_hp_loss":0.0,"gold_gain":0.0,"event_name":"Forgotten Altar","player_choice":"Shed Blood","floor":20.0,"gold_loss":0.0,"damage_taken":32.0},{"cards_removed":["Seeing Red"],"damage_healed":43.0,"max_hp_gain":0.0,"max_hp_loss":0.0,"gold_gain":0.0,"event_name":"Bonfire Elementals","player_choice":"Offered Uncommon","floor":28.0,"gold_loss":0.0,"damage_taken":0.0},{"damage_healed":0.0,"max_hp_gain":0.0,"max_hp_loss":0.0,"gold_gain":0.0,"event_name":"MindBloom","player_choice":"Fight","floor":38.0,"gold_loss":0.0,"damage_taken":0.0},{"damage_healed":0,"gold_gain":0,"player_choice":"Embrace Madness","damage_taken":25,"max_hp_gain":0,"max_hp_loss":0,"event_name":"Winding Halls","floor":46,"gold_loss":0,"cards_obtained":["Madness","Madness"]}],"is_beta":false,"boss_relics":[{"not_picked":["Empty Cage","Calling Bell"],"picked":"Runic Dome"},{"not_picked":["SacredBark","Sozu"],"picked":"Cursed Key"}],"items_purged_floors":[3,30],"is_endless":false,"potions_floor_spawned":[5,8,10,18,22,24,29,35,37,40,44,47,55],"ascension_level":20}}