{"host":"ebguxldc2ucorva7","time":1607802576,"event":{"mods":["AchievementEnabler","BaseMod","Best Route Mod","Bestiary","Better Note","Better Third Choice","Better-Laid Plans","Colored Map","Colored Powertips","Energized Spire","Minty Spire (QoL Compilation)","Permanent Neow","Quick Restart","Rare Cards Sparkle","Relic Stats","Replay The Spire","Shop Mod","StSLib","Synergy Search"],"gold_per_floor":[112,112,112,128,128,166,166,182,209,209,209,209,233,256,256,386,386,411,510,534,474,474,474,474],"floor_reached":23,"playtime":703,"items_purged":[],"score":198,"play_id":"c069db5c-6cd1-41f4-8370-7c9a5cf5878e","local_time":"20201212124936","is_ascension_mode":true,"campfire_choices":[{"data":"Storm","floor":7.0,"key":"SMITH"},{"data":"Dualcast","floor":12.0,"key":"SMITH"},{"data":"Self Repair","floor":15.0,"key":"SMITH"}],"circlet_count":0,"master_deck":["Strike_B","Strike_B","Strike_B","Strike_B","Defend_B","Defend_B","Defend_B","Defend_B","Zap+1","Dualcast+1","Crystallizer+1","Injury","Blizzard+1","Storm+1","Self Repair+1","Aggregate","BootSequence","ReplayRNGCard","Clumsy","Machine Learning","Loop","Spreading Infection","Voices"],"relics":["Cracked Core","Golden Idol","DataDisk","Gremlin Food","Pocketwatch","Replay:Ancient Bell","Dream Catcher","Gremlin Horn","Replay:Arrowhead"],"acts_visited":["Exordium","TheCity"],"potions_floor_usage":[],"damage_taken":[{"damage":1.0,"enemies":"Cultist","floor":1.0,"turns":3.0},{"damage":2.0,"enemies":"2 Louse","floor":4.0,"turns":2.0},{"damage":19.0,"enemies":"Gremlin Nob","floor":6.0,"turns":4.0},{"damage":8.0,"enemies":"Jaw Worm","floor":8.0,"turns":3.0},{"damage":9.0,"enemies":"Gremlin Gang","floor":13.0,"turns":5.0},{"damage":5.0,"enemies":"Looter","floor":14.0,"turns":2.0},{"damage":48.0,"enemies":"The Guardian","floor":16.0,"turns":10.0},{"damage":33,"enemies":"Spheric Guardian","floor":18,"turns":6},{"damage":27,"enemies":"3 Byrds","floor":20,"turns":5},{"damage":30,"enemies":"Gremlin Leader","floor":23,"turns":5}],"seed_played":"1339666533114677630","potions_obtained":[{"floor":6.0,"key":"Venom Potion"},{"floor":13.0,"key":"PotionOfCapacity"},{"floor":16.0,"key":"Adrenaline Potion"},{"floor":18,"key":"Ancient Potion"},{"floor":20,"key":"PowerPotion"}],"is_trial":false,"path_per_floor":["M","?","?","M","?","E","R","M","T","?","T","R","M","M","R","B",null,"M","?","M","?","?","E"],"character_chosen":"DEFECT","items_purchased":[],"campfire_rested":0,"item_purchase_floors":[],"current_hp_per_floor":[74,74,74,72,72,53,53,45,45,70,70,70,68,70,70,32,75,52,52,35,35,35,5,5],"gold":474,"neow_bonus":"UPGRADE_CARD","is_daily":false,"chose_seed":false,"campfire_upgraded":3,"win_rate":0.0,"timestamp":1607802576,"path_taken":["M","?","?","M","?","E","R","?","T","?","?","R","M","M","R","BOSS","M","?","M","?","?","E"],"items_purchased_type":[],"build_version":"2020-11-30","purchased_purges":0,"victory":false,"max_hp_per_floor":[75,75,75,75,75,75,75,75,75,75,75,75,75,75,75,75,75,75,75,75,75,72,72,72],"relic_stats":{"Dream Catcher":0,"Gremlin Horn":[4,4],"counters":[3,16],"Golden Idol":10,"obtain_stats":[{"Gremlin Food":0,"DataDisk":0,"Dream Catcher":17,"Gremlin Horn":17,"Golden Idol":0,"Replay:Ancient Bell":17,"Cracked Core":0,"Replay:Arrowhead":17,"Pocketwatch":0},{"Gremlin Food":0,"DataDisk":0,"Dream Catcher":0,"Gremlin Horn":0,"Golden Idol":0,"Replay:Ancient Bell":0,"Cracked Core":0,"Replay:Arrowhead":0,"Pocketwatch":0},{"Gremlin Food":0,"DataDisk":0,"Dream Catcher":0,"Gremlin Horn":0,"Golden Idol":0,"Replay:Ancient Bell":0,"Cracked Core":0,"Replay:Arrowhead":0,"Pocketwatch":0}],"Pocketwatch":[12]},"card_choices":[{"not_picked":["Stack","Turbo"],"picked":"Crystallizer","floor":1.0},{"not_picked":["Consume","Steam"],"picked":"Blizzard","floor":4.0},{"not_picked":["Go for the Eyes","FIFO Queue"],"picked":"Storm","floor":6.0},{"not_picked":["Darkness","Gash"],"picked":"Self Repair","floor":8.0},{"not_picked":["Go for the Eyes","Ball Lightning"],"picked":"Aggregate","floor":13.0},{"not_picked":["Rip and Tear","Sweeping Beam"],"picked":"BootSequence","floor":14.0},{"not_picked":["Multi-Cast","ReplayTheSpireMod:Omega Cannon"],"picked":"ReplayRNGCard","floor":16.0},{"not_picked":["Overencumbered","ReplayTheSpireMod:Splinters"],"picked":"Clumsy","floor":17},{"not_picked":["ReplayTheSpireMod:Faulty Equipment","Delirium"],"picked":"Injury","floor":17},{"not_picked":["ReplayTheSpireMod:Doomed","Languid"],"picked":"Parasite","floor":17},{"not_picked":["Hologram+1","Ball Lightning"],"picked":"Machine Learning","floor":18},{"not_picked":["Cold Snap","Sweeping Beam"],"picked":"Loop","floor":20}],"player_experience":96576,"relics_obtained":[{"floor":6.0,"key":"DataDisk"},{"floor":9.0,"key":"Gremlin Food"},{"floor":11.0,"key":"Pocketwatch"}],"event_choices":[{"damage_healed":0.0,"max_hp_gain":0.0,"max_hp_loss":0.0,"gold_gain":0.0,"event_name":"Living Wall","player_choice":"Grow","floor":2.0,"gold_loss":0.0,"damage_taken":0.0,"cards_upgraded":["Crystallizer"]},{"damage_healed":0.0,"max_hp_gain":0.0,"max_hp_loss":0.0,"gold_gain":0.0,"event_name":"Golden Idol","player_choice":"Take Wound","floor":3.0,"gold_loss":0.0,"damage_taken":0.0,"relics_obtained":["Golden Idol"],"cards_obtained":["Injury"]},{"damage_healed":0.0,"max_hp_gain":0.0,"max_hp_loss":0.0,"gold_gain":0.0,"event_name":"Accursed Blacksmith","player_choice":"Forge","floor":5.0,"gold_loss":0.0,"damage_taken":0.0,"cards_upgraded":["Blizzard"]},{"damage_healed":25.0,"max_hp_gain":0.0,"max_hp_loss":0.0,"gold_gain":0.0,"event_name":"Big Fish","player_choice":"Banana","floor":10.0,"gold_loss":0.0,"damage_taken":0.0},{"damage_healed":0,"gold_gain":99,"player_choice":"Steal","damage_taken":0,"max_hp_gain":0,"max_hp_loss":0,"event_name":"betterThird:BetterNest","floor":19,"gold_loss":0},{"damage_healed":0,"gold_gain":0,"cards_transformed":["Parasite","Injury"],"player_choice":"Became Test Subject","damage_taken":0,"max_hp_gain":0,"max_hp_loss":0,"event_name":"Drug Dealer","floor":22,"gold_loss":0,"cards_obtained":["Spreading Infection","Voices"]}],"is_beta":false,"boss_relics":[{"not_picked":["Kintsugi","energizedSpire:StickyHand"],"picked":"Replay:Ancient Bell"},{"not_picked":["Orichalcum","Smiling Mask"],"picked":"Dream Catcher"},{"not_picked":["Replay:Bottled Snecko","Sundial"],"picked":"Gremlin Horn"},{"not_picked":["WingedGreaves","Replay:Kaleidoscope"],"picked":"Replay:Arrowhead"}],"items_purged_floors":[],"is_endless":false,"potions_floor_spawned":[6,13,16,18,20],"killed_by":"Gremlin Leader","ascension_level":1}}