{"host":"eifhv3c48fffly2w","time":1607780077,"event":{"mods":["2.2 Compatiblity","Aspiration","BaseMod","Conspire","Downfall","Halation","Hermit","Hubris","Infinite Spire","Minty Spire (QoL Compilation)","Replay The Spire","StSLib","The Cursed"],"gold_per_floor":[118,118,163,163,163,163,191,191,218,218,243,243,262,262,262,363,363,383,383,383,383,52,384,402,402,483,483,5,17,67,100,150,246,246,264,264,116,131,11,11,26,59,86,86,154,166,178,202,214,373,385,407,427,514,33,33,33,55,65,65,65,69,69,69,80,80,163,163,164,164,164,176,116,141,141,162,333,339,351,360,415,429,501,572,722,721,779,805,818,821,840,840,840,911,469,469,471,175,200,250,329,329,379,379],"floor_reached":103,"playtime":5928,"items_purged":["Voices"],"score":3085,"play_id":"6a6cf5df-8bfa-4490-86ec-0e84546b12d8","local_time":"20201212143437","is_ascension_mode":true,"campfire_choices":[{"floor":6.0,"key":"REST"},{"data":"TheCursedMod:Stigma","floor":10.0,"key":"SMITH"},{"data":"TheCursedMod:SaltUponWound","floor":12.0,"key":"SMITH"},{"data":"TheCursedMod:RavingStaff","floor":15.0,"key":"SMITH"},{"floor":27.0,"key":"REST"},{"floor":30.0,"key":"REST"},{"floor":32.0,"key":"REST"},{"data":"TheCursedMod:NeowsMight","floor":40.0,"key":"SMITH"},{"floor":44.0,"key":"REST"},{"data":"TheCursedMod:SoulReap","floor":47.0,"key":"SMITH"},{"data":"TheCursedMod:NeowsMight","floor":57.0,"key":"SMITH"},{"data":"TheCursedMod:DarkBarrier","floor":61.0,"key":"SMITH"},{"data":"TheCursedMod:DarkBarrier","floor":66.0,"key":"SMITH"},{"data":"TheCursedMod:CursedArmor","floor":75.0,"key":"SMITH"},{"data":"hubris:NaturalOne","floor":100,"key":"SMITH"}],"circlet_count":0,"master_deck":["TheCursedMod:Strike_TheCursed+1","TheCursedMod:Strike_TheCursed+1","TheCursedMod:Strike_TheCursed+1","TheCursedMod:Strike_TheCursed+1","TheCursedMod:Defend_TheCursed+1","TheCursedMod:Defend_TheCursed+1","TheCursedMod:Defend_TheCursed+1","TheCursedMod:Defend_TheCursed+1","TheCursedMod:CursedWand+1","TheCursedMod:CleanUpWorkshop+1","TheCursedMod:Dregs","TheCursedMod:SaltUponWound+1","TheCursedMod:RavingStaff+1","TheCursedMod:Stigma+1","TheCursedMod:Mangle","TheCursedMod:SoulCrush","TheCursedMod:DarkBarrier+1","TheCursedMod:CursedBlade+1","TheCursedMod:HellfireBreathing","TheCursedMod:CursedArmor+1","TheCursedMod:CircleOfWindfury","hubris:Wrath","TheCursedMod:NeowsMight+1","TheCursedMod:SpitefulPray","TheCursedMod:ForbiddenAlchemy","TheCursedMod:DarkBarrier+1","TheCursedMod:Mangle+1","TheCursedMod:HellfireBreathing","TheCursedMod:SoulReap+1","TheCursedMod:SurpriseAttack+1","TheCursedMod:CircleOfCorruption","TheCursedMod:SpreadPlague+1","TheCursedMod:Hemoplague+1","TheCursedMod:NeowsMight+1","TheCursedMod:CursedBlade","TheCursedMod:CursedArmor+1","TheCursedMod:DemonSword","TheCursedMod:SurpriseAttack","TheCursedMod:NeowsMight","TheCursedMod:ForbiddenAlchemy","infinitespire:Menacing","infinitespire:Menacing","TheCursedMod:Stigma+1","infinitespire:DeathsTouch","TheCursedMod:NeowsMight","TheCursedMod:CursedRelics"],"relics":["TheCursedMod:BlackMagic101","NeowsBlessing","Happy Flower","aspiration:Lifesprig","hubris:Icosahedron","halation:PinkSoulGem","Bag of Preparation","hubris:Towel","Nunchaku","infinitespire:Satchel","halation:Prosthetics","halation:TrafficLight","hubris:64BitClover","Old Coin","infinitespire:Eraser","The Courier","halation:PeacePiece","hubris:TenFootPole","hubris:MobiusCoin","aspiration:Stabinomicon","hubris:Stopwatch","infinitespire:WardingShard","Bronze Scales","Bottled Lightning","Replay:Baseball","MawBank","infinitespire:Bottled Soul","hubris:ScarierMask","aspiration:SeaSaltIceCream","halation:Jellyphish","Lizard Tail","Pear","Torii","hubris:CrystalStatue","FossilizedHelix","Darkstone Periapt","aspiration:PoetsPen_weak","Ring of Peace","ReplayTheSpireMod:Ring of Addiction","Potion Belt","Chameleon Ring","Strawberry","TheCursedMod:MagicCandle","Shuriken","halation:QuantumPhysicsTextbook","Oddly Smooth Stone","Tiny House","Du-Vu Doll","Ice Cream","PreservedInsect","halation:SelfBoilingWater","Anchor","halation:PapillonHeart","FossilizedHelix","Onion Ring","Chemical X","halation:PrussianBluePaint","Mercury Hourglass","TheCursedMod:CrystalBall","Tiny Chest","hubris:Reverence"],"acts_visited":["Exordium","TheCity","TheBeyond","Exordium","TheCity","TheBeyond","Exordium"],"potions_floor_usage":[90,101,101,101],"damage_taken":[{"damage":0.0,"enemies":"Small Slimes","floor":1.0,"turns":1.0},{"damage":0.0,"enemies":"3 Sentries","floor":7.0,"turns":2.0},{"damage":0.0,"enemies":"Gremlin Nob","floor":11.0,"turns":1.0},{"damage":3.0,"enemies":"conspire:RoseBush","floor":13.0,"turns":2.0},{"damage":28.0,"enemies":"Fading Forest","floor":16.0,"turns":11.0},{"damage":15.0,"enemies":"Chosen","floor":18.0,"turns":5.0},{"damage":21.0,"enemies":"Slavers","floor":23.0,"turns":3.0},{"damage":15.0,"enemies":"conspire:FuzzyDice","floor":24.0,"turns":3.0},{"damage":0.0,"enemies":"3 Cultists","floor":29.0,"turns":4.0},{"damage":0.0,"enemies":"Book of Stabbing","floor":31.0,"turns":2.0},{"damage":0.0,"enemies":"Collector","floor":33.0,"turns":2.0},{"damage":3.0,"enemies":"Orb Walker","floor":35.0,"turns":2.0},{"damage":0.0,"enemies":"3 Shapes","floor":38.0,"turns":2.0},{"damage":28.0,"enemies":"3 Darklings","floor":41.0,"turns":7.0},{"damage":15.0,"enemies":"Nightmare","floor":42.0,"turns":3.0},{"damage":6.0,"enemies":"Writhing Mass","floor":45.0,"turns":2.0},{"damage":0.0,"enemies":"Sphere and 2 Shapes","floor":48.0,"turns":1.0},{"damage":21.0,"enemies":"Donu and Deca","floor":50.0,"turns":5.0},{"damage":0.0,"enemies":"Jaw Worm","floor":52.0,"turns":1.0},{"damage":0.0,"enemies":"infinitespire:Voidling","floor":53.0,"turns":2.0},{"damage":0.0,"enemies":"Gremlin Nob","floor":58.0,"turns":1.0},{"damage":0.0,"enemies":"Cultist","floor":59.0,"turns":1.0},{"damage":0.0,"enemies":"Large Slime","floor":62.0,"turns":2.0},{"damage":0.0,"enemies":"Exordium Thugs","floor":65.0,"turns":1.0},{"damage":0.0,"enemies":"Hexaghost","floor":67.0,"turns":4.0},{"damage":0.0,"enemies":"Chosen","floor":69.0,"turns":1.0},{"damage":0.0,"enemies":"Shell Parasite","floor":72.0,"turns":1.0},{"damage":0.0,"enemies":"Slavers","floor":74.0,"turns":1.0},{"damage":0.0,"enemies":"Gremlin Leader","floor":76.0,"turns":1.0},{"damage":0.0,"enemies":"Centurion and Healer","floor":78.0,"turns":1.0},{"damage":0.0,"enemies":"Shelled Parasite and Fungi","floor":79.0,"turns":1.0},{"damage":0.0,"enemies":"Cultist and Chosen","floor":80.0,"turns":1.0},{"damage":0.0,"enemies":"Centurion and Healer","floor":81.0,"turns":1.0},{"damage":0.0,"enemies":"Book of Stabbing","floor":82.0,"turns":1.0},{"damage":0.0,"enemies":"Champ","floor":84.0,"turns":4.0},{"damage":0.0,"enemies":"3 Darklings","floor":86.0,"turns":1.0},{"damage":0.0,"enemies":"infinitespire:Three Voidlings","floor":87.0,"turns":1.0},{"damage":4.0,"enemies":"Nightmare_Alpha","floor":87.0,"turns":7.0},{"damage":0,"enemies":"conspire:MimicChest","floor":89,"turns":2},{"damage":0,"enemies":"Orb Walker","floor":90,"turns":1},{"damage":0,"enemies":"Nightmare","floor":91,"turns":1},{"damage":0,"enemies":"4 Shapes","floor":97,"turns":1},{"damage":0,"enemies":"Reptomancer","floor":99,"turns":1},{"damage":14,"enemies":"infinitespire:MassOfShapes","floor":101,"turns":1},{"damage":0,"enemies":"Cultist","floor":103,"turns":1}],"seed_played":"1806756491151817782","potions_obtained":[{"floor":1.0,"key":"BlessingOfTheForge"},{"floor":3.0,"key":"ColorlessPotion"},{"floor":11.0,"key":"AttackPotion"},{"floor":23.0,"key":"Block Potion"},{"floor":24.0,"key":"sneckomod:MuddlingPotion"},{"floor":31.0,"key":"LifebloodPotion"},{"floor":35.0,"key":"Elixir"},{"floor":42.0,"key":"Elixir"},{"floor":48.0,"key":"Languid Potion"},{"floor":49.0,"key":"AttackPotion"},{"floor":49.0,"key":"Ancient Potion"},{"floor":53.0,"key":"BlessingOfTheForge"},{"floor":59.0,"key":"Explosive Potion"},{"floor":71.0,"key":"Fire Potion"},{"floor":71.0,"key":"Dexterity Potion"},{"floor":72.0,"key":"Regen Potion"},{"floor":76.0,"key":"sneckomod:MuddlingPotion"},{"floor":78.0,"key":"Guardian:BlockOnCardUsePotion"},{"floor":84.0,"key":"LiquidBronze"},{"floor":85.0,"key":"DuplicationPotion"},{"floor":90,"key":"Swift Potion"}],"is_trial":false,"path_per_floor":["M","?","?","?","?","R","E","?","T","R","E","R","M","$","R","B",null,"M","?","AVR","?","$","E","M","?","T","R","$","M","R","E","R","B",null,"M","?","$","M","$","R","M","NM","T","R","M","T","R","M","R","B",null,"M","M","?","$","?","R","E","M","T","R","M","T","AVR","M","R","B",null,"M","?","?","M","$","E","R","E","T","M","M","M","M","E","R","B",null,"M","?","T","?","M","NM","?","AVR","T","$","?","M","$","E","R","B",null,"M"],"character_chosen":"THE_CURSED","items_purchased":["TheCursedMod:HellfireBreathing","hubris:64BitClover","halation:PeacePiece","hubris:TenFootPole","hubris:MobiusCoin","TheCursedMod:NeowsMight","infinitespire:WardingShard","Bronze Scales","aspiration:SeaSaltIceCream","TheCursedMod:CursedArmor","Lizard Tail","Chemical X","halation:PrussianBluePaint","Mercury Hourglass","TheCursedMod:CrystalBall","TheCursedMod:CursedRelics"],"campfire_rested":5,"item_purchase_floors":[22,22,28,28,28,28,37,39,55,55,55,95,95,95,98,98],"current_hp_per_floor":[75,75,45,45,45,67,67,67,67,67,67,67,64,64,64,51,40,25,38,38,38,38,17,2,2,2,14,14,14,26,26,38,38,40,37,37,37,37,37,37,12,18,18,30,34,34,34,40,40,19,35,35,35,35,35,35,35,45,45,45,45,45,45,45,45,45,45,49,49,49,55,55,55,62,61,61,61,61,69,69,69,69,69,69,74,74,74,74,74,74,74,70,70,68,68,68,66,66,66,64,64,64,64,64],"gold":379,"neow_bonus":"THREE_ENEMY_KILL","is_daily":false,"chose_seed":false,"campfire_upgraded":10,"win_rate":0.0,"timestamp":1607780077,"path_taken":["M","?","?","?","?","R","E","?","T","R","E","R","?","$","R","BOSS","M","?","AVR","?","$","E","M","?","T","R","?","?","R","E","R","BOSS","M","?","$","M","?","R","?","NM","T","R","M","?","R","M","R","BOSS","M","M","?","$","?","R","E","M","T","R","M","?","AVR","?","R","BOSS","M","?","?","?","$","E","R","E","T","M","M","M","M","E","R","BOSS","M","?","?","?","M","NM","?","AVR","T","?","?","?","$","E","R","BOSS","M"],"items_purchased_type":["Card","Relic","Relic","Relic","Relic","Card","Relic","Relic","Relic","Card","Relic","Relic","Relic","Relic","Relic","Card"],"build_version":"2020-11-30","purchased_purges":1,"victory":false,"max_hp_per_floor":[75,75,75,75,75,75,75,75,75,75,75,75,75,75,75,75,40,40,40,40,40,40,40,40,40,40,40,40,40,40,40,40,40,40,40,40,40,40,40,40,40,40,40,40,40,40,40,40,40,40,40,40,40,40,40,40,40,50,50,50,50,50,50,50,50,50,50,50,50,50,56,56,56,63,61,61,61,61,69,69,69,69,69,69,74,74,74,74,74,74,74,70,70,68,68,68,66,66,66,64,64,64,64,64],"card_choices":[{"not_picked":["TheCursedMod:CursedBlade","TheCursedMod:BlessingInDisguise"],"picked":"TheCursedMod:SaltUponWound","floor":1.0},{"not_picked":["TheCursedMod:Wield","TheCursedMod:FleshFromBone"],"picked":"TheCursedMod:CircleOfAmplification","floor":3.0},{"not_picked":["TheCursedMod:FleshFromBone","TheCursedMod:Wield"],"picked":"TheCursedMod:RavingStaff","floor":3.0},{"not_picked":["TheCursedMod:AbyssShockwave","TheCursedMod:SpitefulPray"],"picked":"TheCursedMod:Stigma","floor":7.0},{"not_picked":["TheCursedMod:FuryStrike","TheCursedMod:TacticalStrike"],"picked":"TheCursedMod:Mangle","floor":11.0},{"not_picked":["TheCursedMod:SpitefulStrike","TheCursedMod:FleshFromBone"],"picked":"TheCursedMod:SoulCrush","floor":13.0},{"not_picked":["TheCursedMod:AntiAging","TheCursedMod:ShockAndAwe"],"picked":"TheCursedMod:DarkBarrier","floor":16.0},{"not_picked":["TheCursedMod:SpitefulStrike","TheCursedMod:ReleasedKnowledge"],"picked":"TheCursedMod:CursedBlade+1","floor":18.0},{"not_picked":["TheCursedMod:Stretching+1","TheCursedMod:AshesToAshes"],"picked":"TheCursedMod:CursedArmor+1","floor":23.0},{"not_picked":["TheCursedMod:CursedMace","TheCursedMod:ReleasedStrength"],"picked":"TheCursedMod:CircleOfWindfury","floor":24.0},{"not_picked":["TheCursedMod:ReleasedStrength","TheCursedMod:SpitefulStrike"],"picked":"TheCursedMod:SpitefulPray","floor":29.0},{"not_picked":["TheCursedMod:BloodBarrier","TheCursedMod:Obscuration+1"],"picked":"TheCursedMod:ForbiddenAlchemy","floor":31.0},{"not_picked":["TheCursedMod:OutForBlood","TheCursedMod:VoidForm"],"picked":"TheCursedMod:DarkBarrier","floor":33.0},{"not_picked":["TheCursedMod:ManaBullet","TheCursedMod:WearCloak+1"],"picked":"TheCursedMod:Mangle+1","floor":35.0},{"not_picked":["TheCursedMod:SoulCrush","TheCursedMod:SpitefulPlan+1"],"picked":"TheCursedMod:SoulReap","floor":38.0},{"not_picked":["TheCursedMod:SpreadPlague","TheCursedMod:VitalStrike+1"],"picked":"TheCursedMod:SurpriseAttack+1","floor":41.0},{"not_picked":["TheCursedMod:Obscuration","TheCursedMod:CursedBlade"],"picked":"TheCursedMod:CircleOfCorruption","floor":42.0},{"not_picked":["TheCursedMod:SmokeScreen+1","TheCursedMod:CircleOfCorruption"],"picked":"TheCursedMod:SpreadPlague+1","floor":45.0},{"not_picked":["TheCursedMod:SpreadPlague","TheCursedMod:SpitefulStrike"],"picked":"TheCursedMod:Hemoplague+1","floor":48.0},{"not_picked":["TheCursedMod:Neurasthenia","TheCursedMod:DemonSword"],"picked":"TheCursedMod:NeowsMight","floor":50.0},{"not_picked":["TheCursedMod:VitalStrike","TheCursedMod:Stigma","TheCursedMod:Mangle"],"picked":"SKIP","floor":52.0},{"not_picked":["TheCursedMod:HellfireBreathing","TheCursedMod:VitalStrike"],"picked":"TheCursedMod:CursedBlade","floor":53.0},{"not_picked":["TheCursedMod:Stigma","TheCursedMod:SpitefulPray","TheCursedMod:CircleOfFlame"],"picked":"SKIP","floor":58.0},{"not_picked":["TheCursedMod:Wield","TheCursedMod:CircleOfCorruption","TheCursedMod:FleshFromBone"],"picked":"SKIP","floor":59.0},{"not_picked":["TheCursedMod:CircleOfFlame","TheCursedMod:CircleOfCorruption","TheCursedMod:CursedAmulet"],"picked":"SKIP","floor":62.0},{"not_picked":["TheCursedMod:VitalStrike","TheCursedMod:CursedMace","TheCursedMod:CircleOfFlame"],"picked":"SKIP","floor":65.0},{"not_picked":["TheCursedMod:NeowsMight","TheCursedMod:Neurasthenia"],"picked":"TheCursedMod:DemonSword","floor":67.0},{"not_picked":["TheCursedMod:WearCloak","TheCursedMod:CircleOfCorruption+1","TheCursedMod:HellsGateOpen"],"picked":"SKIP","floor":69.0},{"not_picked":["TheCursedMod:FleshFromBone","TheCursedMod:TacticalStrike","TheCursedMod:CursedMace"],"picked":"SKIP","floor":72.0},{"not_picked":["TheCursedMod:Obscuration+1","TheCursedMod:Mangle","TheCursedMod:StingEye"],"picked":"SKIP","floor":74.0},{"not_picked":["TheCursedMod:CursedBoomerang","TheCursedMod:Obscuration","TheCursedMod:HellfireBreathing"],"picked":"SKIP","floor":76.0},{"not_picked":["TheCursedMod:LuckyCharm","TheCursedMod:AshesToAshes"],"picked":"TheCursedMod:SurpriseAttack","floor":78.0},{"not_picked":["TheCursedMod:ReleasedKnowledge","TheCursedMod:BloodBarrier","TheCursedMod:SoulReap+1"],"picked":"SKIP","floor":79.0},{"not_picked":["TheCursedMod:EmpowerCircles+1","TheCursedMod:Hemoplague"],"picked":"TheCursedMod:NeowsMight","floor":80.0},{"not_picked":["TheCursedMod:CursedBlade+1","TheCursedMod:Stigma","TheCursedMod:CircleOfFlame"],"picked":"SKIP","floor":81.0},{"not_picked":["TheCursedMod:Mangle","TheCursedMod:SpitefulPlan+1","TheCursedMod:AbyssShockwave"],"picked":"SKIP","floor":82.0},{"not_picked":["TheCursedMod:UltimatePain","TheCursedMod:DemonSword"],"picked":"TheCursedMod:ForbiddenAlchemy","floor":84.0},{"not_picked":["hubris:Rewind","infinitespire:UltimateForm"],"picked":"infinitespire:Menacing","floor":85.0},{"not_picked":["TheCursedMod:WearCloak+1","TheCursedMod:SmokeScreen+1","TheCursedMod:Stretching"],"picked":"SKIP","floor":86.0},{"not_picked":["ReplayTheSpireMod:Book of Names","hubris:Fate"],"picked":"infinitespire:Menacing","floor":87},{"not_picked":["TheCursedMod:TroublousMinions","TheCursedMod:Obscuration+1"],"picked":"TheCursedMod:Stigma+1","floor":90},{"not_picked":["hubris:Rewind","infinitespire:Oblivion"],"picked":"infinitespire:DeathsTouch","floor":91},{"not_picked":["TheCursedMod:Obscuration+1","TheCursedMod:FuryStrike+1"],"picked":"TheCursedMod:NeowsMight","floor":91},{"not_picked":["TheCursedMod:SoulCrush","TheCursedMod:SpitefulStrike+1","TheCursedMod:Grudge"],"picked":"SKIP","floor":97},{"not_picked":["TheCursedMod:SoulCrush+1","TheCursedMod:RapidMovement+1","TheCursedMod:Stretching"],"picked":"SKIP","floor":99}],"player_experience":362502,"relics_obtained":[{"floor":2.0,"key":"Happy Flower"},{"floor":3.0,"key":"aspiration:Lifesprig"},{"floor":7.0,"key":"Bag of Preparation"},{"floor":9.0,"key":"Nunchaku"},{"floor":11.0,"key":"infinitespire:Satchel"},{"floor":23.0,"key":"Old Coin"},{"floor":26.0,"key":"The Courier"},{"floor":31.0,"key":"aspiration:Stabinomicon"},{"floor":42.0,"key":"Bottled Lightning"},{"floor":43.0,"key":"Replay:Baseball"},{"floor":45.0,"key":"MawBank"},{"floor":46.0,"key":"infinitespire:Bottled Soul"},{"floor":58.0,"key":"Pear"},{"floor":60.0,"key":"Torii"},{"floor":63.0,"key":"hubris:CrystalStatue"},{"floor":65.0,"key":"Darkstone Periapt"},{"floor":71.0,"key":"Ring of Peace"},{"floor":71.0,"key":"ReplayTheSpireMod:Ring of Addiction"},{"floor":71.0,"key":"Potion Belt"},{"floor":71.0,"key":"Chameleon Ring"},{"floor":74.0,"key":"Strawberry"},{"floor":76.0,"key":"TheCursedMod:MagicCandle"},{"floor":77.0,"key":"Shuriken"},{"floor":81.0,"key":"halation:QuantumPhysicsTextbook"},{"floor":82.0,"key":"Oddly Smooth Stone"},{"floor":87,"key":"Ice Cream"},{"floor":88,"key":"PreservedInsect"},{"floor":89,"key":"halation:SelfBoilingWater"},{"floor":91,"key":"Anchor"},{"floor":94,"key":"Onion Ring"},{"floor":99,"key":"Tiny Chest"}],"event_choices":[{"damage_healed":13.0,"max_hp_gain":0.0,"max_hp_loss":0.0,"gold_gain":0.0,"event_name":"The Library","player_choice":"Heal","floor":19.0,"gold_loss":0.0,"damage_taken":0.0},{"damage_healed":0.0,"max_hp_gain":0.0,"max_hp_loss":0.0,"gold_gain":0.0,"event_name":"Vampires","player_choice":"Ignored","floor":21.0,"gold_loss":0.0,"damage_taken":0.0},{"damage_healed":0.0,"max_hp_gain":0.0,"max_hp_loss":0.0,"gold_gain":0.0,"cards_transformed":["TheCursedMod:CircleOfAmplification"],"event_name":"Transmorgrifier","player_choice":"Transformed","floor":36.0,"gold_loss":0.0,"damage_taken":0.0,"cards_obtained":["TheCursedMod:HellfireBreathing"]},{"damage_healed":0.0,"max_hp_gain":0.0,"max_hp_loss":0.0,"gold_gain":75.0,"event_name":"Golden Wing","player_choice":"Gained Gold","floor":54.0,"gold_loss":0.0,"damage_taken":0.0},{"damage_healed":0.0,"max_hp_gain":0.0,"max_hp_loss":0.0,"gold_gain":0.0,"event_name":"conspire:Investor","player_choice":"Leave","floor":56.0,"gold_loss":0.0,"damage_taken":0.0},{"damage_healed":0.0,"max_hp_gain":0.0,"max_hp_loss":0.0,"gold_gain":0.0,"event_name":"Back to Basics","player_choice":"Simplicity","floor":70.0,"gold_loss":0.0,"damage_taken":0.0,"cards_upgraded":["TheCursedMod:Strike_TheCursed","TheCursedMod:Strike_TheCursed","TheCursedMod:Strike_TheCursed","TheCursedMod:Strike_TheCursed","TheCursedMod:Defend_TheCursed","TheCursedMod:Defend_TheCursed","TheCursedMod:Defend_TheCursed","TheCursedMod:Defend_TheCursed"]},{"damage_healed":0,"gold_gain":0,"player_choice":"Simplicity","damage_taken":0,"max_hp_gain":0,"max_hp_loss":0,"event_name":"Back to Basics","floor":87,"gold_loss":0,"cards_upgraded":[]},{"cards_removed":["infinitespire:SealOfDarkness"],"damage_healed":5,"gold_gain":0,"player_choice":"Offered Special","damage_taken":0,"max_hp_gain":0,"max_hp_loss":0,"event_name":"Bonfire Elementals","floor":96,"gold_loss":0}],"is_beta":false,"boss_relics":[{"not_picked":["Ring of Chaos","hubris:TerracottaHorce"],"picked":"halation:Prosthetics"},{"not_picked":["ChewingGum","Velvet Choker"],"picked":"hubris:Stopwatch"},{"not_picked":["SacredBark","TheCursedMod:OminousMark"],"picked":"hubris:ScarierMask"},{"not_picked":["conspire:SpecialSausage","halation:Yufonium"],"picked":"aspiration:PoetsPen_weak"},{"not_picked":["conspire:SlowCooker","halation:PinkAlligatorPlush"],"picked":"Tiny House"},{"not_picked":["conspire:RoyalGoblet","conspire:RunicOctahedron","Empty Cage"]}],"items_purged_floors":[73],"is_endless":true,"potions_floor_spawned":[1,11,23,24,31,35,42,48,53,59,65,72,74,76,78,84,87,87,90,99],"killed_by":"Cultist","ascension_level":5}}