{"host":"hfvpa4llnnjpeawn","time":1607800583,"event":{"mods":["2.2 Compatiblity","Act Like it!","BaseMod","Better Skull","Better Third Choice","BetterRewards","CapriCore","Conspire","Downfall","Elementarium","Hermit","Hubris","Koishi","Lobotomy","Mad Scientist","Minty Spire (QoL Compilation)","Replay The Spire","Shade Mod","Somnambulant","StSLib","The Bladedancer","The Factory","The Jungle","Waifu the Spire"],"gold_per_floor":[109,127,99,20,40,40,67,81,81,81,100,100,8,28,28,132,132,147,373,19,34,49,79,89,89,89],"floor_reached":25,"playtime":2962,"items_purged":[],"score":262,"play_id":"d2a4a3e6-9cba-43f0-847b-90c46f542bda","local_time":"20201212141623","is_ascension_mode":true,"campfire_choices":[{"floor":6,"key":"DIG"},{"floor":10,"key":"REST"},{"floor":12,"key":"DIG"},{"floor":15,"key":"DIG"}],"circlet_count":0,"master_deck":["Strike_G","Strike_G","Strike_G","Strike_G","Strike_G","Defend_G","Defend_G","Defend_G","Defend_G","Defend_G","Survivor","ReplayTheSpireMod:Restless Dread","hubris:SlightOfHand","Backflip","Dash","Die Die Die","Acrobatics","hubris:DuctTapeCard","expansioncontent:YouAreMine","Choke","Atom Bomb","Deadly Poison","Noxious Fumes","PiercingWail","Outmaneuver+1"],"relics":["Ring of the Snake","Shovel","betterThird:SlimedRelic","Pet Ghost","Gambling Chip","hubris:DuctTape","MealTicket","hubris:SphereOfDissonance","hubris:Backtick","hubris:GlazedTorus","hubris:BundleOfHerbs","Centennial Puzzle"],"acts_visited":["Exordium","Exordium"],"potions_floor_usage":[7,14,23,23,24],"damage_taken":[{"damage":0,"enemies":"Jaw Worm","floor":1,"turns":4},{"damage":0,"enemies":"Small Slimes","floor":2,"turns":4},{"damage":2,"enemies":"Cultist","floor":5,"turns":5},{"damage":17,"enemies":"3 Sentries","floor":7,"turns":11},{"damage":7,"enemies":"Blue Slaver","floor":8,"turns":5},{"damage":0,"enemies":"Looter","floor":11,"turns":3},{"damage":14,"enemies":"Exordium Thugs","floor":14,"turns":3},{"damage":41,"enemies":"Slime Boss","floor":16,"turns":17},{"damage":26,"enemies":"Elementarium:Cyclone","floor":18,"turns":6},{"damage":2,"enemies":"Elementarium:2_ELEMENTALS","floor":21,"turns":5},{"damage":8,"enemies":"Elementarium:VOID_CORRUPTION_AND_TAR_GOLEM","floor":22,"turns":7},{"damage":12,"enemies":"Elementarium:WarGolem","floor":23,"turns":1},{"damage":2,"enemies":"Elementarium:3_ELEMENTALS","floor":24,"turns":7},{"damage":30,"enemies":"Elementarium:CYCLONE_AND_ORB_OF_FIRE","floor":25,"turns":5}],"seed_played":"-8440203283237603451","potions_obtained":[{"floor":2,"key":"SpeedPotion"},{"floor":8,"key":"ColorlessPotion"},{"floor":16,"key":"Death Potion"},{"floor":21,"key":"Toxic Potion"},{"floor":23,"key":"Block Potion"}],"is_trial":false,"path_per_floor":["M","M","?","$","M","R","E","M","T","R","M","R","$","M","R","B",null,"M","?","$","M","M","E","M","M"],"character_chosen":"THE_SILENT","items_purchased":["Dash","expansioncontent:YouAreMine","hubris:BundleOfHerbs","Noxious Fumes"],"campfire_rested":1,"item_purchase_floors":[4,13,20,20],"current_hp_per_floor":[70,70,59,59,57,57,40,33,33,54,54,54,69,55,55,14,70,44,28,43,47,39,27,25,0,0],"gold":89,"neow_bonus":"ONE_RARE_RELIC","is_daily":false,"chose_seed":false,"campfire_upgraded":0,"win_rate":0.0,"timestamp":1607800583,"path_taken":["M","M","?","$","M","R","E","M","T","R","M","R","$","M","R","BOSS","M","?","$","?","M","E","M","M"],"items_purchased_type":["Card","Card","Relic","Card"],"build_version":"2020-11-30","purchased_purges":0,"victory":false,"max_hp_per_floor":[70,70,70,70,70,70,70,70,70,70,70,70,70,70,70,70,70,70,70,70,70,70,70,70,70,70],"card_choices":[{"not_picked":["conspire:DoublingDagger","Slice"],"picked":"hubris:SlightOfHand","floor":1},{"not_picked":["PiercingWail","Unload"],"picked":"Backflip","floor":2},{"not_picked":["Endless Agony","Blade Dance"],"picked":"ReplayTheSpireMod:Speed Training","floor":5},{"not_picked":["Reflex","Cloak And Dagger"],"picked":"Die Die Die","floor":7},{"not_picked":["Blade Dance","PiercingWail"],"picked":"Acrobatics","floor":8},{"not_picked":["Outmaneuver","Acrobatics","Cloak And Dagger"],"picked":"SKIP","floor":11},{"not_picked":["Masterful Stab","Predator"],"picked":"Choke","floor":14},{"not_picked":["Unload","Storm of Steel"],"picked":"Atom Bomb","floor":16},{"not_picked":["Bane","hubris:SlightOfHand"],"picked":"Deadly Poison","floor":18},{"not_picked":["Dagger Spray","hubris:SlightOfHand","Dodge and Roll"],"picked":"SKIP","floor":21},{"not_picked":["hubris:SlightOfHand","Cloak And Dagger"],"picked":"PiercingWail","floor":22},{"not_picked":["Well Laid Plans","Hidden Blade","Sucker Punch"],"picked":"SKIP","floor":23},{"not_picked":["Quick Slash","Cloak And Dagger"],"picked":"Outmaneuver+1","floor":24}],"player_experience":168677,"relics_obtained":[{"floor":6,"key":"Pet Ghost"},{"floor":7,"key":"Gambling Chip"},{"floor":9,"key":"hubris:DuctTape"},{"floor":12,"key":"MealTicket"},{"floor":15,"key":"hubris:SphereOfDissonance"},{"floor":23,"key":"Centennial Puzzle"}],"event_choices":[{"damage_healed":0,"gold_gain":0,"player_choice":"Slimed","damage_taken":11,"max_hp_gain":0,"max_hp_loss":0,"event_name":"betterThird:BetterGoop","floor":3,"gold_loss":28},{"damage_healed":0,"gold_gain":226,"player_choice":"GO GO ","damage_taken":18,"relics_obtained":[],"max_hp_gain":0,"max_hp_loss":0,"event_name":"betterSkull:BetterSkull","floor":19,"gold_loss":0,"cards_upgraded":[]}],"is_beta":false,"boss_relics":[{"not_picked":["HoveringKite","hubris:CrackedHourglass"],"picked":"hubris:Backtick"}],"items_purged_floors":[],"is_endless":false,"potions_floor_spawned":[2,8,16,21,23],"killed_by":"Elementarium:CYCLONE_AND_ORB_OF_FIRE","ascension_level":1}}