{"host":"1mv6gj0zv8k9e9tz","time":1607795865,"event":{"mods":["AchievementEnabler","BaseMod","Better Third Choice","Colored Map","KOR Keyword Fix","Minty Spire (QoL Compilation)","Permanent Neow","Rare Cards Sparkle","StSLib"],"gold_per_floor":[114,134,149,149,160,160,60,60,60,74,85,120,137,164,164,268,268,284,209,134,151,165,165,193,193,270,320,336,21,21,50,50,153,153,173,185,185,200,217,217,64,83,83,45,64,64,84,434,434,434],"floor_reached":51,"playtime":2214,"items_purged":["Strike_G"],"score":1197,"play_id":"cfe49f0d-3d15-4516-86f0-0a0419eeab47","local_time":"20201213025745","is_ascension_mode":true,"campfire_choices":[{"data":"Deadly Poison","floor":6.0,"key":"SMITH"},{"data":"Footwork","floor":8.0,"key":"SMITH"},{"data":"Crippling Poison","floor":15.0,"key":"SMITH"},{"data":"Burst","floor":23.0,"key":"SMITH"},{"data":"Catalyst","floor":30.0,"key":"SMITH"},{"floor":32.0,"key":"REST"},{"data":"After Image","floor":40.0,"key":"SMITH"},{"data":"Catalyst","floor":46,"key":"SMITH"},{"data":"Backflip","floor":49,"key":"SMITH"}],"circlet_count":0,"master_deck":["AscendersBane","Strike_G","Defend_G","Defend_G","Defend_G","Survivor","Neutralize","Escape Plan+1","Escape Plan+1","Glass Knife+1","Deadly Poison+1","Dagger Spray","Footwork+1","PiercingWail","Crippling Poison+1","Corpse Explosion","Burst+1","Backflip+1","Noxious Fumes","Wraith Form v2","Catalyst+1","Backflip+1","Deadly Poison","Bullet Time","Deadly Poison+1","PiercingWail+1","After Image+1","Catalyst+1","Crippling Poison+1","Catalyst+1","Bouncing Flask"],"relics":["Astrolabe","Pantograph","Darkstone Periapt","Dead Branch","SacredBark","Bag of Preparation","Sundial","Membership Card","Bag of Marbles","Bottled Flame","Sozu","DollysMirror","Ancient Tea Set","Old Coin"],"acts_visited":["Exordium","TheCity","TheBeyond"],"potions_floor_usage":[],"damage_taken":[{"damage":0.0,"enemies":"Jaw Worm","floor":1.0,"turns":2.0},{"damage":1.0,"enemies":"Small Slimes","floor":2.0,"turns":3.0},{"damage":0.0,"enemies":"Cultist","floor":3.0,"turns":2.0},{"damage":3.0,"enemies":"Looter","floor":5.0,"turns":2.0},{"damage":1.0,"enemies":"Red Slaver","floor":10.0,"turns":3.0},{"damage":0.0,"enemies":"Gremlin Gang","floor":11.0,"turns":2.0},{"damage":26.0,"enemies":"3 Sentries","floor":12.0,"turns":9.0},{"damage":0.0,"enemies":"Blue Slaver","floor":13.0,"turns":3.0},{"damage":4.0,"enemies":"Lagavulin","floor":14.0,"turns":6.0},{"damage":48.0,"enemies":"Slime Boss","floor":16.0,"turns":8.0},{"damage":12.0,"enemies":"Chosen","floor":18.0,"turns":4.0},{"damage":8.0,"enemies":"Spheric Guardian","floor":21.0,"turns":4.0},{"damage":0.0,"enemies":"Chosen and Byrds","floor":22.0,"turns":3.0},{"damage":30.0,"enemies":"Book of Stabbing","floor":24.0,"turns":5.0},{"damage":3.0,"enemies":"Snake Plant","floor":28.0,"turns":4.0},{"damage":0.0,"enemies":"Gremlin Leader","floor":31.0,"turns":4.0},{"damage":32.0,"enemies":"Automaton","floor":33.0,"turns":7.0},{"damage":17.0,"enemies":"Orb Walker","floor":35.0,"turns":4.0},{"damage":2.0,"enemies":"3 Darklings","floor":36.0,"turns":4.0},{"damage":3.0,"enemies":"Sphere and 2 Shapes","floor":38.0,"turns":3.0},{"damage":0.0,"enemies":"4 Shapes","floor":39.0,"turns":4.0},{"damage":2.0,"enemies":"Maw","floor":42.0,"turns":4.0},{"damage":0,"enemies":"Jaw Worm Horde","floor":45,"turns":3},{"damage":5,"enemies":"Sphere and 2 Shapes","floor":47,"turns":3},{"damage":1,"enemies":"Mind Bloom Boss Battle","floor":48,"turns":4},{"damage":49,"enemies":"Time Eater","floor":50,"turns":11}],"seed_played":"-4766910482780956458","potions_obtained":[{"floor":2.0,"key":"FearPotion"},{"floor":5.0,"key":"BlessingOfTheForge"},{"floor":13.0,"key":"Swift Potion"},{"floor":16.0,"key":"Block Potion"},{"floor":18.0,"key":"DistilledChaos"},{"floor":22.0,"key":"AttackPotion"},{"floor":31.0,"key":"Explosive Potion"}],"is_trial":false,"path_per_floor":["M","M","M","?","M","R","$","R","T","M","M","E","M","E","R","B",null,"M","?","$","M","M","R","E","?","T","?","M","$","R","E","R","B",null,"M","M","?","M","M","R","$","M","T","$","M","R","M","?","R","B",null],"character_chosen":"THE_SILENT","items_purchased":["Fruit Juice","Membership Card","Catalyst","Bag of Marbles","Block Potion","Backflip","DollysMirror","Ancient Tea Set","Catalyst"],"campfire_rested":1,"item_purchase_floors":[7,29,29,29,29,29,41,41,44],"current_hp_per_floor":[63,62,62,67,64,64,69,69,69,68,68,42,42,38,38,15,64,52,52,52,44,44,44,14,14,14,14,11,11,11,11,35,28,67,50,48,48,45,45,45,45,43,43,43,43,43,38,62,62,31],"gold":434,"neow_bonus":"BOSS_RELIC","is_daily":false,"chose_seed":false,"campfire_upgraded":8,"win_rate":0.0,"timestamp":1607795865,"path_taken":["M","M","M","?","M","R","$","R","T","M","M","E","M","E","R","BOSS","M","?","$","M","M","R","E","?","T","?","M","$","R","E","R","BOSS","M","?","?","?","M","R","$","M","T","$","?","R","M","?","R","BOSS"],"items_purchased_type":["Potion","Relic","Card","Relic","Potion","Card","Relic","Relic","Card"],"build_version":"2020-11-30","purchased_purges":1,"victory":true,"max_hp_per_floor":[70,70,70,75,75,75,80,80,80,80,80,80,80,80,80,80,80,80,80,80,80,80,80,80,80,80,80,80,80,80,80,80,80,80,80,80,80,80,80,80,80,80,80,80,80,80,80,80,80,80],"card_choices":[{"not_picked":["Slice","Dodge and Roll"],"picked":"Deadly Poison","floor":1.0},{"not_picked":["Sucker Punch","Slice"],"picked":"Dagger Spray","floor":2.0},{"not_picked":["Well Laid Plans","Blade Dance"],"picked":"Footwork","floor":3.0},{"not_picked":["Underhanded Strike","Flying Knee","Heel Hook"],"picked":"SKIP","floor":5.0},{"not_picked":["Storm of Steel","All Out Attack","Slice"],"picked":"SKIP","floor":10.0},{"not_picked":["Calculated Gamble","Bane"],"picked":"PiercingWail","floor":11.0},{"not_picked":["Distraction","Tools of the Trade","Slice"],"picked":"SKIP","floor":12.0},{"not_picked":["Distraction","Footwork"],"picked":"Crippling Poison","floor":13.0},{"not_picked":["Slice","Calculated Gamble"],"picked":"Corpse Explosion","floor":14.0},{"not_picked":["Malaise","Night Terror"],"picked":"Burst","floor":16.0},{"not_picked":["Dodge and Roll","Concentrate"],"picked":"Backflip+1","floor":18.0},{"not_picked":["Backflip","Dash"],"picked":"Noxious Fumes","floor":21.0},{"not_picked":["Heel Hook","Infinite Blades","Backstab"],"picked":"SKIP","floor":22.0},{"not_picked":["Deflect","Endless Agony"],"picked":"Wraith Form v2","floor":24.0},{"not_picked":["Prepared","Expertise","Cloak And Dagger"],"picked":"SKIP","floor":28.0},{"not_picked":["Reflex","Expertise"],"picked":"Deadly Poison","floor":31.0},{"not_picked":["Glass Knife","Storm of Steel"],"picked":"Bullet Time","floor":33.0},{"not_picked":["Reflex+1","Backstab"],"picked":"Deadly Poison+1","floor":35.0},{"not_picked":["Dodge and Roll","Dagger Spray"],"picked":"PiercingWail+1","floor":36.0},{"not_picked":["Choke","Backstab","Bane"],"picked":"SKIP","floor":38.0},{"not_picked":["Prepared","Blade Dance+1"],"picked":"After Image","floor":39.0},{"not_picked":["Underhanded Strike","PiercingWail"],"picked":"Crippling Poison+1","floor":42.0},{"not_picked":["Quick Slash+1","Outmaneuver","Riddle With Holes+1"],"picked":"SKIP","floor":45},{"not_picked":["Flying Knee","Caltrops","Deflect"],"picked":"SKIP","floor":47},{"not_picked":["Tactician","Setup+1"],"picked":"Bouncing Flask","floor":48}],"player_experience":460966,"relics_obtained":[{"floor":9.0,"key":"Pantograph"},{"floor":12.0,"key":"Darkstone Periapt"},{"floor":14.0,"key":"Dead Branch"},{"floor":24.0,"key":"Bag of Preparation"},{"floor":26.0,"key":"Sundial"},{"floor":31.0,"key":"Bottled Flame"},{"floor":48,"key":"Old Coin"}],"event_choices":[{"damage_healed":0.0,"max_hp_gain":5.0,"max_hp_loss":0.0,"gold_gain":0.0,"event_name":"Big Fish","player_choice":"Donut","floor":4.0,"gold_loss":0.0,"damage_taken":0.0},{"cards_removed":["Strike_G"],"damage_healed":0.0,"max_hp_gain":0.0,"max_hp_loss":0.0,"gold_gain":0.0,"event_name":"Beggar","player_choice":"Gave Gold","floor":19.0,"gold_loss":75.0,"damage_taken":0.0},{"damage_healed":0.0,"max_hp_gain":0.0,"max_hp_loss":0.0,"gold_gain":0.0,"event_name":"Cursed Tome","player_choice":"Ignored","floor":25.0,"gold_loss":0.0,"damage_taken":0.0},{"damage_healed":0.0,"max_hp_gain":0.0,"max_hp_loss":0.0,"gold_gain":100.0,"event_name":"The Joust","player_choice":"Bet on Murderer","floor":27.0,"gold_loss":50.0,"damage_taken":0.0},{"cards_removed":["Strike_G"],"damage_healed":0.0,"max_hp_gain":0.0,"max_hp_loss":0.0,"gold_gain":0.0,"event_name":"Wheel of Change","player_choice":"Card Removal","floor":37.0,"gold_loss":0.0,"damage_taken":0.0},{"damage_healed":0,"gold_gain":0,"player_choice":"Fight","damage_taken":0,"max_hp_gain":0,"max_hp_loss":0,"event_name":"MindBloom","floor":48,"gold_loss":0}],"is_beta":false,"boss_relics":[{"not_picked":["HoveringKite","Runic Dome"],"picked":"SacredBark"},{"not_picked":["Tiny House","Philosopher\u0027s Stone"],"picked":"Sozu"}],"items_purged_floors":[20],"is_endless":false,"potions_floor_spawned":[2,5,13,16,18,21,22,31,36,39],"ascension_level":12}}