{"host":"4nqeo0vu1vuav7gg","time":1607767404,"event":{"mods":["AchievementEnabler","BaseMod","Block Reminder","Colored Map","Colored Powertips","Highlight Path","Minty Spire (QoL Compilation)","Quick Restart","Rare Cards Sparkle","Relic Relevance Reorder","StSLib"],"gold_per_floor":[118,136,136,150,150,177,191,220,220,248,258,274,61,81,81,81,81],"floor_reached":16,"playtime":1045,"items_purged":["Defend_B"],"score":186,"play_id":"c6e8eb92-0ddb-4195-977f-8abcb331ee3e","local_time":"20201212110324","is_ascension_mode":true,"campfire_choices":[{"floor":15.0,"key":"REST"}],"circlet_count":0,"master_deck":["AscendersBane","Strike_B","Strike_B","Strike_B","Defend_B","Defend_B","Defend_B","Zap","Dualcast","Static Discharge+1","Melter","Cold Snap","BootSequence","Glacier","Turbo+1","Go for the Eyes","Leap+1","Static Discharge","BootSequence+1","Ball Lightning","Capacitor"],"relics":["Cracked Core","Ornamental Fan","Sundial","Toxic Egg 2","The Courier","Shovel"],"acts_visited":["Exordium"],"potions_floor_usage":[16],"damage_taken":[{"damage":0.0,"enemies":"2 Louse","floor":1.0,"turns":1.0},{"damage":1.0,"enemies":"Cultist","floor":2.0,"turns":3.0},{"damage":12.0,"enemies":"Small Slimes","floor":4.0,"turns":3.0},{"damage":20.0,"enemies":"3 Sentries","floor":6.0,"turns":6.0},{"damage":2.0,"enemies":"Looter","floor":7.0,"turns":3.0},{"damage":20.0,"enemies":"Gremlin Nob","floor":8.0,"turns":5.0},{"damage":25.0,"enemies":"3 Sentries","floor":10.0,"turns":9.0},{"damage":1.0,"enemies":"2 Fungi Beasts","floor":11.0,"turns":4.0},{"damage":0.0,"enemies":"Red Slaver","floor":12.0,"turns":5.0},{"damage":0.0,"enemies":"Blue Slaver","floor":14.0,"turns":4.0},{"damage":24,"enemies":"The Guardian","floor":16,"turns":14}],"seed_played":"-1928185429055895035","potions_obtained":[{"floor":1.0,"key":"DistilledChaos"},{"floor":6.0,"key":"Energy Potion"},{"floor":8.0,"key":"Regen Potion"},{"floor":14.0,"key":"Weak Potion"}],"is_trial":false,"path_per_floor":["M","M","?","M","?","E","M","E","T","E","M","M","$","M","R","B"],"character_chosen":"DEFECT","items_purchased":["Static Discharge","BootSequence+1","Ball Lightning"],"campfire_rested":1,"item_purchase_floors":[13,13,13],"current_hp_per_floor":[68,67,67,55,55,35,33,13,13,3,2,2,2,2,24,0,0],"gold":81,"neow_bonus":"REMOVE_CARD","is_daily":false,"chose_seed":false,"campfire_upgraded":0,"win_rate":0.0,"timestamp":1607767404,"path_taken":["M","M","?","?","?","E","?","E","T","E","M","M","?","M","R","BOSS"],"items_purchased_type":["Card","Card","Card"],"build_version":"2020-11-30","purchased_purges":1,"victory":false,"max_hp_per_floor":[75,75,75,75,75,75,75,75,75,75,75,75,75,75,75,75,75],"card_choices":[{"not_picked":["Storm","Cold Snap"],"picked":"Static Discharge","floor":1.0},{"not_picked":["Steam","Coolheaded"],"picked":"Melter","floor":2.0},{"not_picked":["Ball Lightning","Beam Cell"],"picked":"Cold Snap","floor":4.0},{"not_picked":["Scrape","FTL"],"picked":"BootSequence","floor":6.0},{"not_picked":["Steam","Blizzard"],"picked":"Glacier","floor":7.0},{"not_picked":["Streamline","Melter","Gash"],"picked":"SKIP","floor":8.0},{"not_picked":["Streamline","Beam Cell"],"picked":"Turbo+1","floor":10.0},{"not_picked":["Rip and Tear","Recycle+1"],"picked":"Go for the Eyes","floor":11.0},{"not_picked":["Aggregate+1","Ball Lightning"],"picked":"Leap+1","floor":12.0},{"not_picked":["Stack+1","Hyperbeam"],"picked":"Capacitor","floor":14.0}],"player_experience":874689,"relics_obtained":[{"floor":6.0,"key":"Shovel"},{"floor":8.0,"key":"Toxic Egg 2"},{"floor":9.0,"key":"Sundial"},{"floor":10.0,"key":"Ornamental Fan"}],"event_choices":[{"damage_healed":0.0,"max_hp_gain":0.0,"max_hp_loss":0.0,"gold_gain":0.0,"event_name":"WeMeetAgain","player_choice":"Gave Potion","floor":3.0,"gold_loss":0.0,"damage_taken":0.0,"relics_obtained":["The Courier"]},{"damage_healed":0.0,"max_hp_gain":0.0,"max_hp_loss":0.0,"gold_gain":0.0,"event_name":"Upgrade Shrine","player_choice":"Upgraded","floor":5.0,"gold_loss":0.0,"damage_taken":0.0,"cards_upgraded":["Static Discharge"]}],"is_beta":false,"boss_relics":[],"items_purged_floors":[13],"is_endless":false,"potions_floor_spawned":[1,6,8,14],"killed_by":"The Guardian","ascension_level":10}}