{"host":"aygt75jb8cs7sa4f","time":1607745273,"event":{"mods":["Act Like it!","BaseMod","Better Third Choice","BetterRewards","Colored Map","Conspire","GifTheSpireLib","Halation","Hallownest","Hermit","Marisa????????","Minty Spire (QoL Compilation)","Permanent Neow","Replay The Spire","Spikes Relics","StSLib","The Animator","The Bug Knight","The Cursed","The Servant 0.9.4"],"gold_per_floor":[110,126,126,138,155,155,155,155,155,155,155,182,217,247,247,352,352,362,112,128,218,228,228,228,228,228,255,255,283,317,382,382,480,480,497,437,8,18,18,18],"floor_reached":39,"playtime":3998,"items_purged":[],"score":680,"play_id":"00acef81-1e79-4362-861f-0453297192ff","local_time":"20201211225433","daily_mods":["SealedDeck","Flight","Elite Swarm"],"is_ascension_mode":false,"campfire_choices":[{"data":"HollowMod:HuntersJournal","floor":6.0,"key":"SMITH"},{"data":"HollowMod:SiblingsSouls","floor":7.0,"key":"SMITH"},{"data":"HollowMod:GreatSlash","floor":8.0,"key":"SMITH"},{"data":"HollowMod:SoulVessel","floor":10.0,"key":"SMITH"},{"data":"HollowMod:DoubleDash","floor":11.0,"key":"SMITH"},{"data":"HollowMod:Weaversong","floor":15.0,"key":"SMITH"},{"data":"HollowMod:GoodIntentions","floor":23.0,"key":"SMITH"},{"data":"HollowMod:HeavyBlow","floor":24.0,"key":"SMITH"},{"data":"HollowMod:CoiledNail","floor":25.0,"key":"SMITH"},{"data":"HollowMod:DashSlash","floor":28.0,"key":"SMITH"},{"floor":32.0,"key":"REST"}],"circlet_count":0,"master_deck":["HollowMod:GreatSlash+1","HollowMod:HuntersJournal+1","HollowMod:GoodIntentions+1","HollowMod:HeavyBlow+1","HollowMod:CoiledNail+1","HollowMod:DashSlash+1","HollowMod:DashSlash","HollowMod:FastStrike","HollowMod:SoulSplash","HollowMod:SoulSplash","HollowMod:DoubleDash+1","HollowMod:SoulVessel+1","HollowMod:Hiveblood","HollowMod:Weaversong+1","HollowMod:SoulMaster","HollowMod:FastStrike+1","HollowMod:VengefulSpirit+1","HollowMod:PureNailStrike+1","HollowMod:HuntersJournal+1","HollowMod:SharpenedNail+1","HollowMod:CloakDash","HollowMod:SlysStrikes","HollowMod:SlysStrikes","HollowMod:ChannelNail+1","HollowMod:AwokenDreamNail+1","HollowMod:SoulShaman","Finesse","HollowMod:CloakDash"],"relics":["HollowMod:VesselMask","replay:Trail_Library","Replay:Ringing Soul","Molten Egg 2","Bottled Lightning","halation:AfternoonTea","SlaversCollar","Hallownest:UnbreakableCardRelic","ReplayTheSpireMod:Shallot","Unceasing Top","WizardHat","conspire:RoyalGoblet","Replay:Towering Pillar of Hats"],"acts_visited":["Hallownest:Greenpath","Hallownest:CityofTears","Hallownest:KingdomsEdge"],"potions_floor_usage":[],"damage_taken":[{"damage":0.0,"enemies":"Hallownest:monsterHuskGuard","floor":1.0,"turns":3.0},{"damage":0.0,"enemies":"2_ Uuma","floor":2.0,"turns":4.0},{"damage":4.0,"enemies":"Hallownest:2_Tiktiks_and_1_Crawlid","floor":4.0,"turns":4.0},{"damage":7.0,"enemies":"Hallownest:Wandering_and_Horned","floor":5.0,"turns":4.0},{"damage":6.0,"enemies":"Hallownest:eliteMossKnight","floor":12.0,"turns":6.0},{"damage":10.0,"enemies":"Hallownest:eliteVengeflyKing","floor":13.0,"turns":5.0},{"damage":3.0,"enemies":"Hallownest:eliteCrystalGuardian","floor":14.0,"turns":5.0},{"damage":29.0,"enemies":"Hallownest:BossFalseKnight","floor":16.0,"turns":11.0},{"damage":0.0,"enemies":"Hallownest:3_Youths","floor":18.0,"turns":4.0},{"damage":4.0,"enemies":"Hallownest:2_Mistakes","floor":20.0,"turns":5.0},{"damage":1.0,"enemies":"Hallownest:Warrior_and_Youth","floor":22.0,"turns":3.0},{"damage":49.0,"enemies":"Hallownest:eliteWatcherKnight","floor":27.0,"turns":10.0},{"damage":20.0,"enemies":"Hallownest:eliteSoulWarrior","floor":29.0,"turns":4.0},{"damage":13.0,"enemies":"Hallownest:Nosk","floor":30.0,"turns":6.0},{"damage":3.0,"enemies":"Hallownest:Glutton_and_Coward","floor":31.0,"turns":4.0},{"damage":31.0,"enemies":"Hallownest:BossSoulMaster","floor":33.0,"turns":7.0},{"damage":84.0,"enemies":"Hallownest:3_Siblings","floor":35.0,"turns":7.0},{"damage":14.0,"enemies":"Hallownest:Shield_Heavy","floor":38.0,"turns":4.0},{"damage":64,"enemies":"Hallownest:Xero_Hu_Marmu","floor":39,"turns":6}],"seed_played":"6346639817708531091","potions_obtained":[{"floor":5.0,"key":"DuplicationPotion"},{"floor":14.0,"key":"Swift Potion"},{"floor":16.0,"key":"SteroidPotion"},{"floor":20.0,"key":"FearPotion"},{"floor":27.0,"key":"Toxic Potion"},{"floor":33.0,"key":"Reflective Coating"}],"is_trial":true,"path_per_floor":["M","M","?","M","M","R","R","R","T","R","R","E","E","E","R","B",null,"M","?","M","?","M","R","R","R","T","E","R","E","E","M","R","B",null,"M","?","$","M","M"],"character_chosen":"THE_BUGKNIGHT","items_purchased":["Finesse","HollowMod:CloakDash","Replay:Towering Pillar of Hats"],"campfire_rested":1,"item_purchase_floors":[37,37,37],"current_hp_per_floor":[75,75,75,71,64,64,64,64,64,67,67,64,66,66,66,55,87,90,90,89,69,71,71,71,71,71,37,40,35,34,34,67,79,114,42,49,52,43,0,0],"gold":18,"neow_bonus":"","is_daily":false,"chose_seed":false,"campfire_upgraded":10,"win_rate":0.0,"timestamp":1607745273,"path_taken":["M","M","?","M","M","R","R","R","T","R","R","E","E","E","R","BOSS","M","?","M","?","M","R","R","R","T","E","R","E","E","?","R","BOSS","M","?","$","M","?"],"items_purchased_type":["Card","Card","Relic"],"build_version":"2020-11-30","purchased_purges":0,"victory":false,"max_hp_per_floor":[75,75,75,75,75,75,75,75,75,78,78,81,81,84,84,87,87,90,90,93,96,99,99,99,99,99,99,102,105,108,111,111,114,114,117,124,127,127,127,127],"card_choices":[{"not_picked":["HollowMod:InfectedCysts","HollowMod:MawleksShell","HollowMod:NewLittleFool"],"picked":"SKIP","floor":1.0},{"not_picked":["HollowMod:BaldurShell","HollowMod:RecoilStrike"],"picked":"HollowMod:SoulSplash","floor":2.0},{"not_picked":["HollowMod:VengefulVoid","HollowMod:HuntersJournal"],"picked":"HollowMod:DoubleDash","floor":4.0},{"not_picked":["HollowMod:NewJinnsSoul","HollowMod:PureNailStrike","HollowMod:HowlingWraiths"],"picked":"SKIP","floor":5.0},{"not_picked":["HollowMod:LifebloodCore","HollowMod:VoidDash"],"picked":"HollowMod:Hiveblood","floor":12.0},{"not_picked":["HollowMod:Hiveblood","HollowMod:WhiteLadysBlessing","HollowMod:MidwifesHunger+1"],"picked":"SKIP","floor":13.0},{"not_picked":["HollowMod:Hiveblood","HollowMod:HornetsHelp+1"],"picked":"HollowMod:Weaversong","floor":14.0},{"not_picked":["HollowMod:theNailsmith","HollowMod:AwokenDreamNail+1"],"picked":"HollowMod:SoulMaster","floor":16.0},{"not_picked":["HollowMod:FallenFury+1","HollowMod:NewGlowingWomb+1"],"picked":"HollowMod:FastStrike+1","floor":18.0},{"not_picked":["HollowMod:HowlingWraiths+1","HollowMod:NewJinnsSoul"],"picked":"HollowMod:VengefulSpirit+1","floor":20.0},{"not_picked":["HollowMod:QuirrelsAssistance+1","HollowMod:TaintedHusks+1"],"picked":"HollowMod:PureNailStrike+1","floor":21.0},{"not_picked":["HollowMod:CloakDash+1","HollowMod:InfectedCysts+1"],"picked":"HollowMod:HuntersJournal+1","floor":21.0},{"not_picked":["HollowMod:PureNailStrike+1","HollowMod:SoulSplash+1"],"picked":"HollowMod:SharpenedNail+1","floor":22.0},{"not_picked":["HollowMod:MidwifesHunger+1","HollowMod:WhiteLadysBlessing","HollowMod:Hiveblood"],"picked":"SKIP","floor":27.0},{"not_picked":["HollowMod:WhiteLadysBlessing","HollowMod:LifebloodCore"],"picked":"HollowMod:SlysStrikes","floor":29.0},{"not_picked":["HollowMod:theNailsmith","HollowMod:HornetsHelp+1"],"picked":"HollowMod:SlysStrikes","floor":30.0},{"not_picked":["HollowMod:DoubleDash","HollowMod:VengefulVoid+1"],"picked":"HollowMod:ChannelNail+1","floor":31.0},{"not_picked":["HollowMod:Hiveblood","HollowMod:ElderbugsWisdom"],"picked":"HollowMod:AwokenDreamNail+1","floor":33.0},{"not_picked":["HollowMod:CycloneSlash+1","HollowMod:MothsMistake+1"],"picked":"HollowMod:SoulShaman","floor":35.0},{"not_picked":["HollowMod:QuirrelsAssistance+1","HollowMod:ShadowDash+1","HollowMod:HeavyBlow+1"],"picked":"SKIP","floor":38.0}],"player_experience":407938,"relics_obtained":[{"floor":9.0,"key":"Replay:Ringing Soul"},{"floor":12.0,"key":"Molten Egg 2"},{"floor":13.0,"key":"Bottled Lightning"},{"floor":14.0,"key":"halation:AfternoonTea"},{"floor":26.0,"key":"ReplayTheSpireMod:Shallot"},{"floor":27.0,"key":"Unceasing Top"},{"floor":29.0,"key":"WizardHat"}],"event_choices":[],"is_beta":false,"boss_relics":[{"not_picked":["halation:CatFaceCupcake","Snecko Eye"],"picked":"SlaversCollar"},{"not_picked":["SacredBark","halation:PinkAlligatorPlush"],"picked":"conspire:RoyalGoblet"}],"items_purged_floors":[],"is_endless":true,"potions_floor_spawned":[5,13,14,16,20,22,27,33],"killed_by":"Hallownest:Xero_Hu_Marmu","ascension_level":0}}