{"host":"usewcu4ohw2wtmxk","time":1607802371,"event":{"mods":["AchievementEnabler","BaseMod","BetterRewards","Colored Powertips","Minty Spire (QoL Compilation)","Permanent Neow","Quick Restart","Relic Sorter","Relic Stats","Shop Mod","StSLib","UnlockEverythingMod"],"gold_per_floor":[50,50,66,121,177,225,225,255,307,342,342,342,410,410,410,530,530,575,429,354,429,503,568,568,606,606,606,675,716,167,230,230,230,230],"floor_reached":33,"playtime":850,"items_purged":["Defend_P","Strike_P"],"score":739,"play_id":"01d38eca-0ca0-4f48-89a0-5a6b94b44153","local_time":"20201213034611","is_ascension_mode":true,"campfire_choices":[{"data":"Eruption","floor":7.0,"key":"SMITH"},{"data":"HandOfGreed","floor":11.0,"key":"SMITH"},{"floor":15.0,"key":"REST"},{"floor":24.0,"key":"REST"},{"data":"Wallop","floor":27.0,"key":"SMITH"},{"data":"Tantrum","floor":32.0,"key":"SMITH"}],"circlet_count":0,"master_deck":["AscendersBane","Strike_P","Strike_P","Strike_P","Defend_P","Defend_P","Eruption+1","Vigilance","HandOfGreed+1","FlurryOfBlows","InnerPeace","Scrawl","DeusExMachina","BowlingBash","Wallop+1","Tantrum+1"],"relics":["PureWater","Toy Ornithopter","MealTicket","The Courier","Golden Idol","Bronze Scales","TeardropLocket","Snecko Eye","Bag of Preparation","PreservedInsect","Eternal Feather","ClockworkSouvenir","Lantern"],"acts_visited":["Exordium","TheCity"],"potions_floor_usage":[33],"damage_taken":[{"damage":0.0,"enemies":"Small Slimes","floor":1.0,"turns":4.0},{"damage":0.0,"enemies":"Cultist","floor":3.0,"turns":2.0},{"damage":0.0,"enemies":"2 Louse","floor":4.0,"turns":4.0},{"damage":4.0,"enemies":"2 Fungi Beasts","floor":5.0,"turns":4.0},{"damage":30.0,"enemies":"3 Sentries","floor":6.0,"turns":5.0},{"damage":4.0,"enemies":"Exordium Wildlife","floor":8.0,"turns":3.0},{"damage":0.0,"enemies":"Gremlin Nob","floor":10.0,"turns":2.0},{"damage":0.0,"enemies":"Lagavulin","floor":13.0,"turns":3.0},{"damage":24.0,"enemies":"Slime Boss","floor":16.0,"turns":7.0},{"damage":9.0,"enemies":"Shell Parasite","floor":18.0,"turns":3.0},{"damage":12.0,"enemies":"2 Thieves","floor":21.0,"turns":3.0},{"damage":7.0,"enemies":"Shelled Parasite and Fungi","floor":22.0,"turns":3.0},{"damage":25.0,"enemies":"Book of Stabbing","floor":23.0,"turns":3.0},{"damage":0.0,"enemies":"Snecko","floor":25.0,"turns":2.0},{"damage":20.0,"enemies":"Gremlin Leader","floor":28.0,"turns":6.0},{"damage":0.0,"enemies":"Centurion and Healer","floor":29.0,"turns":3.0},{"damage":0.0,"enemies":"Sentry and Sphere","floor":31.0,"turns":2.0},{"damage":76,"enemies":"Champ","floor":33,"turns":4}],"seed_played":"1971920626315009765","potions_obtained":[{"floor":1.0,"key":"Explosive Potion"},{"floor":2.0,"key":"DistilledChaos"},{"floor":2.0,"key":"BottledMiracle"},{"floor":6.0,"key":"Fire Potion"},{"floor":13.0,"key":"LiquidMemories"},{"floor":18.0,"key":"LiquidBronze"},{"floor":21.0,"key":"DistilledChaos"},{"floor":28.0,"key":"LiquidBronze"},{"floor":29.0,"key":"AttackPotion"}],"is_trial":false,"path_per_floor":["M","?","M","M","M","E","R","M","T","E","R","?","E","?","R","B",null,"M","$","?","M","M","E","R","M","T","R","E","M","$","M","R","B"],"character_chosen":"WATCHER","items_purchased":["FairyPotion","Eternal Feather","ClockworkSouvenir","Lantern"],"campfire_rested":2,"item_purchase_floors":[19,30,30,30],"current_hp_per_floor":[61,61,61,61,57,27,27,23,23,28,28,28,28,2,20,6,48,39,54,54,42,35,15,33,33,33,33,13,13,28,28,37,0,0],"gold":230,"neow_bonus":"RANDOM_COLORLESS_2","is_daily":false,"chose_seed":false,"campfire_upgraded":4,"win_rate":0.0,"timestamp":1607802371,"path_taken":["M","?","M","?","M","E","R","M","T","E","R","?","E","?","R","BOSS","M","$","?","M","M","E","R","M","T","R","E","M","$","M","R","BOSS"],"items_purchased_type":["Potion","Relic","Relic","Relic"],"build_version":"2020-11-30","purchased_purges":2,"victory":false,"max_hp_per_floor":[68,68,68,68,68,68,68,68,68,68,68,62,62,62,62,62,62,62,62,62,62,62,62,62,62,62,62,62,62,62,62,62,62,62],"relic_stats":{"counters":[18,63],"Golden Idol":68,"Bronze Scales":[63],"Snecko Eye":[66,64,56,57],"MealTicket":30,"Eternal Feather":9,"PreservedInsect":0,"Bag of Preparation":[9],"obtain_stats":[{"Lantern":30,"Golden Idol":12,"Eternal Feather":30,"The Courier":10,"PreservedInsect":28,"Bag of Preparation":23,"TeardropLocket":14,"ClockworkSouvenir":30,"Bronze Scales":13,"Snecko Eye":17,"MealTicket":9,"PureWater":0,"Toy Ornithopter":6},{"Lantern":16,"Golden Idol":7,"Eternal Feather":16,"The Courier":7,"PreservedInsect":15,"Bag of Preparation":13,"TeardropLocket":8,"ClockworkSouvenir":16,"Bronze Scales":8,"Snecko Eye":9,"MealTicket":6,"PureWater":0,"Toy Ornithopter":5},{"Lantern":57,"Golden Idol":24,"Eternal Feather":57,"The Courier":24,"PreservedInsect":54,"Bag of Preparation":46,"TeardropLocket":27,"ClockworkSouvenir":57,"Bronze Scales":27,"Snecko Eye":34,"MealTicket":22,"PureWater":0,"Toy Ornithopter":19}],"Toy Ornithopter":25},"card_choices":[{"not_picked":["Mayhem","Secret Technique"],"picked":"HandOfGreed","floor":0.0},{"not_picked":["Prostrate","Conclude"],"picked":"FlurryOfBlows","floor":1.0},{"not_picked":["CarveReality","Meditate","Nirvana"],"picked":"SKIP","floor":3.0},{"not_picked":["EmptyFist","WreathOfFlame"],"picked":"InnerPeace","floor":4.0},{"not_picked":["ReachHeaven","Nirvana","Meditate"],"picked":"SKIP","floor":5.0},{"not_picked":["CrushJoints","Consecrate","Worship"],"picked":"SKIP","floor":6.0},{"not_picked":["Judgement","Halt","Protect"],"picked":"SKIP","floor":8.0},{"not_picked":["Crescendo","ForeignInfluence"],"picked":"Scrawl","floor":10.0},{"not_picked":["Sanctity","Judgement","ClearTheMind"],"picked":"SKIP","floor":13.0},{"not_picked":["Establishment","Vault"],"picked":"DeusExMachina","floor":16.0},{"not_picked":["Consecrate","MentalFortress","EmptyFist+1"],"picked":"SKIP","floor":18.0},{"not_picked":["ClearTheMind","CutThroughFate"],"picked":"BowlingBash","floor":21.0},{"not_picked":["FlurryOfBlows","FlyingSleeves"],"picked":"Wallop","floor":22.0},{"not_picked":["Weave","FlyingSleeves","WreathOfFlame"],"picked":"SKIP","floor":23.0},{"not_picked":["Halt","Tantrum","EmptyBody+1"],"picked":"SKIP","floor":25.0},{"not_picked":["Halt","EmptyBody+1"],"picked":"Tantrum","floor":25.0},{"not_picked":["Scrawl","Fasting2","WindmillStrike"],"picked":"SKIP","floor":28.0},{"not_picked":["ReachHeaven","WindmillStrike","FlurryOfBlows+1"],"picked":"SKIP","floor":29.0},{"not_picked":["Halt","Fasting2","Consecrate"],"picked":"SKIP","floor":31.0}],"player_experience":250093,"relics_obtained":[{"floor":6.0,"key":"Toy Ornithopter"},{"floor":9.0,"key":"MealTicket"},{"floor":10.0,"key":"The Courier"},{"floor":13.0,"key":"Bronze Scales"},{"floor":23.0,"key":"Bag of Preparation"},{"floor":28.0,"key":"PreservedInsect"}],"event_choices":[{"damage_healed":0.0,"max_hp_gain":0.0,"max_hp_loss":0.0,"gold_gain":0.0,"event_name":"Lab","player_choice":"Got Potions","floor":2.0,"gold_loss":0.0,"damage_taken":0.0},{"damage_healed":0.0,"max_hp_gain":0.0,"max_hp_loss":6.0,"gold_gain":0.0,"event_name":"Golden Idol","player_choice":"Lose Max HP","floor":12.0,"gold_loss":0.0,"damage_taken":0.0,"relics_obtained":["Golden Idol"]},{"damage_healed":0.0,"max_hp_gain":0.0,"max_hp_loss":0.0,"gold_gain":0.0,"event_name":"Scrap Ooze","player_choice":"Success","floor":14.0,"gold_loss":0.0,"damage_taken":26.0,"relics_obtained":["TeardropLocket"]},{"cards_removed":["Defend_P"],"damage_healed":0.0,"max_hp_gain":0.0,"max_hp_loss":0.0,"gold_gain":0.0,"event_name":"Beggar","player_choice":"Gave Gold","floor":20.0,"gold_loss":75.0,"damage_taken":0.0}],"is_beta":false,"boss_relics":[{"not_picked":["SacredBark","Philosopher\u0027s Stone"],"picked":"Snecko Eye"}],"items_purged_floors":[19,30],"is_endless":false,"potions_floor_spawned":[1,4,5,6,13,18,21,28,29],"killed_by":"Champ","ascension_level":20}}