{"host":"p6y17sixyu8q9v1f","time":1607778471,"event":{"mods":["BaseMod","Colored Map","Minty Spire (QoL Compilation)"],"gold_per_floor":[114,38,38,4,20,20,40,50,125,125,136,183,209,209,209,312,312,329,310,328,328,243,277,277,277,302,302,7,7,7],"floor_reached":29,"playtime":1186,"items_purged":[],"score":289,"play_id":"213e4cae-131a-47b2-9a33-e2b2b513397e","local_time":"20201212070751","is_ascension_mode":true,"campfire_choices":[{"data":"Sunder","floor":6,"key":"SMITH"},{"data":"Zap","floor":10,"key":"SMITH"},{"data":"Genetic Algorithm","floor":15,"key":"SMITH"},{"floor":24,"key":"REST"},{"data":"Dualcast","floor":27,"key":"SMITH"}],"circlet_count":0,"master_deck":["Strike_B","Strike_B","Strike_B","Defend_B","Defend_B","Defend_B","Defend_B","Zap+1","Dualcast+1","Good Instincts","Loop","Sunder+1","Leap","Coolheaded","Genetic Algorithm+1","Coolheaded","Machine Learning","Streamline","Barrage","Auto Shields+1"],"relics":["Cracked Core","Strawberry","Darkstone Periapt","Emotion Chip","Inserter","Bag of Marbles","Gremlin Horn","Regal Pillow","Calipers"],"acts_visited":["Exordium","TheCity"],"potions_floor_usage":[11,14,16,16,23,23,23,23,23],"damage_taken":[{"damage":5,"enemies":"2 Louse","floor":1,"turns":2},{"damage":0,"enemies":"Cultist","floor":5,"turns":3},{"damage":0,"enemies":"Small Slimes","floor":7,"turns":2},{"damage":22,"enemies":"Exordium Thugs","floor":8,"turns":4},{"damage":0,"enemies":"Gremlin Gang","floor":11,"turns":2},{"damage":10,"enemies":"Lagavulin","floor":13,"turns":11},{"damage":31,"enemies":"Hexaghost","floor":16,"turns":13},{"damage":22,"enemies":"Shell Parasite","floor":18,"turns":12},{"damage":28,"enemies":"2 Thieves","floor":19,"turns":4},{"damage":23,"enemies":"Shelled Parasite and Fungi","floor":20,"turns":9},{"damage":9,"enemies":"Book of Stabbing","floor":23,"turns":8},{"damage":56,"enemies":"Gremlin Leader","floor":29,"turns":8}],"seed_played":"1809422075362522902","potions_obtained":[{"floor":7,"key":"GamblersBrew"},{"floor":8,"key":"AttackPotion"},{"floor":13,"key":"AttackPotion"},{"floor":14,"key":"GamblersBrew"},{"floor":14,"key":"Fruit Juice"},{"floor":14,"key":"SteroidPotion"},{"floor":20,"key":"EntropicBrew"}],"is_trial":false,"path_per_floor":["M","$","?","$","M","R","M","M","T","R","M","T","E","?","R","B",null,"M","M","M","?","?","E","R","?","T","R","$","E"],"character_chosen":"DEFECT","items_purchased":["Loop","Sunder","Calipers"],"campfire_rested":1,"item_purchase_floors":[2,4,28],"current_hp_per_floor":[70,70,77,77,77,77,77,55,55,55,55,55,45,50,50,19,87,65,37,14,14,14,20,46,46,46,46,46,0,0],"gold":7,"neow_bonus":"RANDOM_COLORLESS","is_daily":false,"chose_seed":false,"campfire_upgraded":4,"win_rate":0.0,"timestamp":1607778471,"path_taken":["M","$","?","?","?","R","M","M","T","R","M","?","E","?","R","BOSS","M","?","M","?","?","E","R","?","T","R","$","E"],"items_purchased_type":["Card","Card","Relic"],"build_version":"2020-11-30","purchased_purges":0,"victory":false,"max_hp_per_floor":[75,75,82,82,82,82,82,82,82,82,82,82,82,87,87,87,87,87,87,87,87,87,87,87,87,87,87,87,87,87],"card_choices":[{"not_picked":["Panacea","Dark Shackles"],"picked":"Good Instincts","floor":0},{"not_picked":["Rebound","Recycle"],"picked":"Leap","floor":1},{"not_picked":["Sweeping Beam","Redo"],"picked":"Leap","floor":5},{"not_picked":["Compile Driver","Turbo"],"picked":"Coolheaded","floor":7},{"not_picked":["Rebound","Steam"],"picked":"Genetic Algorithm","floor":8},{"not_picked":["Turbo","Sweeping Beam"],"picked":"Coolheaded","floor":11},{"not_picked":["Darkness","FTL","Sweeping Beam"],"picked":"SKIP","floor":13},{"not_picked":["Multi-Cast","Creative AI"],"picked":"Machine Learning","floor":16},{"not_picked":["Gash","Steam"],"picked":"Streamline","floor":18},{"not_picked":["Stack","Hologram"],"picked":"Barrage","floor":19},{"not_picked":["Genetic Algorithm+1","Compile Driver+1","Hello World"],"picked":"SKIP","floor":20},{"not_picked":["Genetic Algorithm+1","Compile Driver+1","Hello World"],"picked":"SKIP","floor":20},{"not_picked":["FTL","Ball Lightning"],"picked":"Auto Shields+1","floor":23}],"player_experience":737897,"relics_obtained":[{"floor":9,"key":"Darkstone Periapt"},{"floor":13,"key":"Emotion Chip"},{"floor":23,"key":"Gremlin Horn"},{"floor":26,"key":"Regal Pillow"}],"event_choices":[{"cards_removed":["Leap"],"damage_healed":0,"gold_gain":0,"player_choice":"Gave Card","damage_taken":0,"relics_obtained":["Strawberry"],"max_hp_gain":0,"max_hp_loss":0,"event_name":"WeMeetAgain","floor":3,"gold_loss":0},{"damage_healed":0,"gold_gain":0,"player_choice":"Got Potions","damage_taken":0,"max_hp_gain":0,"max_hp_loss":0,"event_name":"Lab","floor":14,"gold_loss":0},{"damage_healed":0,"gold_gain":0,"player_choice":"Ignored","damage_taken":0,"max_hp_gain":0,"max_hp_loss":0,"event_name":"Cursed Tome","floor":21,"gold_loss":0},{"damage_healed":0,"gold_gain":0,"player_choice":"Obtained Relic","damage_taken":0,"relics_obtained":["Bag of Marbles"],"max_hp_gain":0,"max_hp_loss":0,"event_name":"Addict","floor":22,"gold_loss":85},{"cards_removed":["Strike_B"],"damage_healed":0,"gold_gain":0,"player_choice":"Elegance","damage_taken":0,"max_hp_gain":0,"max_hp_loss":0,"event_name":"Back to Basics","floor":25,"gold_loss":0}],"is_beta":false,"boss_relics":[{"not_picked":["Fusion Hammer","Pandora\u0027s Box"],"picked":"Inserter"}],"items_purged_floors":[],"is_endless":false,"potions_floor_spawned":[7,8,13,20],"killed_by":"Gremlin Leader","ascension_level":4}}