{"host":"2pgz2fctomabfk86","time":1607748435,"event":{"mods":["AchievementEnabler","BaseMod","Colored Map","DeckTracker","Minty Spire (QoL Compilation)","StSLib","SuperFastMode"],"gold_per_floor":[111,131,141,58,58,58,87,104,174,174,174,174,192,208,208,208,208],"floor_reached":16,"playtime":574,"items_purged":[],"score":189,"play_id":"e3343dea-dbbf-4056-9c51-a1216ae326c2","local_time":"20201212134715","is_ascension_mode":true,"campfire_choices":[{"data":"Eruption","floor":6,"key":"SMITH"},{"floor":10,"key":"REST"},{"data":"MentalFortress","floor":12,"key":"SMITH"},{"data":"CrushJoints","floor":15,"key":"SMITH"}],"circlet_count":0,"master_deck":["AscendersBane","Strike_P","Strike_P","Strike_P","Defend_P","Defend_P","Defend_P","Defend_P","Eruption+1","Vigilance","EmptyBody","CrushJoints+1","FearNoEvil","Adaptation+1","Consecrate","MentalFortress+1","FollowUp","WheelKick"],"relics":["PureWater","Shovel","Toy Ornithopter","Matryoshka"],"acts_visited":["Exordium"],"potions_floor_usage":[7,14,16],"damage_taken":[{"damage":2,"enemies":"Jaw Worm","floor":1,"turns":7},{"damage":8,"enemies":"Small Slimes","floor":2,"turns":6},{"damage":0,"enemies":"Cultist","floor":3,"turns":2},{"damage":25,"enemies":"3 Sentries","floor":7,"turns":6},{"damage":16,"enemies":"3 Louse","floor":8,"turns":3},{"damage":10,"enemies":"Looter","floor":13,"turns":4},{"damage":5,"enemies":"Exordium Thugs","floor":14,"turns":5},{"damage":20,"enemies":"Hexaghost","floor":16,"turns":8}],"seed_played":"-8317015209268828299","potions_obtained":[{"floor":3,"key":"SkillPotion"},{"floor":7,"key":"Weak Potion"},{"floor":8,"key":"SkillPotion"},{"floor":13,"key":"SteroidPotion"},{"floor":14,"key":"PowerPotion"}],"is_trial":false,"path_per_floor":["M","M","M","$","?","R","E","M","T","R","?","R","M","M","R","B"],"character_chosen":"WATCHER","items_purchased":["Adaptation"],"campfire_rested":1,"item_purchase_floors":[4],"current_hp_per_floor":[59,51,51,51,46,46,21,5,5,25,25,25,15,15,15,0,0],"gold":208,"neow_bonus":"REMOVE_CARD","is_daily":false,"chose_seed":false,"campfire_upgraded":3,"win_rate":0.0,"timestamp":1607748435,"path_taken":["M","M","M","$","?","R","E","M","T","R","?","R","?","M","R","BOSS"],"items_purchased_type":["Card"],"build_version":"2020-11-30","purchased_purges":0,"victory":false,"max_hp_per_floor":[68,68,68,68,68,68,68,68,68,68,68,68,68,68,68,68,68],"card_choices":[{"not_picked":["Halt","Collect"],"picked":"EmptyBody","floor":1},{"not_picked":["Halt","JustLucky"],"picked":"CrushJoints","floor":2},{"not_picked":["EmptyBody","Scrawl"],"picked":"FearNoEvil","floor":3},{"not_picked":["SashWhip","PathToVictory"],"picked":"Consecrate","floor":7},{"not_picked":["Prostrate","Protect"],"picked":"MentalFortress","floor":8},{"not_picked":["CutThroughFate","MasterReality"],"picked":"FollowUp","floor":13},{"not_picked":["ThirdEye","Conclude"],"picked":"WheelKick","floor":14}],"player_experience":918081,"relics_obtained":[{"floor":7,"key":"Toy Ornithopter"},{"floor":9,"key":"Matryoshka"}],"event_choices":[{"damage_healed":0,"gold_gain":0,"player_choice":"Success","damage_taken":5,"relics_obtained":["Shovel"],"max_hp_gain":0,"max_hp_loss":0,"event_name":"Scrap Ooze","floor":5,"gold_loss":0},{"damage_healed":0,"gold_gain":0,"player_choice":"Upgraded","damage_taken":0,"max_hp_gain":0,"max_hp_loss":0,"event_name":"Upgrade Shrine","floor":11,"gold_loss":0,"cards_upgraded":["Adaptation"]}],"is_beta":false,"boss_relics":[],"items_purged_floors":[],"is_endless":false,"potions_floor_spawned":[3,7,8,13,14],"killed_by":"Hexaghost","ascension_level":17}}