{"host":"dntw6kil9p09eemm","time":1607771700,"event":{"mods":["2.2 Compatiblity","BaseMod","Become a monster €›?Œ÷","Colored Powertips","Conspire","Downfall","Hermit","Minty Spire (QoL Compilation)","Shop Mod","StSLib","The Alterego","The Runesmith"],"gold_per_floor":[212,287,305,321,337,370,370,184,211,225,225,225,238,267,267,267,267],"floor_reached":16,"playtime":1135,"items_purged":[],"score":102,"play_id":"9f7dcc16-e047-432f-a522-8595894f2b64","local_time":"20201212201500","is_ascension_mode":false,"campfire_choices":[{"floor":12,"key":"REST"},{"floor":15,"key":"REST"}],"circlet_count":0,"master_deck":["Runesmith:Strike_RS","Runesmith:Strike_RS","Runesmith:Strike_RS","Runesmith:Defend_RS","Runesmith:Defend_RS","Runesmith:Defend_RS","Runesmith:Defend_RS","Runesmith:CraftFirestone","Runesmith:Fortify","Runesmith:DoubleUp","Runesmith:MakeshiftArmor","Runesmith:Repurpose","Runesmith:FissionHammer","Runesmith:HammerThrow","Runesmith:EarthShield","Runesmith:Malloc","Runesmith:EarthShield"],"relics":["Runesmith:BrokenRuby","Strawberry","MerchantsRug","Happy Flower","Golden Idol","Odd Mushroom"],"acts_visited":["Exordium"],"potions_floor_usage":[16],"damage_taken":[{"damage":0,"enemies":"conspire:RoseBush","floor":1,"turns":3},{"damage":0,"enemies":"Small Slimes","floor":3,"turns":4},{"damage":0,"enemies":"Cultist","floor":4,"turns":4},{"damage":0,"enemies":"3 Louse","floor":5,"turns":5},{"damage":23,"enemies":"Lagavulin","floor":6,"turns":9},{"damage":7,"enemies":"Blue Slaver","floor":10,"turns":4},{"damage":10,"enemies":"Gremlin Gang","floor":13,"turns":6},{"damage":7,"enemies":"The Mushroom Lair","floor":14,"turns":4},{"damage":40,"enemies":"The Guardian","floor":16,"turns":11}],"seed_played":"4857902821626668294","potions_obtained":[{"floor":4,"key":"Swift Potion"},{"floor":10,"key":"SteroidPotion"},{"floor":13,"key":"PowerPotion"},{"floor":14,"key":"Guardian:BlockOnCardUsePotion"}],"is_trial":false,"path_per_floor":["M","?","M","M","M","E","?","$","T","M","?","R","M","?","R","B"],"character_chosen":"RUNESMITH_CLASS","items_purchased":["MerchantsRug","Runesmith:HammerThrow"],"campfire_rested":2,"item_purchase_floors":[8,8],"current_hp_per_floor":[70,59,59,59,59,43,36,36,36,29,10,33,23,16,39,0,0],"gold":267,"neow_bonus":"HUNDRED_GOLD","is_daily":false,"chose_seed":false,"campfire_upgraded":0,"win_rate":0.0,"timestamp":1607771700,"path_taken":["M","?","M","M","M","E","?","$","T","M","?","R","M","?","R","BOSS"],"items_purchased_type":["Relic","Card"],"build_version":"2020-11-30","purchased_purges":0,"victory":false,"max_hp_per_floor":[70,70,70,70,70,77,77,77,77,77,77,77,77,77,77,77,77],"card_choices":[{"not_picked":["Runesmith:HeatExchange","Runesmith:Firewall"],"picked":"Runesmith:DoubleUp","floor":1},{"not_picked":["Runesmith:HeatedChisel","Runesmith:Empowerment"],"picked":"Runesmith:MakeshiftArmor","floor":3},{"not_picked":["Runesmith:Firestorm","Runesmith:Refine","Runesmith:WhiteBalance"],"picked":"SKIP","floor":4},{"not_picked":["Runesmith:BackupBattery","Runesmith:Retool"],"picked":"Runesmith:Repurpose","floor":5},{"not_picked":["Runesmith:HeatedChisel","Runesmith:OneForEveryone"],"picked":"Runesmith:FissionHammer","floor":6},{"not_picked":["Runesmith:Grindstone","Runesmith:Augment"],"picked":"Runesmith:EarthShield","floor":10},{"not_picked":["Runesmith:ChiselStab","Runesmith:Superposition"],"picked":"Runesmith:Malloc","floor":13},{"not_picked":["Runesmith:Malloc","Runesmith:MakeshiftArmor"],"picked":"Runesmith:EarthShield","floor":14}],"player_experience":330057,"relics_obtained":[{"floor":6,"key":"Strawberry"},{"floor":9,"key":"Happy Flower"},{"floor":14,"key":"Odd Mushroom"}],"event_choices":[{"damage_healed":0,"gold_gain":75,"player_choice":"Gather Gold","damage_taken":11,"max_hp_gain":0,"max_hp_loss":0,"event_name":"World of Goop","floor":2,"gold_loss":0},{"cards_removed":["Runesmith:Strike_RS"],"damage_healed":0,"gold_gain":0,"player_choice":"Card Removal","damage_taken":7,"max_hp_gain":0,"max_hp_loss":0,"event_name":"Golden Wing","floor":7,"gold_loss":0},{"damage_healed":0,"gold_gain":0,"player_choice":"Take Damage","damage_taken":19,"relics_obtained":["Golden Idol"],"max_hp_gain":0,"max_hp_loss":0,"event_name":"Golden Idol","floor":11,"gold_loss":0},{"damage_healed":0,"gold_gain":0,"player_choice":"Fought Mushrooms","damage_taken":0,"max_hp_gain":0,"max_hp_loss":0,"event_name":"Mushrooms","floor":14,"gold_loss":0}],"is_beta":false,"boss_relics":[],"items_purged_floors":[],"is_endless":false,"potions_floor_spawned":[4,10,13,14],"killed_by":"The Guardian","ascension_level":0}}