{"host":"mytek2nu1hrzdnew","time":1607812369,"event":{"mods":["Aspiration","BaseMod","Conspire","GifTheSpireLib","Gold Saver","Hubris","Infinite Spire","Minty Spire (QoL Compilation)","Replay The Spire","StSLib","Stuff the Spire","The Animator"],"gold_per_floor":[705,10,185,204,216,216,259,259,259,259,282,18,36,50,50,152,202,226,240,240,256,287,287,287,312,339,68,68,68,0,17,17,17,17],"floor_reached":33,"playtime":2386,"items_purged":["Normality","Doubt","animator:Strike"],"score":317,"play_id":"485ba368-a9bb-477d-b1b9-edd880ff3abf","local_time":"20201212173249","is_ascension_mode":false,"campfire_choices":[{"data":"animator:Aqua","floor":6,"key":"SMITH"},{"data":"animator:Tyuule","floor":6,"key":"SMITH"},{"data":"animator:Hans","floor":15,"key":"SMITH"},{"data":"animator:DolaSchwi","floor":15,"key":"SMITH"},{"floor":23,"key":"REST"},{"floor":32,"key":"REST"}],"circlet_count":0,"master_deck":["animator:Strike_Konosuba","animator:Defend_Konosuba","animator:Strike","animator:Strike","animator:Defend","animator:Defend","animator:Defend","animator:Kazuma","animator:Aqua+1","animator:DolaSchwi+1","animator:Togame","animator:Canti","animator:Tyuule+1","animator:Rena","infinitespire:DeathsTouch+1","animator:Megumin+3","animator:Hans+1","animator:Elesis","animator:Hans+1","animator:Togame","animator:Elsword","animator:Verdia","infinitespire:Menacing","animator:Tyuule","animator:Darkness"],"relics":["animator:LivingPicture","animator:TheMissingPiece","ReplayTheSpireMod:CursedCoin","Thread and Needle","Replay:Arrowhead","hubris:MysteriousPyramids","hubris:SphereOfDissonance","Tiny House","animator:VividPicture","Regal Pillow","Pet Ghost","Omamori","Guide Book"],"acts_visited":["Exordium","TheCity"],"potions_floor_usage":[7,14,16,16,21,33,33],"damage_taken":[{"damage":0,"enemies":"2 Louse","floor":1,"turns":6},{"damage":0,"enemies":"Cultist","floor":4,"turns":4},{"damage":0,"enemies":"Small Slimes","floor":5,"turns":4},{"damage":19,"enemies":"Lagavulin","floor":7,"turns":5},{"damage":5,"enemies":"2 Fungi Beasts","floor":11,"turns":2},{"damage":0,"enemies":"3 Louse","floor":13,"turns":2},{"damage":0,"enemies":"Lots of Slimes","floor":14,"turns":2},{"damage":0,"enemies":"Fading Forest","floor":16,"turns":11},{"damage":13,"enemies":"Shell Parasite","floor":18,"turns":5},{"damage":9,"enemies":"Chosen","floor":19,"turns":4},{"damage":28,"enemies":"3 Cultists","floor":21,"turns":6},{"damage":3,"enemies":"Sentry and Sphere","floor":22,"turns":5},{"damage":47,"enemies":"Slavers","floor":25,"turns":5},{"damage":27,"enemies":"Snake Plant","floor":31,"turns":4},{"damage":54,"enemies":"Collector","floor":33,"turns":3}],"seed_played":"2655702257848505834","potions_obtained":[{"floor":4,"key":"Swift Potion"},{"floor":5,"key":"Adrenaline Potion"},{"floor":11,"key":"infinitespire:BlackPotion"},{"floor":13,"key":"Fire Potion"},{"floor":14,"key":"LifebloodPotion"},{"floor":17,"key":"SpeedPotion"},{"floor":19,"key":"AttackPotion"},{"floor":31,"key":"Fire Potion"}],"is_trial":false,"path_per_floor":["M","$","?","M","M","R","E","?","T","?","M","$","M","M","R","B",null,"M","M","AVR","M","M","R","?","E","T","$","?","?","?","M","R","B"],"character_chosen":"THE_ANIMATOR","items_purchased":["ReplayTheSpireMod:CursedCoin","animator:Togame","animator:Canti","Thread and Needle","Replay:Arrowhead","animator:Hans","Guide Book"],"campfire_rested":2,"item_purchase_floors":[2,2,2,2,2,12,27],"current_hp_per_floor":[66,66,66,66,66,66,50,34,34,53,51,51,51,55,55,67,72,59,54,54,29,29,65,65,25,25,25,25,28,28,4,42,0,0],"gold":17,"neow_bonus":"HUNDRED_GOLD","is_daily":false,"chose_seed":false,"campfire_upgraded":4,"win_rate":0.0,"timestamp":1607812369,"path_taken":["M","$","?","M","M","R","E","?","T","?","M","$","M","M","R","BOSS","M","M","AVR","M","M","R","?","E","T","$","?","?","?","M","R","BOSS"],"items_purchased_type":["Relic","Card","Card","Relic","Relic","Card","Relic"],"build_version":"2020-11-30","purchased_purges":3,"victory":false,"max_hp_per_floor":[66,66,66,66,66,66,66,66,66,66,66,66,66,67,67,67,72,72,73,73,73,73,73,73,74,74,74,74,77,77,77,77,77,77],"card_choices":[{"not_picked":["animator:Shion","animator:Kazuma"],"picked":"animator:DolaSchwi","floor":1},{"not_picked":["animator:SayakaMiki","animator:Aisha","animator:IrohaTamaki"],"picked":"SKIP","floor":4},{"not_picked":["animator:YunYun","animator:TsurugaMeisai"],"picked":"animator:Tyuule","floor":5},{"not_picked":["animator:Aisha","animator:Chung"],"picked":"animator:Rena","floor":7},{"not_picked":["infinitespire:SealOfDarkness+","infinitespire:TheBestDefense"],"picked":"infinitespire:DeathsTouch","floor":8},{"not_picked":["animator:Aisha","animator:Darkness"],"picked":"animator:Megumin","floor":11},{"not_picked":["animator:Bozes","animator:IrohaTamaki","animator:Hakurou"],"picked":"SKIP","floor":13},{"not_picked":["animator:Ara","animator:SuzuneAmano"],"picked":"animator:Elesis","floor":14},{"not_picked":["animator:Shizu","animator:Shiro"],"picked":"animator:Hans","floor":16},{"not_picked":["animator:Aisha","animator:IrohaTamaki"],"picked":"animator:Togame","floor":17},{"not_picked":["animator:Ain","animator:Chung"],"picked":"animator:Elsword","floor":18},{"not_picked":["animator:Tet","animator:Jibril"],"picked":"animator:Verdia","floor":19},{"not_picked":["animator:Azekura+1","animator:Shion","animator:Konayuki"],"picked":"SKIP","floor":21},{"not_picked":["animator:Chung+1","animator:OrikoMikuni"],"picked":"animator:Eris","floor":22},{"not_picked":["animator:Vanir","animator:Mitsurugi"],"picked":"animator:Darkness","floor":25},{"not_picked":["animator:KyokoSakura","animator:Raven+1","animator:Hitei"],"picked":"SKIP","floor":31}],"player_experience":1088895,"relics_obtained":[{"floor":7,"key":"hubris:MysteriousPyramids"},{"floor":9,"key":"hubris:SphereOfDissonance"},{"floor":25,"key":"Pet Ghost"},{"floor":26,"key":"Omamori"}],"event_choices":[{"damage_healed":0,"gold_gain":175,"player_choice":"AGREE","damage_taken":0,"max_hp_gain":0,"max_hp_loss":0,"event_name":"Liars Game","floor":3,"gold_loss":0,"cards_obtained":["Doubt"]},{"damage_healed":0,"gold_gain":0,"player_choice":"Read","damage_taken":0,"max_hp_gain":0,"max_hp_loss":0,"event_name":"The Library","floor":24,"gold_loss":0,"cards_obtained":["animator:Tyuule"]},{"damage_healed":0,"gold_gain":0,"player_choice":"Leave","damage_taken":0,"max_hp_gain":0,"max_hp_loss":0,"event_name":"conspire:Investor","floor":28,"gold_loss":0},{"damage_healed":0,"gold_gain":0,"player_choice":"Paid Fearfully","damage_taken":0,"max_hp_gain":0,"max_hp_loss":0,"event_name":"Masked Bandits","floor":30,"gold_loss":68}],"is_beta":false,"boss_relics":[{"not_picked":["hubris:ScarierMask","Replay:Bronze Core"],"picked":"Tiny House"}],"items_purged_floors":[2,12,27],"is_endless":false,"potions_floor_spawned":[4,5,11,13,14,19,31],"killed_by":"Collector","ascension_level":0}}