{"host":"bf1tnxyvjw6wp3cl","time":1607812373,"event":{"mods":["AchievementEnabler","BaseMod","Block Reminder","Colored Powertips","Minty Spire (QoL Compilation)","Quick Restart","Relic Stats","StSLib","SuperFastMode"],"gold_per_floor":[109,109,128,105,105,132,132,132,132,163,163,174,194,211,211,211,211],"floor_reached":16,"playtime":293,"items_purged":[],"score":135,"play_id":"abded89a-8c3c-4345-8a85-5cb345a115f1","local_time":"20201212173253","is_ascension_mode":false,"campfire_choices":[{"data":"Sword Boomerang","floor":11,"key":"SMITH"},{"data":"Sword Boomerang","floor":15,"key":"SMITH"}],"circlet_count":0,"master_deck":["Strike_R","Strike_R","Strike_R","Strike_R","Strike_R","Defend_R","Defend_R","Defend_R","Defend_R","Bash","Sword Boomerang+1","Sword Boomerang+1","Heavy Blade","Cleave","Bloodletting","Thunderclap","Heavy Blade","Pommel Strike"],"relics":["Burning Blood","NeowsBlessing","Potion Belt","Toy Ornithopter","HornCleat"],"acts_visited":["Exordium"],"potions_floor_usage":[16,16,16],"damage_taken":[{"damage":0,"enemies":"Cultist","floor":1,"turns":1},{"damage":0,"enemies":"2 Louse","floor":3,"turns":1},{"damage":0,"enemies":"3 Sentries","floor":6,"turns":1},{"damage":20,"enemies":"Gremlin Nob","floor":10,"turns":4},{"damage":0,"enemies":"Small Slimes","floor":12,"turns":2},{"damage":8,"enemies":"Red Slaver","floor":13,"turns":3},{"damage":10,"enemies":"Blue Slaver","floor":14,"turns":2},{"damage":89,"enemies":"The Guardian","floor":16,"turns":12}],"seed_played":"5759816284190833959","potions_obtained":[{"floor":1,"key":"AttackPotion"},{"floor":12,"key":"Block Potion"},{"floor":13,"key":"LiquidBronze"}],"is_trial":false,"path_per_floor":["M","?","M","$","?","E","?","$","T","E","R","M","M","M","R","B"],"character_chosen":"IRONCLAD","items_purchased":["Heavy Blade"],"campfire_rested":0,"item_purchase_floors":[4],"current_hp_per_floor":[80,80,80,80,85,85,85,85,85,71,71,77,75,71,71,0,0],"gold":211,"neow_bonus":"THREE_ENEMY_KILL","is_daily":false,"chose_seed":false,"campfire_upgraded":2,"win_rate":0.0,"timestamp":1607812373,"path_taken":["M","?","?","$","?","E","?","$","T","E","R","M","?","M","R","BOSS"],"items_purchased_type":["Card"],"build_version":"2020-11-30","purchased_purges":0,"victory":false,"max_hp_per_floor":[80,80,80,80,85,85,85,85,85,85,85,85,85,85,85,85,85],"relic_stats":{"counters":[8,26],"obtain_stats":[{"Potion Belt":6,"HornCleat":10,"NeowsBlessing":0,"Burning Blood":0,"Toy Ornithopter":9},{"Potion Belt":3,"HornCleat":4,"NeowsBlessing":0,"Burning Blood":0,"Toy Ornithopter":3},{"Potion Belt":3,"HornCleat":7,"NeowsBlessing":0,"Burning Blood":0,"Toy Ornithopter":3}],"Burning Blood":24,"Toy Ornithopter":15},"card_choices":[{"not_picked":["Second Wind","True Grit"],"picked":"Sword Boomerang","floor":1},{"not_picked":["Whirlwind","Headbutt"],"picked":"Sword Boomerang","floor":3},{"not_picked":["Body Slam","Anger"],"picked":"Cleave","floor":6},{"not_picked":["Havoc","Headbutt"],"picked":"Bloodletting","floor":10},{"not_picked":["Wild Strike","Bloodletting"],"picked":"Thunderclap","floor":12},{"not_picked":["Armaments","Barricade"],"picked":"Heavy Blade","floor":13},{"not_picked":["True Grit","Armaments"],"picked":"Pommel Strike","floor":14}],"player_experience":143483,"relics_obtained":[{"floor":6,"key":"Potion Belt"},{"floor":9,"key":"Toy Ornithopter"},{"floor":10,"key":"HornCleat"}],"event_choices":[{"damage_healed":0,"gold_gain":0,"player_choice":"Bought 0 Potions","damage_taken":0,"max_hp_gain":0,"max_hp_loss":0,"event_name":"The Woman in Blue","floor":2,"gold_loss":0},{"damage_healed":0,"gold_gain":0,"player_choice":"Donut","damage_taken":0,"max_hp_gain":5,"max_hp_loss":0,"event_name":"Big Fish","floor":5,"gold_loss":0},{"damage_healed":0,"gold_gain":0,"player_choice":"Ignored","damage_taken":0,"max_hp_gain":0,"max_hp_loss":0,"event_name":"NoteForYourself","floor":7,"gold_loss":0}],"is_beta":false,"boss_relics":[],"items_purged_floors":[],"is_endless":false,"potions_floor_spawned":[1,12,13],"killed_by":"The Guardian","ascension_level":0}}