{"host":"tynsn0dqx28gbnht","time":1607806139,"event":{"mods":["BaseMod","Downfall","Minty Spire (QoL Compilation)","StSLib"],"gold_per_floor":[99,116,116,216,228,67,67,67,81,6,16,28,13,13,25,122,172,97,197,228,228,241,241,267,295,320,320,320,320,342,81,101,210,210,210,246,246,396,396,109,109,109,109,129,147,162,29,47,47,47],"floor_reached":51,"playtime":3169,"items_purged":[],"score":814,"play_id":"0f201f74-914e-43e2-b156-196215792f9c","local_time":"20201212134859","is_ascension_mode":true,"campfire_choices":[{"floor":1.0,"key":"RECALL"},{"data":"Guardian:TwinSlam","floor":8.0,"key":"SMITH"},{"data":"Guardian:TemporalShield","floor":10.0,"key":"SMITH"},{"data":"Guardian:CompilePackage","floor":18,"key":"SMITH"},{"data":"J.A.X.","floor":21,"key":"SMITH"},{"floor":23,"key":"REST"},{"data":"Guardian:Orbwalk","floor":27,"key":"SMITH"},{"data":"Guardian:Repulse","floor":35,"key":"SMITH"},{"floor":37,"key":"REST"},{"floor":43,"key":"REST"}],"circlet_count":0,"master_deck":["Guardian:Strike_Guardian+1","Guardian:Strike_Guardian+1","Guardian:Defend_Guardian+1","Guardian:Defend_Guardian+1","Guardian:Defend_Guardian+1","Guardian:Defend_Guardian+1","Guardian:CurlUp","Guardian:TwinSlam+1","Guardian:Recover","Guardian:GuardianWhirl","Guardian:TemporalShield+1","Guardian:ShieldCharger","Guardian:Orbwalk+1","Guardian:VentSteam","Guardian:SentryBeam","Guardian:CompilePackage+1","Guardian:ShieldSpikes","J.A.X.+1","Guardian:TimeCapacitor","Guardian:AncientConstruct","Guardian:PiercingHide+1","Guardian:Incinerate+1","Guardian:EvasiveProtocol","Guardian:PrismaticBarrier+1","expansioncontent:LastStand","Guardian:Repulse+1","Guardian:Incinerate","Guardian:GemFinder+1","Guardian:CrystalBeam+1","expansioncontent:Corrupt","Guardian:Reroute","Guardian:Gem_Lightblue","Guardian:Gem_Green","Guardian:Gem_Lightblue","Guardian:Gem_Lightblue","Guardian:Gem_Yellow","Guardian:Incinerate+1","Guardian:TemporalStrike","Guardian:BronzeOrb","Guardian:Gem_Lightblue","Guardian:Incinerate"],"relics":["Guardian:ModeShifter","Regal Pillow","Happy Flower","downfall:HeartBlessingRed","Tiny House","downfall:HeartBlessingBlue","MutagenicStrength","Tiny Chest","Philosopher\u0027s Stone","Gremlin Horn","Toy Ornithopter","Lee\u0027s Waffle","Pear"],"acts_visited":["Exordium","TheCity","TheBeyond"],"potions_floor_usage":[15,19,20,32,49],"damage_taken":[{"damage":0.0,"enemies":"Small Slimes","floor":2.0,"turns":4.0},{"damage":13.0,"enemies":"Jaw Worm","floor":5.0,"turns":6.0},{"damage":0.0,"enemies":"downfall:FleeingMerchant","floor":6.0,"turns":4.0},{"damage":1.0,"enemies":"Cultist","floor":9.0,"turns":3.0},{"damage":0.0,"enemies":"Exordium Wildlife","floor":11.0,"turns":6.0},{"damage":10.0,"enemies":"2 Fungi Beasts","floor":12.0,"turns":3.0},{"damage":0.0,"enemies":"downfall:FleeingMerchant","floor":13.0,"turns":4.0},{"damage":0,"enemies":"Lots of Slimes","floor":15,"turns":1},{"damage":7,"enemies":"downfall:Watcher","floor":16,"turns":9},{"damage":5,"enemies":"downfall:Augmenter","floor":19,"turns":6},{"damage":17,"enemies":"Slavers","floor":20,"turns":3},{"damage":8,"enemies":"Shell Parasite","floor":22,"turns":4},{"damage":5,"enemies":"3 Byrds","floor":25,"turns":4},{"damage":13,"enemies":"Cultist and Chosen","floor":26,"turns":6},{"damage":10,"enemies":"Chosen and Byrds","floor":30,"turns":6},{"damage":9,"enemies":"downfall:FleeingMerchant","floor":31,"turns":4},{"damage":5,"enemies":"Snecko","floor":32,"turns":7},{"damage":37,"enemies":"downfall:Ironclad","floor":33,"turns":10},{"damage":15,"enemies":"3 Darklings","floor":36,"turns":4},{"damage":21,"enemies":"downfall:FleeingMerchant","floor":40,"turns":4},{"damage":20,"enemies":"Orb Walker","floor":44,"turns":6},{"damage":25,"enemies":"Writhing Mass","floor":45,"turns":7},{"damage":10,"enemies":"Transient","floor":46,"turns":5},{"damage":0,"enemies":"downfall:FleeingMerchant","floor":47,"turns":4},{"damage":28,"enemies":"Spire Growth","floor":48,"turns":6},{"damage":0,"enemies":"4 Shapes","floor":49,"turns":1},{"damage":39,"enemies":"downfall:Defect","floor":50,"turns":8}],"seed_played":"-3687166283005864500","potions_obtained":[{"floor":5.0,"key":"Guardian:DefensiveModePotion"},{"floor":11.0,"key":"SpeedPotion"},{"floor":12.0,"key":"CultistPotion"},{"floor":16,"key":"Energy Potion"},{"floor":17,"key":"SteroidPotion"},{"floor":22,"key":"hexamod:EctoCoolerPotion"},{"floor":25,"key":"Strength Potion"},{"floor":26,"key":"SteroidPotion"},{"floor":45,"key":"SmokeBomb"}],"is_trial":false,"path_per_floor":["R","M","?","?","M","$","T","R","M","R","M","M","$","T","M","B",null,"R","?","E","R","M","R","T","M","M","R","?","?","M","$","M","B",null,"R","M","R","?","T","$","T","?","R","M","M","M","$","M","M","B",null],"character_chosen":"GUARDIAN","items_purchased":["Regal Pillow","Guardian:Gem_Red","Guardian:Gem_Fragmented","expansioncontent:LastStand","Guardian:Repulse","Guardian:Incinerate","Guardian:Gem_Lightblue","expansioncontent:Corrupt","Guardian:Reroute","Lee\u0027s Waffle","Pear","Guardian:TemporalStrike","Guardian:BronzeOrb"],"campfire_rested":3,"item_purchase_floors":[6,31,31,31,31,31,40,40,40,47,47,47,47],"current_hp_per_floor":[88,88,88,88,75,75,75,75,74,74,74,64,64,64,64,57,93,103,98,81,81,73,103,103,98,85,85,85,85,75,66,61,24,103,103,88,103,103,103,82,82,82,103,83,58,48,120,92,97,58],"gold":47,"neow_bonus":"TEN_PERCENT_HP_BONUS","is_daily":false,"chose_seed":false,"campfire_upgraded":6,"win_rate":0.0,"timestamp":1607806139,"path_taken":["R","M","?","?","M","?","T","R","M","R","M","M","$","?","M","BOSS","R","?","E","R","M","R","T","M","M","R","?","?","M","$","M","BOSS","R","M","R","?","?","?","T","?","R","M","M","?","$","M","M","BOSS"],"items_purchased_type":["Relic","Card","Card","Card","Card","Card","Card","Card","Card","Relic","Relic","Card","Card"],"build_version":"2020-11-30","purchased_purges":0,"victory":true,"max_hp_per_floor":[88,88,88,88,88,88,88,88,88,88,88,88,88,88,88,88,93,103,103,103,103,103,103,103,103,103,103,103,103,103,103,103,103,103,103,103,103,103,103,103,103,103,103,103,103,103,120,120,120,120],"card_choices":[{"not_picked":["Guardian:Emergency","Guardian:ChargeUp"],"picked":"Guardian:Recover","floor":2.0},{"not_picked":["Guardian:TemporalShield","Guardian:DonusPower"],"picked":"Guardian:Gem_Blue","floor":5.0},{"not_picked":["Guardian:VentSteam","Guardian:PolyBeam"],"picked":"Guardian:GuardianWhirl","floor":6.0},{"not_picked":["Guardian:RefractedBeam","Guardian:PrimingBeam"],"picked":"Guardian:TemporalShield","floor":9.0},{"not_picked":["Guardian:GuardianWhirl","Guardian:Recover"],"picked":"Guardian:ShieldCharger","floor":11.0},{"not_picked":["Guardian:TemporalStrike","Guardian:PrimingBeam"],"picked":"Guardian:Orbwalk","floor":12.0},{"not_picked":["Guardian:Recover","Guardian:Reroute"],"picked":"Guardian:VentSteam","floor":13.0},{"not_picked":["Guardian:WalkerClaw","Guardian:VentSteam"],"picked":"Guardian:SentryBeam","floor":15},{"not_picked":["Guardian:SphericShield","Guardian:HyperBeam_Guardian"],"picked":"Guardian:CompilePackage","floor":16},{"not_picked":["Guardian:BronzeArmor","Guardian:Reroute"],"picked":"Guardian:Gem_Blue","floor":17},{"not_picked":[],"picked":"J.A.X.","floor":19},{"not_picked":["Guardian:TemporalStrike","Guardian:Recover+1"],"picked":"Guardian:TimeCapacitor","floor":19},{"not_picked":["Guardian:ShieldSpikes","Guardian:TimeBomb"],"picked":"Guardian:Gem_Crimson","floor":20},{"not_picked":["Guardian:PrimingBeam","Guardian:ShieldSpikes"],"picked":"Guardian:AncientConstruct","floor":22},{"not_picked":["Guardian:VentSteam","Guardian:BronzeArmor+1"],"picked":"Guardian:PiercingHide+1","floor":25},{"not_picked":["Guardian:ShieldCharger","Guardian:PiercingHide"],"picked":"Guardian:Incinerate+1","floor":26},{"not_picked":["Guardian:PrimingBeam","Guardian:Harden"],"picked":"Guardian:EvasiveProtocol","floor":30},{"not_picked":["Guardian:Incinerate","Guardian:MultiBeam"],"picked":"Guardian:PrismaticBarrier+1","floor":31},{"not_picked":["Guardian:Recover","Guardian:RollAttack+1"],"picked":"Guardian:Gem_Cyan","floor":32},{"not_picked":["Guardian:FastForward","Guardian:StasisEngine"],"picked":"Guardian:GemFinder","floor":33},{"not_picked":["Guardian:Gem_Green","Guardian:Gem_Cyan"],"picked":"Guardian:Gem_Red","floor":36},{"not_picked":["Guardian:Gem_Green","Guardian:DecasProtection"],"picked":"Guardian:CrystalBeam+1","floor":36},{"not_picked":["Guardian:Gem_Fragmented","Guardian:Gem_Cyan"],"picked":"Guardian:Gem_Blue","floor":40},{"not_picked":["Guardian:Gem_Green","Guardian:Gem_Cyan"],"picked":"Guardian:Gem_Lightblue","floor":44},{"not_picked":["Guardian:Gem_Fragmented","Guardian:ShieldCharger+1"],"picked":"Guardian:Gem_Green","floor":44},{"not_picked":["Guardian:Gem_Red","Guardian:Gem_Cyan"],"picked":"Guardian:Gem_Lightblue","floor":45},{"not_picked":["Guardian:Repulse","Guardian:CrystalBeam+1","Guardian:ShieldSpikes+1"],"picked":"SKIP","floor":45},{"not_picked":["Guardian:Gem_Cyan","Guardian:Gem_Red"],"picked":"Guardian:Gem_Lightblue","floor":46},{"not_picked":["Guardian:DonusPower+1","Guardian:CrystalBeam+1"],"picked":"Guardian:Gem_Yellow","floor":46},{"not_picked":["Guardian:SpikerProtocol","Guardian:Gem_Red"],"picked":"Guardian:Incinerate+1","floor":47},{"not_picked":["Guardian:Gem_Cyan","Guardian:Gem_Green"],"picked":"Guardian:Gem_Lightblue","floor":48},{"not_picked":["Guardian:Harden","Guardian:TemporalShield"],"picked":"Guardian:Incinerate","floor":48}],"player_experience":421997,"relics_obtained":[{"floor":7.0,"key":"Happy Flower"},{"floor":19,"key":"MutagenicStrength"},{"floor":20,"key":"Tiny Chest"},{"floor":24,"key":"CeramicFish"},{"floor":39,"key":"Gremlin Horn"},{"floor":41,"key":"Toy Ornithopter"}],"event_choices":[{"damage_healed":0,"gold_gain":0,"player_choice":"Simplicity","damage_taken":0,"max_hp_gain":0,"max_hp_loss":0,"event_name":"Back to Basics","floor":29,"gold_loss":0,"cards_upgraded":["Guardian:Strike_Guardian","Guardian:Strike_Guardian","Guardian:Defend_Guardian","Guardian:Defend_Guardian","Guardian:Defend_Guardian"]},{"damage_healed":0,"gold_gain":0,"player_choice":"Upgraded","damage_taken":0,"max_hp_gain":0,"max_hp_loss":0,"event_name":"Upgrade Shrine","floor":42,"gold_loss":0,"cards_upgraded":["Guardian:GemFinder"]}],"is_beta":false,"boss_relics":[{"not_picked":["SlaversCollar","Sozu"],"picked":"Tiny House"},{"not_picked":["Empty Cage","Snecko Eye"],"picked":"Philosopher\u0027s Stone"}],"items_purged_floors":[],"is_endless":false,"potions_floor_spawned":[5,11,12,16,22,25,26,45,46,48,49],"ascension_level":1}}