{"host":"1hzg86ju9fvxh562","time":1607808649,"event":{"mods":["AchievementEnabler","Act Like it!","AlwaysNeverKeys","BaseMod","Better Altar","Better Match","Better Note","Better Sensory Stone","Better Skull","Better Third Choice","Colored Map","Colored Powertips","Displayed Cursed Tome","Filter the Spire","Highlight Path","Keyboard Shortcuts","Minty Spire (QoL Compilation)","Rare Cards Sparkle","Relic Sorter","Relic Stats","Spicy Shops","StSLib","everything is the same but u backflip on backflip","slay the spire mod where everything is the same but ironclad has a cowboy hat"],"gold_per_floor":[117,130,130,149,164,164,193,193,218,234,246,260,260,295,295,395,395,405,330,245,245,245,275,292,392,437,453,466,466,495,514,514,612,612,623,623,232,249,1,35,53,81,81,99,99,99,109,34,34,34,34,34,34,68,68],"floor_reached":56,"playtime":3791,"items_purged":["Anger","Demon Form"],"score":1698,"play_id":"e31a8047-fc88-4830-907b-279cc7b8f513","local_time":"20201212193049","is_ascension_mode":true,"campfire_choices":[{"data":"Clothesline","floor":6.0,"key":"SMITH"},{"data":"Brutality","floor":8.0,"key":"SMITH"},{"floor":13.0,"key":"REST"},{"data":"Flex","floor":15.0,"key":"SMITH"},{"floor":29.0,"key":"REST"},{"floor":32,"key":"REST"},{"floor":46,"key":"REST"},{"floor":49,"key":"RECALL"},{"data":"Limit Break","floor":52,"key":"SMITH"}],"circlet_count":0,"master_deck":["Bash+1","Dropkick","Offering","Intimidate","Limit Break+1","Sentinel","Limit Break","Disarm","Clothesline+1","Whirlwind+1","Carnage","Brutality+1","Flex+1","Warcry","Immolate","Battle Trance","Necronomicurse","Insight","Burning Pact","Dropkick+1","Fiend Fire+1","Armaments+1","Insight","Sentinel","Injury"],"relics":["Pandora\u0027s Box","Bag of Marbles","Nunchaku","Regal Pillow","Runic Cube","Pantograph","Necronomicon","Dream Catcher","Orichalcum","Vajra","Cursed Key","DollysMirror","Self Forming Clay","ClockworkSouvenir","Potion Belt","Lantern","Oddly Smooth Stone","Whetstone"],"acts_visited":["Exordium","TheCity","TheBeyond","TheEnding"],"potions_floor_usage":[33,33,44,50,50,55],"damage_taken":[{"damage":7.0,"enemies":"Jaw Worm","floor":1.0,"turns":3.0},{"damage":9.0,"enemies":"Cultist","floor":2.0,"turns":3.0},{"damage":6.0,"enemies":"Small Slimes","floor":4.0,"turns":1.0},{"damage":0.0,"enemies":"3 Louse","floor":5.0,"turns":1.0},{"damage":19.0,"enemies":"Lagavulin","floor":7.0,"turns":4.0},{"damage":6.0,"enemies":"2 Fungi Beasts","floor":10.0,"turns":1.0},{"damage":6.0,"enemies":"Red Slaver","floor":11.0,"turns":1.0},{"damage":6.0,"enemies":"Blue Slaver","floor":12.0,"turns":1.0},{"damage":7.0,"enemies":"Gremlin Nob","floor":14.0,"turns":2.0},{"damage":9.0,"enemies":"Hexaghost","floor":16.0,"turns":4.0},{"damage":7.0,"enemies":"Chosen","floor":18.0,"turns":2.0},{"damage":29.0,"enemies":"Slavers","floor":23.0,"turns":2.0},{"damage":1.0,"enemies":"Spheric Guardian","floor":24.0,"turns":2.0},{"damage":10.0,"enemies":"Chosen and Byrds","floor":27.0,"turns":3.0},{"damage":0.0,"enemies":"Sentry and Sphere","floor":28.0,"turns":2.0},{"damage":26,"enemies":"Gremlin Leader","floor":30,"turns":3},{"damage":1,"enemies":"Snake Plant","floor":31,"turns":2},{"damage":32,"enemies":"Champ","floor":33,"turns":4},{"damage":0,"enemies":"Orb Walker","floor":35,"turns":1},{"damage":6,"enemies":"3 Shapes","floor":38,"turns":1},{"damage":38,"enemies":"Nemesis","floor":40,"turns":3},{"damage":3,"enemies":"Transient","floor":41,"turns":4},{"damage":12,"enemies":"Giant Head","floor":42,"turns":3},{"damage":11,"enemies":"Writhing Mass","floor":44,"turns":2},{"damage":0,"enemies":"Maw","floor":47,"turns":4},{"damage":45,"enemies":"Time Eater","floor":50,"turns":6},{"damage":12,"enemies":"Shield and Spear","floor":54,"turns":2},{"damage":35,"enemies":"The Heart","floor":55,"turns":5}],"seed_played":"-4648713913621655403","potions_obtained":[{"floor":4.0,"key":"FearPotion"},{"floor":5.0,"key":"DuplicationPotion"},{"floor":7.0,"key":"Energy Potion"},{"floor":14.0,"key":"Strength Potion"},{"floor":16.0,"key":"BlessingOfTheForge"},{"floor":24.0,"key":"CultistPotion"},{"floor":30,"key":"FearPotion"},{"floor":31,"key":"ColorlessPotion"},{"floor":33,"key":"Swift Potion"},{"floor":40,"key":"Block Potion"},{"floor":41,"key":"Explosive Potion"},{"floor":44,"key":"Weak Potion"},{"floor":45,"key":"Ancient Potion"},{"floor":45,"key":"Energy Potion"}],"is_trial":false,"path_per_floor":["M","M","?","M","M","R","E","R","T","M","M","M","R","E","R","B",null,"M","?","?","?","?","E","M","?","T","M","M","R","E","M","R","B",null,"M","?","$","M","$","E","M","E","T","M","?","R","M","$","R","B",null,"R","$","E","B",null],"character_chosen":"IRONCLAD","items_purchased":["DollysMirror","Self Forming Clay","ClockworkSouvenir","Oddly Smooth Stone"],"campfire_rested":4,"item_purchase_floors":[37,37,39,48],"current_hp_per_floor":[65,56,56,50,50,50,31,31,31,25,19,13,37,30,30,21,65,58,58,58,42,42,13,12,12,12,2,2,41,15,14,53,46,72,72,72,72,66,66,28,25,13,13,2,2,39,39,39,39,19,62,62,62,50,40],"gold":68,"neow_bonus":"BOSS_RELIC","is_daily":false,"chose_seed":false,"campfire_upgraded":4,"win_rate":0.0,"timestamp":1607808649,"path_taken":["M","M","?","M","M","R","E","R","T","M","M","M","R","E","R","BOSS","M","?","?","?","?","E","M","?","T","M","?","R","E","M","R","BOSS","M","?","$","M","$","E","M","E","T","M","?","R","?","?","R","BOSS","R","$","E","BOSS"],"items_purchased_type":["Relic","Relic","Relic","Relic"],"build_version":"2020-11-30","purchased_purges":2,"victory":true,"max_hp_per_floor":[80,80,80,80,80,80,80,80,80,80,80,80,80,80,80,80,80,80,80,80,80,80,80,80,80,80,80,80,80,80,80,80,80,80,80,76,76,76,76,76,76,76,76,76,76,76,76,76,76,76,76,76,76,76,76],"relic_stats":{"Regal Pillow":45,"counters":[28,72],"Self Forming Clay":[96],"Whetstone":["Fiend Fire","Bash"],"Orichalcum":[96],"Cursed Key":1,"Nunchaku":[15],"Dream Catcher":3,"Pantograph":75,"Pandora\u0027s Box":["Dropkick","Offering","Juggernaut","Anger","Intimidate","Limit Break","Sentinel","Limit Break","Disarm"],"Necronomicon":[45],"obtain_stats":[{"Potion Belt":40,"Regal Pillow":14,"Lantern":42,"Self Forming Clay":37,"Vajra":30,"Oddly Smooth Stone":48,"Whetstone":54,"Orichalcum":26,"Cursed Key":34,"Burning Blood":0,"ClockworkSouvenir":39,"Nunchaku":9,"Dream Catcher":23,"DollysMirror":37,"Pantograph":20,"Pandora\u0027s Box":0,"Bag of Marbles":7,"Necronomicon":21,"Runic Cube":17},{"Potion Belt":21,"Regal Pillow":9,"Lantern":23,"Self Forming Clay":19,"Vajra":16,"Oddly Smooth Stone":25,"Whetstone":27,"Orichalcum":13,"Cursed Key":18,"Burning Blood":0,"ClockworkSouvenir":20,"Nunchaku":5,"Dream Catcher":12,"DollysMirror":19,"Pantograph":11,"Pandora\u0027s Box":0,"Bag of Marbles":5,"Necronomicon":11,"Runic Cube":10},{"Potion Belt":46,"Regal Pillow":17,"Lantern":53,"Self Forming Clay":42,"Vajra":35,"Oddly Smooth Stone":59,"Whetstone":67,"Orichalcum":27,"Cursed Key":41,"Burning Blood":0,"ClockworkSouvenir":43,"Nunchaku":12,"Dream Catcher":25,"DollysMirror":42,"Pantograph":23,"Pandora\u0027s Box":0,"Bag of Marbles":12,"Necronomicon":23,"Runic Cube":21}],"Runic Cube":[62]},"card_choices":[{"not_picked":["Sentinel","Sword Boomerang"],"picked":"Clothesline","floor":1.0},{"not_picked":["Evolve","Headbutt"],"picked":"Whirlwind","floor":2.0},{"not_picked":["Havoc","Sword Boomerang"],"picked":"Carnage","floor":4.0},{"not_picked":["Cleave","Twin Strike","Dual Wield"],"picked":"SKIP","floor":5.0},{"not_picked":["Body Slam","Sever Soul"],"picked":"Brutality","floor":7.0},{"not_picked":["Seeing Red","Wild Strike"],"picked":"Flex","floor":10.0},{"not_picked":["Metallicize","Perfected Strike","Sword Boomerang"],"picked":"SKIP","floor":11.0},{"not_picked":["Whirlwind","Flex"],"picked":"Warcry","floor":12.0},{"not_picked":["Warcry","Twin Strike"],"picked":"Immolate","floor":14.0},{"not_picked":["Corruption","Bludgeon"],"picked":"Demon Form","floor":16.0},{"not_picked":["Clothesline","Sword Boomerang+1"],"picked":"Battle Trance","floor":18.0},{"not_picked":["Perfected Strike","Wild Strike+1"],"picked":"Burning Pact","floor":23.0},{"not_picked":["Uppercut","Entrench+1","Anger"],"picked":"SKIP","floor":24.0},{"not_picked":["Uppercut+1","Twin Strike","Clash+1"],"picked":"SKIP","floor":27.0},{"not_picked":["Twin Strike+1","Headbutt+1"],"picked":"Dropkick+1","floor":28.0},{"not_picked":["Flex","Pommel Strike","Clothesline+1"],"picked":"SKIP","floor":30},{"not_picked":["Flex","Blood for Blood+1","Entrench"],"picked":"SKIP","floor":31},{"not_picked":["Barricade","Immolate"],"picked":"Fiend Fire","floor":33},{"not_picked":["Iron Wave","Shockwave"],"picked":"Armaments+1","floor":35},{"not_picked":["Clash+1","Pummel+1","Headbutt"],"picked":"SKIP","floor":38},{"not_picked":["Combust","Infernal Blade","Pommel Strike"],"picked":"SKIP","floor":40},{"not_picked":["Perfected Strike+1","Uppercut+1","Sword Boomerang+1"],"picked":"SKIP","floor":41},{"not_picked":["Perfected Strike+1","Flame Barrier+1"],"picked":"Sentinel","floor":42},{"not_picked":["Wild Strike","True Grit","Anger+1"],"picked":"SKIP","floor":44},{"not_picked":["Sever Soul","Body Slam","Shrug It Off+1"],"picked":"SKIP","floor":47},{"not_picked":["Perfected Strike","Thunderclap","Immolate"],"picked":"SKIP","floor":54}],"player_experience":371930,"relics_obtained":[{"floor":7.0,"key":"Bag of Marbles"},{"floor":9.0,"key":"Nunchaku"},{"floor":14.0,"key":"Regal Pillow"},{"floor":23.0,"key":"Dream Catcher"},{"floor":26.0,"key":"Orichalcum"},{"floor":30,"key":"Vajra"},{"floor":40,"key":"Potion Belt"},{"floor":42,"key":"Lantern"},{"floor":54,"key":"Whetstone"}],"event_choices":[{"damage_healed":0.0,"max_hp_gain":0.0,"max_hp_loss":0.0,"gold_gain":0.0,"event_name":"Accursed Blacksmith","player_choice":"Forge","floor":3.0,"gold_loss":0.0,"damage_taken":0.0,"cards_upgraded":["Whirlwind"]},{"cards_removed":["Juggernaut"],"damage_healed":0.0,"max_hp_gain":0.0,"max_hp_loss":0.0,"gold_gain":0.0,"event_name":"Beggar","player_choice":"Gave Gold","floor":19.0,"gold_loss":75.0,"damage_taken":0.0},{"damage_healed":0.0,"max_hp_gain":0.0,"max_hp_loss":0.0,"gold_gain":0.0,"event_name":"Addict","player_choice":"Obtained Relic","floor":20.0,"gold_loss":85.0,"damage_taken":0.0,"relics_obtained":["Pantograph"]},{"damage_healed":0.0,"max_hp_gain":0.0,"max_hp_loss":0.0,"gold_gain":0.0,"event_name":"Cursed Tome","player_choice":"Obtained Book","floor":21.0,"gold_loss":0.0,"damage_taken":16.0},{"damage_healed":0.0,"max_hp_gain":0.0,"max_hp_loss":0.0,"gold_gain":0.0,"event_name":"betterThird:BetterWriting","player_choice":"Insight","floor":22.0,"gold_loss":0.0,"damage_taken":0.0,"cards_obtained":["Insight"]},{"damage_healed":0.0,"max_hp_gain":0.0,"max_hp_loss":0.0,"gold_gain":100.0,"event_name":"Golden Shrine","player_choice":"Pray","floor":25.0,"gold_loss":0.0,"damage_taken":0.0},{"damage_healed":0,"gold_gain":0,"player_choice":"Max HP","damage_taken":0,"max_hp_gain":0,"max_hp_loss":4,"event_name":"Winding Halls","floor":36,"gold_loss":0},{"damage_healed":0,"gold_gain":0,"player_choice":"Got Potions","damage_taken":0,"max_hp_gain":0,"max_hp_loss":0,"event_name":"Lab","floor":45,"gold_loss":0}],"is_beta":false,"boss_relics":[{"not_picked":["Coffee Dripper","Runic Dome"],"picked":"Runic Cube"},{"not_picked":["Tiny House","Busted Crown"],"picked":"Cursed Key"}],"items_purged_floors":[37,39],"is_endless":false,"potions_floor_spawned":[4,5,7,14,16,24,30,31,33,40,41,44],"ascension_level":8}}