{"host":"hzyv8pm5uot6l4n9","time":1607813626,"event":{"mods":["Act Like it!","Aspiration","BaseMod","Better Note","Better Third Choice","BetterRewards","Conspire","Dota2Spire","Energized Spire","GifTheSpireLib","Halation","Hallownest","Marisa????????","Minty Spire (QoL Compilation)","QueenMod","Quick Restart","Replay The Spire","StSLib","Stuff the Spire","The Cursed","The Dragon Tamer","The Servant 0.9.4","vexMod"],"gold_per_floor":[115,115,128,16,30,30,65,85,85,98,127,53,73,73,73,170,170,186,186,186,186,186,216,216,247,247,258,258,270,270,288,288,389,389,408,408,419,419,6,31,48,48,48,97,97,124,74,89,89,89,89],"floor_reached":50,"playtime":2694,"items_purged":["ReplayTheSpireMod:Splinters"],"score":872,"play_id":"04a24209-3096-452f-86cd-1519269165cd","local_time":"20201212235346","is_ascension_mode":true,"campfire_choices":[{"data":"DarkMatter","floor":6,"key":"SMITH"},{"data":"DarkMatter","floor":15,"key":"SMITH"},{"floor":24,"key":"RECALL"},{"floor":32,"key":"REST"},{"data":"DarkSpark","floor":42,"key":"SMITH"},{"data":"StuffTheSpire:CopiaOfFamine","floor":42,"key":"SMITH"},{"data":"EscapeVelocity","floor":45,"key":"SMITH"},{"data":"SuperNova","floor":45,"key":"SMITH"},{"data":"EscapeVelocity","floor":49,"key":"SMITH"},{"data":"SuperNova","floor":49,"key":"SMITH"}],"circlet_count":0,"master_deck":["MasterSpark","UpSweep","DragonMeteor","SuperPerseids","GalacticHalo","ChargingUp","SuperNova+1","TreasureHunter","ManaConvection","OortCloud","GrandCross","GalacticHalo","DarkMatter+1","MysteriousBeam+1","DarkSpark+1","ShootTheMoon+1","SatelliteIllusion","StarBarrage+1","DarkMatter+1","Orbital","6A+1","CollectingQuirk+1","DoubleSpark+1","StuffTheSpire:CopiaOfFamine+1","TheCursedMod:Dregs","WitchLeyline+1","SuperPerseids","Orbital+1","TreasureHunter+1","OpenUniverse+1","MysteriousBeam+1","EscapeVelocity+1","AsteroidBelt+1","CasketOfStar","WitchLeyline+1","Acceleration+1","EscapeVelocity+1","BigCrunch","MysteriousBeam+1","Parasite","MysteriousBeam+1","Orbital","SuperNova+1","ShootTheMoon+1"],"relics":["MiniHakkero","Pandora\u0027s Box","Painkiller Herb","Molten Egg 2","Dota2Spire:Mjollnir","Incense Burner","energizedSpire:EnergizedDie","White Beast Statue","Chameleon Ring","Dota2Spire:MagicBottle","vexMod:HeadHunter","Calipers","Eternal Feather","BreadOfAWashokuLover","Smiling Mask","Replay:Arrowhead","ExperimentalFamiliar","Pantograph","StuffTheSpire:EmeraldSignet","Bottled Tornado","Mummified Hand"],"acts_visited":["Exordium","TheCity","TheBeyond"],"potions_floor_usage":[22,23,25,27,50,50],"damage_taken":[{"damage":0,"enemies":"Jaw Worm","floor":1,"turns":2},{"damage":0,"enemies":"Cultist","floor":3,"turns":3},{"damage":2,"enemies":"Small Slimes","floor":5,"turns":2},{"damage":4,"enemies":"3 Sentries","floor":7,"turns":5},{"damage":2,"enemies":"3 Louse","floor":8,"turns":2},{"damage":11,"enemies":"Looter","floor":10,"turns":3},{"damage":17,"enemies":"Lagavulin","floor":11,"turns":4},{"damage":1,"enemies":"Blue Slaver","floor":13,"turns":2},{"damage":0,"enemies":"Slime Boss","floor":16,"turns":9},{"damage":14,"enemies":"3 Byrds","floor":18,"turns":3},{"damage":0,"enemies":"Shell Parasite","floor":22,"turns":2},{"damage":10,"enemies":"Book of Stabbing","floor":23,"turns":4},{"damage":10,"enemies":"Slavers","floor":25,"turns":3},{"damage":7,"enemies":"Shelled Parasite and Fungi","floor":27,"turns":3},{"damage":0,"enemies":"conspire:Head Lice","floor":28,"turns":3},{"damage":0,"enemies":"Cultist and Chosen","floor":29,"turns":3},{"damage":0,"enemies":"Book of Stabbing","floor":30,"turns":3},{"damage":6,"enemies":"3 Cultists","floor":31,"turns":3},{"damage":2,"enemies":"Champ","floor":33,"turns":7},{"damage":0,"enemies":"3 Shapes","floor":35,"turns":2},{"damage":10,"enemies":"3 Darklings","floor":37,"turns":3},{"damage":26,"enemies":"Giant Head","floor":40,"turns":7},{"damage":4,"enemies":"Writhing Mass","floor":41,"turns":3},{"damage":31,"enemies":"Nemesis","floor":46,"turns":4},{"damage":0,"enemies":"Maw","floor":48,"turns":2},{"damage":143,"enemies":"conspire:OrnateMirror","floor":50,"turns":5}],"seed_played":"1934975929086186826","potions_obtained":[{"floor":3,"key":"Dexterity Potion"},{"floor":7,"key":"Dota2Spire:Clarity"},{"floor":11,"key":"AttackPotion"},{"floor":16,"key":"Adrenaline Potion"},{"floor":18,"key":"PowerPotion"},{"floor":22,"key":"Elixir"},{"floor":23,"key":"Strength Potion"},{"floor":25,"key":"Weak Potion"},{"floor":27,"key":"BottledSpark"},{"floor":33,"key":"Venom Potion"},{"floor":35,"key":"ColorlessPotion"},{"floor":41,"key":"Doom Potion"}],"is_trial":false,"path_per_floor":["?","?","?","T","?","T","E","?","T","?","E","T","?","T","T","B",null,"?","?","?","?","?","E","T","E","T","?","E","?","E","?","T","B",null,"?","?","?","?","T","E","?","T","T","?","T","E","T","?","T","B"],"character_chosen":"MARISA","items_purchased":["DarkMatter","MysteriousBeam+1","Orbital","Pantograph","EscapeVelocity"],"campfire_rested":1,"item_purchase_floors":[4,4,12,39,39],"current_hp_per_floor":[75,68,68,68,66,66,62,60,60,49,32,32,31,31,31,31,75,61,69,49,49,49,39,39,29,29,22,22,22,22,22,62,71,75,75,75,65,65,65,45,57,81,81,81,88,57,57,59,83,0,0],"gold":89,"neow_bonus":"DOUBLE_BOSS_RELIC","is_daily":false,"chose_seed":false,"campfire_upgraded":8,"win_rate":0.0,"timestamp":1607813626,"path_taken":["?","?","?","T","?","T","E","?","T","?","E","?","?","T","T","BOSS","?","?","?","?","?","E","T","E","T","?","E","?","E","?","T","BOSS","?","?","?","?","T","E","?","T","T","?","T","E","?","?","T","BOSS"],"items_purchased_type":["Card","Card","Card","Relic","Card"],"build_version":"2020-11-30","purchased_purges":1,"victory":false,"max_hp_per_floor":[75,75,75,75,75,75,75,75,75,75,75,75,75,75,75,75,75,75,75,75,75,75,75,75,75,75,75,75,75,75,75,75,75,75,75,75,75,75,75,75,88,88,88,88,88,88,88,88,88,88,88],"card_choices":[{"not_picked":["NonDirectionalLaser","EarthLightRay"],"picked":"GrandCross","floor":1},{"not_picked":["WitchOfGreed","DC"],"picked":"GalacticHalo","floor":3},{"not_picked":["StarlightTyphoon","ShootingEcho"],"picked":"DarkSpark","floor":5},{"not_picked":["FairyDestructionRay+1","UnstableBomb+1"],"picked":"ShootTheMoon+1","floor":7},{"not_picked":["Orbital","OrrerysSun"],"picked":"SatelliteIllusion","floor":8},{"not_picked":["GravityBeat+1","Acceleration"],"picked":"StarBarrage+1","floor":10},{"not_picked":["6A+1","UnstableBomb+1"],"picked":"DarkMatter","floor":11},{"not_picked":["MagicChant","RefractionSpark+1"],"picked":"6A+1","floor":13},{"not_picked":["SatelliteIllusion","MillisecondPulsars"],"picked":"CollectingQuirk+1","floor":16},{"not_picked":["ShootingEcho+1","DC+1"],"picked":"DoubleSpark+1","floor":18},{"not_picked":["MilkyWay","IllusionStar"],"picked":"WitchLeyline+1","floor":22},{"not_picked":["6A+1","UnstableBomb+1"],"picked":"SuperPerseids","floor":23},{"not_picked":["GalacticHalo","SporeBomb","BinaryStars"],"picked":"SKIP","floor":25},{"not_picked":["DoubleSpark+1","SporeBomb"],"picked":"Orbital+1","floor":27},{"not_picked":["BinaryStars","MillisecondPulsars"],"picked":"TreasureHunter","floor":28},{"not_picked":["UnstableBomb+1","6A+1"],"picked":"OpenUniverse+1","floor":28},{"not_picked":["IllusionStar","PowerUp"],"picked":"MysteriousBeam+1","floor":29},{"not_picked":["AbsoluteMagnitude","JA"],"picked":"EscapeVelocity","floor":30},{"not_picked":["DC+1","LuminesStrike+1","FinalSpark+1"],"picked":"SKIP","floor":30},{"not_picked":["ShootingEcho+1","EnergyRecoil+1"],"picked":"AsteroidBelt+1","floor":31},{"not_picked":["BinaryStars","FinalSpark+1"],"picked":"CasketOfStar","floor":33},{"not_picked":["OpenUniverse","EventHorizon+1"],"picked":"WitchLeyline+1","floor":35},{"not_picked":["WitchOfGreed+1","SporeBomb+1"],"picked":"Acceleration+1","floor":37},{"not_picked":["BlazingStar","UltimateShortwave"],"picked":"BigCrunch","floor":40},{"not_picked":["LuminesStrike+1","PowerUp+1"],"picked":"MysteriousBeam+1","floor":40},{"not_picked":["StarBarrage+1","GrandCross+1"],"picked":"MysteriousBeam+1","floor":41},{"not_picked":["PowerUp+1","StarlightTyphoon+1"],"picked":"Orbital","floor":44},{"not_picked":["AbsoluteMagnitude","EscapeVelocity"],"picked":"SuperNova","floor":46},{"not_picked":["ShootingEcho+1","OrrerysSun+1"],"picked":"ShootTheMoon+1","floor":46},{"not_picked":["GalacticHalo","ShootTheMoon+1","UltimateShortwave"],"picked":"SKIP","floor":48}],"player_experience":511010,"relics_obtained":[{"floor":7,"key":"Molten Egg 2"},{"floor":9,"key":"Dota2Spire:Mjollnir"},{"floor":11,"key":"Incense Burner"},{"floor":23,"key":"Chameleon Ring"},{"floor":23,"key":"Dota2Spire:MagicBottle"},{"floor":25,"key":"vexMod:HeadHunter"},{"floor":26,"key":"Calipers"},{"floor":28,"key":"Eternal Feather"},{"floor":30,"key":"BreadOfAWashokuLover"},{"floor":30,"key":"Smiling Mask"},{"floor":33,"key":"Replay:Arrowhead"},{"floor":40,"key":"StuffTheSpire:EmeraldSignet"},{"floor":44,"key":"Bottled Tornado"},{"floor":46,"key":"Mummified Hand"}],"event_choices":[{"damage_healed":0,"gold_gain":0,"player_choice":"Damaged","damage_taken":7,"max_hp_gain":0,"max_hp_loss":0,"event_name":"Wheel of Change","floor":2,"gold_loss":0},{"damage_healed":0,"gold_gain":0,"player_choice":"Memory 1","damage_taken":0,"max_hp_gain":0,"max_hp_loss":0,"event_name":"SensoryStone","floor":36,"gold_loss":0},{"damage_healed":0,"gold_gain":0,"player_choice":"Leave","damage_taken":0,"max_hp_gain":0,"max_hp_loss":0,"event_name":"conspire:Investor","floor":38,"gold_loss":0}],"is_beta":false,"boss_relics":[{"not_picked":["Ectoplasm","aspiration:PoetsPen_weak"],"picked":"energizedSpire:EnergizedDie"},{"not_picked":["halation:SmartPhone","vexMod:BigBerry"],"picked":"ExperimentalFamiliar"}],"items_purged_floors":[47],"is_endless":false,"potions_floor_spawned":[3,7,11,16,18,22,23,25,27,29,31,33,35,37,40,41,46,48],"killed_by":"conspire:OrnateMirror","ascension_level":3}}