{"host":"c4mm8falyg7qgorf","time":1607750512,"event":{"mods":["BaseMod","FoggyMod","Minty Spire (QoL Compilation)","Replay The Spire","Shop Mod","StSLib","Thieving Mod","UnlockEverythingMod","vexMod","¡¾ÒÅÎï¿¨ÅÆ¡¿REMEMod","óô»ðÖ¸ÄÏ"],"gold_per_floor":[132,132,132,132,132,235,235,338,365,468,477,503,33,79,79,332,332,365,365,142,142,92,202,33,146,146,155,271,387,224,270,279,542,542,591,591,102,102,102,111,215,215,241,335,344,425,471,471,471,471,471,471,471,54,152,152,152],"floor_reached":56,"playtime":1063,"items_purged":["Injury"],"score":2034,"play_id":"19c3bd68-f894-4427-a44f-0f69935bdbb8","local_time":"20201212132152","daily_mods":["Draft","Vintage","Heirloom","Time Dilation","DeadlyEvents","Elite Swarm","Midas","Uncertain Future"],"is_ascension_mode":true,"campfire_choices":[{"floor":11,"key":"RECALL"},{"floor":15,"key":"REST"},{"floor":32,"key":"REST"},{"floor":40,"key":"REST"},{"floor":45,"key":"REST"},{"floor":49,"key":"REST"},{"floor":53,"key":"REST"}],"circlet_count":0,"master_deck":["AscendersBane","Accuracy","ReplayTheSpireMod:Scrap Shanks","Distraction","ReplayTheSpireMod:Speed Training","ReplayTheSpireMod:Speed Training","Backflip+1","Blade Dance+1","Outmaneuver","Acrobatics","Hidden Blade","REME_GreenPollution+1","Prepared+1","Deflect","Outmaneuver","Panacea+1","Pot Of Greed+1","Pot Of Greed","Blade Dance+1","Phantasmal Killer+1","Venomology","Atom Bomb","Prepared","Blade Dance","Pot Of Greed","Tools of the Trade","Venomology","Envenom","Infinite Blades","Envenom","Replay:Bag of Tricks","Accuracy","REME_ShadowForm","Accuracy","Phantasmal Killer","Prepared","REME_FirmDetermination","Pot Of Greed"],"relics":["Ring of the Snake","replay:Trail_Library","REME_ComplimentaryCards","vexMod:RetaliationKit","Grinning Jar","Golden Idol","NeowsBlessing","CeramicFish","NeowsBlessing","ReplayTheSpireMod:TigerMarble","Vajra","War Paint","Bag of Preparation","vexMod:CardConverter","Omamori","Strawberry","Cursed Key","Smiling Mask","NeowsBlessing","REME_CardOfGreed","NeowsBlessing","REME_HourglassOfDeath","PreservedInsect","Gremlin Food","MealTicket","NeowsBlessing","Pen Nib","Gambling Chip","REME_HandOfSuture","Dream Catcher","Busted Crown","Replay:Mystery Machine","Basket Of Snakes","vexMod:TimeEaterHat","NeowsBlessing","Bottled Tornado","Snake Skull","Mango","Lantern","ReplayTheSpireMod:Lightbulb","NeowsBlessing","HandDrill","Pet Ghost","Bag of Marbles"],"acts_visited":["Exordium","TheCity","TheBeyond","TheEnding"],"potions_floor_usage":[16,18,23,33,33,50,50,50,50,51,56,56,56,56],"damage_taken":[{"damage":12,"enemies":"Jaw Worm","floor":1,"turns":2},{"damage":0,"enemies":"Lagavulin","floor":6,"turns":1},{"damage":0,"enemies":"Replay:BlueRogue","floor":8,"turns":1},{"damage":0,"enemies":"3 Sentries","floor":10,"turns":1},{"damage":0,"enemies":"Small Slimes","floor":14,"turns":1},{"damage":0,"enemies":"Slime Boss","floor":16,"turns":1},{"damage":21,"enemies":"Shell Parasite","floor":18,"turns":2},{"damage":0,"enemies":"REME_1_Revenger","floor":23,"turns":1},{"damage":0,"enemies":"Book of Stabbing","floor":25,"turns":1},{"damage":0,"enemies":"Gremlin Leader","floor":28,"turns":1},{"damage":0,"enemies":"REME_1_Revenger","floor":29,"turns":1},{"damage":0,"enemies":"Chosen","floor":31,"turns":2},{"damage":0,"enemies":"Champ","floor":33,"turns":1},{"damage":0,"enemies":"3 Shapes","floor":35,"turns":1},{"damage":0,"enemies":"Nemesis","floor":41,"turns":1},{"damage":0,"enemies":"Reptomancer","floor":44,"turns":1},{"damage":0,"enemies":"Giant Head","floor":46,"turns":1},{"damage":0,"enemies":"Orb Walker","floor":47,"turns":1},{"damage":78,"enemies":"Awakened One","floor":50,"turns":4},{"damage":0,"enemies":"Replay:Hell Engine","floor":51,"turns":1},{"damage":0,"enemies":"Shield and Spear","floor":55,"turns":1},{"damage":114,"enemies":"The Heart","floor":56,"turns":3}],"seed_played":"-6670503732734162710","potions_obtained":[{"floor":1,"key":"GamblersBrew"},{"floor":8,"key":"Elixir"},{"floor":16,"key":"Toxic Potion"},{"floor":23,"key":"Strength Potion"},{"floor":33,"key":"Toxic Potion"},{"floor":35,"key":"ColorlessPotion"},{"floor":41,"key":"Energy Potion"},{"floor":44,"key":"Adrenaline Potion"},{"floor":55,"key":"Fire Potion"}],"is_trial":true,"path_per_floor":["M","$","?","T","WH","E","WH","E","T","E","R","T","R","M","R","B",null,"M","WH","$","WH","?","E","R","E","T","WH","E","E","R","M","R","B",null,"M","?","$","WH","$","R","E","$","T","E","R","E","M","WH","R","B","B",null,"R","$","E","B"],"character_chosen":"THE_SILENT","items_purchased":["vexMod:CardConverter","Omamori","REME_CardOfGreed","PreservedInsect","REME_HandOfSuture","Basket Of Snakes","vexMod:TimeEaterHat","HandDrill","Pet Ghost","REME_FirmDetermination"],"campfire_rested":6,"item_purchase_floors":[13,13,20,24,30,37,37,54,54,54],"current_hp_per_floor":[47,47,47,47,47,47,47,47,47,47,47,47,47,54,73,75,75,54,54,54,54,54,56,56,58,58,60,62,64,64,64,87,89,89,89,89,89,89,89,91,91,91,91,107,109,109,109,109,109,31,31,90,109,113,113,0,0],"gold":152,"neow_bonus":"THREE_ENEMY_KILL","is_daily":false,"chose_seed":false,"campfire_upgraded":0,"win_rate":0.0,"timestamp":1607750512,"path_taken":["M","$","?","?","WH","E","WH","E","T","E","R","?","R","?","R","BOSS","M","WH","$","WH","?","E","R","E","T","WH","?","E","R","?","R","BOSS","M","?","?","WH","?","R","E","$","T","E","R","E","?","WH","R","BOSS","BOSS","R","$","E","BOSS"],"items_purchased_type":["Relic","Relic","Relic","Relic","Relic","Relic","Relic","Relic","Relic","Card"],"build_version":"2020-11-30","purchased_purges":1,"victory":false,"max_hp_per_floor":[66,66,66,66,66,66,66,66,66,66,66,66,66,73,73,75,75,75,75,75,75,75,77,77,79,79,81,83,85,85,85,87,89,89,89,89,89,89,89,91,91,91,91,107,109,109,109,109,109,109,109,109,109,113,113,113,113],"card_choices":[{"not_picked":["Underhanded Strike","Deflect"],"picked":"Accuracy","floor":0},{"not_picked":["Outmaneuver","Leg Sweep"],"picked":"ReplayTheSpireMod:Scrap Shanks","floor":0},{"not_picked":["Calculated Gamble","Well Laid Plans"],"picked":"Distraction","floor":0},{"not_picked":["Footwork","Sucker Punch"],"picked":"ReplayTheSpireMod:Speed Training","floor":0},{"not_picked":["Poisoned Stab","Dodge and Roll"],"picked":"ReplayTheSpireMod:Speed Training","floor":0},{"not_picked":["Dagger Spray","Poisoned Stab"],"picked":"Backflip","floor":0},{"not_picked":["Tactician","Underhanded Strike"],"picked":"Blade Dance","floor":0},{"not_picked":["Bane","Underhanded Strike"],"picked":"Outmaneuver","floor":0},{"not_picked":["Slice","Predator"],"picked":"Dagger Throw","floor":0},{"not_picked":["Skewer","Deadly Poison"],"picked":"Acrobatics","floor":0},{"not_picked":["Sneak Up","Backflip"],"picked":"Hidden Blade","floor":0},{"not_picked":["Skewer","ReplayTheSpireMod:The Works"],"picked":"REME_GreenPollution","floor":0},{"not_picked":["Leg Sweep","Hidden Blade"],"picked":"Prepared","floor":0},{"not_picked":["Bouncing Flask","Cloak And Dagger"],"picked":"Deflect","floor":0},{"not_picked":["Dagger Spray","Dodge and Roll"],"picked":"Outmaneuver","floor":0},{"not_picked":["Doppelganger","Die Die Die"],"picked":"Phantasmal Killer","floor":6},{"not_picked":["A Thousand Cuts","REME_ShadowForm"],"picked":"Venomology","floor":8},{"not_picked":["Storm of Steel","A Thousand Cuts"],"picked":"Atom Bomb","floor":10},{"not_picked":["After Image","ReplayTheSpireMod:Necrosis"],"picked":"Tools of the Trade","floor":16},{"not_picked":["After Image","REME_CopyPotion"],"picked":"Venomology","floor":23},{"not_picked":["REME_SpectralBlade","Wraith Form v2"],"picked":"Envenom","floor":25},{"not_picked":["Replay:Bag of Tricks","REME_SpectralBlade"],"picked":"Envenom","floor":28},{"not_picked":["Poison Darts","ReplayTheSpireMod:Necrosis"],"picked":"Replay:Bag of Tricks","floor":29},{"not_picked":["Fluid Movement","Dagger Throw"],"picked":"Accuracy","floor":32},{"not_picked":["Tools of the Trade","Poison Darts"],"picked":"REME_ShadowForm","floor":33},{"not_picked":[],"picked":"Accuracy","floor":40},{"not_picked":["Storm of Steel"],"picked":"SKIP","floor":41},{"not_picked":[],"picked":"Phantasmal Killer","floor":44},{"not_picked":["Doppelganger"],"picked":"SKIP","floor":46},{"not_picked":["Night Terror"],"picked":"SKIP","floor":55}],"player_experience":168248,"relics_obtained":[{"floor":1,"key":"Grinning Jar"},{"floor":6,"key":"CeramicFish"},{"floor":8,"key":"ReplayTheSpireMod:TigerMarble"},{"floor":9,"key":"Vajra"},{"floor":10,"key":"War Paint"},{"floor":12,"key":"Bag of Preparation"},{"floor":14,"key":"Strawberry"},{"floor":18,"key":"Smiling Mask"},{"floor":23,"key":"REME_HourglassOfDeath"},{"floor":25,"key":"Gremlin Food"},{"floor":26,"key":"MealTicket"},{"floor":28,"key":"Pen Nib"},{"floor":29,"key":"Gambling Chip"},{"floor":31,"key":"Dream Catcher"},{"floor":35,"key":"Replay:Mystery Machine"},{"floor":41,"key":"Bottled Tornado"},{"floor":43,"key":"Snake Skull"},{"floor":44,"key":"Mango"},{"floor":46,"key":"Lantern"},{"floor":47,"key":"ReplayTheSpireMod:Lightbulb"},{"floor":55,"key":"Bag of Marbles"}],"event_choices":[{"damage_healed":0,"gold_gain":0,"player_choice":"Take Wound","damage_taken":0,"relics_obtained":["Golden Idol"],"max_hp_gain":0,"max_hp_loss":0,"event_name":"Golden Idol","floor":3,"gold_loss":0,"cards_obtained":["Injury"]},{"damage_healed":0,"gold_gain":0,"player_choice":"Upgrade","damage_taken":0,"max_hp_gain":0,"max_hp_loss":0,"event_name":"Designer","floor":22,"gold_loss":50,"cards_upgraded":["REME_GreenPollution"]},{"cards_removed":["Dagger Throw"],"damage_healed":0,"gold_gain":0,"player_choice":"Removed Attack","damage_taken":0,"max_hp_gain":0,"max_hp_loss":0,"event_name":"Falling","floor":36,"gold_loss":0}],"is_beta":false,"boss_relics":[{"not_picked":["REME_DuelDisc","ChewingGum"],"picked":"Cursed Key"},{"not_picked":["Runic Dome","Runic Pyramid"],"picked":"Busted Crown"}],"items_purged_floors":[20],"is_endless":false,"potions_floor_spawned":[1,8,16,23,33,35,41,44,47,55],"killed_by":"The Heart","ascension_level":20}}