{"host":"h6fxguf8sfpbpxj4","time":1607743119,"event":{"mods":["BaseMod","Colored Map","Minty Spire (QoL Compilation)","Relic Stats","StSLib","The Bug Knight","The Hayseed"],"gold_per_floor":[119,135,151,79,92,92,127,127,176,176,193,224,224,249,249,348,348,365,55,55,55,74,103,117,117,199,56,67,67,67,80,80,80,80],"floor_reached":33,"playtime":3691,"items_purged":[],"score":324,"play_id":"740f3f8b-fee1-443c-a593-8f52b688ae6f","local_time":"20201211221839","is_ascension_mode":true,"campfire_choices":[{"data":"HollowMod:MantisMark","floor":6,"key":"SMITH"},{"data":"HollowMod:SoulSplash","floor":8,"key":"SMITH"},{"data":"HollowMod:PureVessel","floor":10,"key":"SMITH"},{"data":"HollowMod:BaldurShell","floor":15,"key":"SMITH"},{"data":"HollowMod:VengefulSpirit","floor":29,"key":"SMITH"},{"floor":32,"key":"DIG"}],"circlet_count":0,"master_deck":["HollowMod:QuickDashStart","HollowMod:QuickDashStart","HollowMod:QuickDashStart","HollowMod:QuickDashStart","HollowMod:FocusHealStart","HollowMod:PogoStrike","HollowMod:FallenFury","HollowMod:SoulSplash+1","HollowMod:CornifersMapStart","HollowMod:MantisMark+1","HollowMod:PureVessel+1","HollowMod:Hiveblood+1","HollowMod:BaldurShell+1","HollowMod:theNailsmith","HollowMod:PureNailStrike+1","Bite","Bite","Bite","Bite","Bite","HollowMod:VengefulSpirit+1","HollowMod:ShapeofUnn","HollowMod:MonarchWings+1","Dark Shackles+1","HollowMod:DashSlash","HollowMod:HowlingWraiths+1"],"relics":["HollowMod:KingsSoulRelic","Mummified Hand","Omamori","Lantern","MealTicket","Calling Bell","Toxic Egg 2","Shovel","Whetstone","Bag of Preparation","HollowMod:LifeEnderRelic","Darkstone Periapt","Bottled Flame","Bag of Marbles","Singing Bowl"],"acts_visited":["Exordium","TheCity"],"potions_floor_usage":[16,18,23,23,33,33],"damage_taken":[{"damage":0,"enemies":"Cultist","floor":1,"turns":3},{"damage":0,"enemies":"2 Louse","floor":2,"turns":3},{"damage":4,"enemies":"Jaw Worm","floor":3,"turns":4},{"damage":0,"enemies":"Large Slime","floor":5,"turns":3},{"damage":25,"enemies":"3 Sentries","floor":7,"turns":9},{"damage":7,"enemies":"Blue Slaver","floor":11,"turns":3},{"damage":20,"enemies":"Gremlin Nob","floor":12,"turns":3},{"damage":40,"enemies":"Lagavulin","floor":14,"turns":7},{"damage":29,"enemies":"Hexaghost","floor":16,"turns":10},{"damage":31,"enemies":"3 Byrds","floor":18,"turns":7},{"damage":14,"enemies":"Chosen","floor":22,"turns":4},{"damage":18,"enemies":"Gremlin Leader","floor":23,"turns":5},{"damage":46,"enemies":"Snecko","floor":24,"turns":5},{"damage":41,"enemies":"Cultist and Chosen","floor":28,"turns":5},{"damage":19,"enemies":"Snake Plant","floor":31,"turns":4},{"damage":129,"enemies":"Champ","floor":33,"turns":13}],"seed_played":"8029668922072825866","potions_obtained":[{"floor":1,"key":"SneckoOil"},{"floor":3,"key":"SkillPotion"},{"floor":14,"key":"Strength Potion"},{"floor":16,"key":"AttackPotion"},{"floor":18,"key":"EssenceOfSteel"},{"floor":28,"key":"SpeedPotion"}],"is_trial":false,"path_per_floor":["M","M","M","$","M","R","E","R","T","R","M","E","?","E","R","B",null,"M","$","?","?","M","E","M","T","T","$","M","R","?","M","R","B"],"character_chosen":"THE_BUGKNIGHT","items_purchased":["HollowMod:MantisMark","Whetstone","Bag of Preparation","Bag of Marbles"],"campfire_rested":0,"item_purchase_floors":[4,19,19,27],"current_hp_per_floor":[75,75,75,75,75,75,60,60,60,60,59,39,39,36,36,47,75,75,75,61,61,75,71,60,60,60,75,57,57,57,72,72,0,0],"gold":80,"neow_bonus":"BOSS_RELIC","is_daily":false,"chose_seed":false,"campfire_upgraded":5,"win_rate":0.0,"timestamp":1607743119,"path_taken":["M","?","M","$","?","R","E","R","T","R","M","E","?","E","R","BOSS","M","$","?","?","M","E","M","?","T","$","?","R","?","M","R","BOSS"],"items_purchased_type":["Card","Relic","Relic","Relic"],"build_version":"2020-11-30","purchased_purges":0,"victory":false,"max_hp_per_floor":[75,75,75,75,75,75,75,75,75,75,75,75,75,75,75,75,75,75,75,80,80,80,80,80,80,80,80,80,80,80,80,80,80,80],"relic_stats":{"Darkstone Periapt":0,"Shovel":1,"Singing Bowl":0,"counters":[16,88],"Mummified Hand":[20],"MealTicket":15,"Bag of Preparation":[12],"Whetstone":["HollowMod:NailStrikeStart","HollowMod:PureNailStrike"],"obtain_stats":[{"Darkstone Periapt":25,"Lantern":12,"HollowMod:LifeEnderRelic":23,"Singing Bowl":32,"HollowMod:VesselMask":0,"Omamori":9,"Bag of Preparation":19,"Whetstone":19,"Calling Bell":17,"Blood Vial":17,"Bottled Flame":26,"Shovel":17,"Mummified Hand":7,"MealTicket":14,"Bag of Marbles":27,"Toxic Egg 2":17,"HollowMod:KingsSoulRelic":0},{"Darkstone Periapt":13,"Lantern":7,"HollowMod:LifeEnderRelic":12,"Singing Bowl":15,"HollowMod:VesselMask":0,"Omamori":5,"Bag of Preparation":10,"Whetstone":10,"Calling Bell":9,"Blood Vial":9,"Bottled Flame":13,"Shovel":9,"Mummified Hand":5,"MealTicket":8,"Bag of Marbles":13,"Toxic Egg 2":9,"HollowMod:KingsSoulRelic":0},{"Darkstone Periapt":66,"Lantern":28,"HollowMod:LifeEnderRelic":61,"Singing Bowl":75,"HollowMod:VesselMask":0,"Omamori":22,"Bag of Preparation":52,"Whetstone":52,"Calling Bell":45,"Blood Vial":45,"Bottled Flame":66,"Shovel":45,"Mummified Hand":22,"MealTicket":35,"Bag of Marbles":66,"Toxic Egg 2":45,"HollowMod:KingsSoulRelic":0}]},"card_choices":[{"not_picked":["HollowMod:NewGlowingWomb","HollowMod:DashSlash"],"picked":"HollowMod:FallenFury","floor":1},{"not_picked":["HollowMod:SharpenedNail","HollowMod:CycloneSlash"],"picked":"HollowMod:SoulSplash","floor":2},{"not_picked":["HollowMod:SiblingsShadow","HollowMod:BrokenVessel"],"picked":"HollowMod:CornifersMapStart","floor":3},{"not_picked":["HollowMod:SiblingsSouls","HollowMod:NewLittleFool","HollowMod:WraithStrike"],"picked":"SKIP","floor":5},{"not_picked":["HollowMod:MantisMark","HollowMod:NewJinnsSoul"],"picked":"HollowMod:PureVessel","floor":7},{"not_picked":["HollowMod:TaintedHusks","HollowMod:GoodIntentions","HollowMod:FallenFury"],"picked":"SKIP","floor":11},{"not_picked":["HollowMod:NewJinnsSoul","HollowMod:FastStrike"],"picked":"HollowMod:Hiveblood","floor":12},{"not_picked":["HollowMod:LifebloodCocoon","HollowMod:HeavyBlow"],"picked":"HollowMod:BaldurShell","floor":14},{"not_picked":["HollowMod:ZotesMagnificence","HollowMod:SoulMaster"],"picked":"HollowMod:theNailsmith","floor":16},{"not_picked":["HollowMod:CornifersMapStart+1","HollowMod:WraithStrike"],"picked":"HollowMod:PureNailStrike","floor":18},{"not_picked":["HollowMod:SharpenedNail+1","HollowMod:DungDefenderAura+1"],"picked":"HollowMod:VengefulSpirit","floor":22},{"not_picked":["HollowMod:GrimmsGift+1","HollowMod:SharpenedShadows"],"picked":"HollowMod:ShapeofUnn","floor":23},{"not_picked":["HollowMod:DescendingDark","HollowMod:MawleksShell+1"],"picked":"HollowMod:MonarchWings+1","floor":24},{"not_picked":["HollowMod:NewJinnsSoul+1","HollowMod:ShadowDash+1","HollowMod:SharpenedShadows"],"picked":"SKIP","floor":28},{"not_picked":["HollowMod:VengefulVoid+1","HollowMod:RecoilStrike"],"picked":"HollowMod:HowlingWraiths+1","floor":31}],"player_experience":550016,"relics_obtained":[{"floor":7,"key":"Mummified Hand"},{"floor":9,"key":"Omamori"},{"floor":12,"key":"Lantern"},{"floor":14,"key":"MealTicket"},{"floor":17,"key":"Blood Vial"},{"floor":17,"key":"Toxic Egg 2"},{"floor":17,"key":"Shovel"},{"floor":23,"key":"HollowMod:LifeEnderRelic"},{"floor":25,"key":"Darkstone Periapt"},{"floor":26,"key":"Bottled Flame"},{"floor":32,"key":"Singing Bowl"}],"event_choices":[{"damage_healed":0,"gold_gain":0,"player_choice":"Grow","damage_taken":0,"max_hp_gain":0,"max_hp_loss":0,"event_name":"Living Wall","floor":13,"gold_loss":0,"cards_upgraded":["HollowMod:Hiveblood"]},{"damage_healed":0,"gold_gain":0,"player_choice":"Shed Blood","damage_taken":19,"max_hp_gain":5,"max_hp_loss":0,"event_name":"Forgotten Altar","floor":20,"gold_loss":0},{"damage_healed":0,"gold_gain":0,"player_choice":"Became a vampire (Vial)","damage_taken":0,"max_hp_gain":0,"max_hp_loss":0,"event_name":"Vampires","floor":21,"relics_lost":["Blood Vial"],"gold_loss":0,"cards_obtained":["Bite","Bite","Bite","Bite","Bite"]},{"damage_healed":0,"gold_gain":0,"player_choice":"2 cards matched","damage_taken":0,"max_hp_gain":0,"max_hp_loss":0,"event_name":"Match and Keep!","floor":30,"gold_loss":0,"cards_obtained":["Dark Shackles","HollowMod:DashSlash"]}],"is_beta":false,"boss_relics":[{"not_picked":["Busted Crown","HollowMod:VoidIdolRelic"],"picked":"Calling Bell"}],"items_purged_floors":[],"is_endless":false,"potions_floor_spawned":[1,3,14,16,18,28],"killed_by":"Champ","ascension_level":1}}