{"host":"u3ynxsjywb25w73a","time":1607794892,"event":{"mods":["AchievementEnabler","Astrologer","BaseMod","Bestiary","Better Match","Better Third Choice","BetterRewards","Challenge The Spire","Colored Map","Colored Powertips","Conspire","Minty Spire (QoL Compilation)","Remove Card Discount Mod","StSLib","The Bug Knight","The Construct","The Cursed","The Florist","The Gatherer","The Kombatant","The Poker Player","The Senshi","The Servant 0.9.4","The Wild Card","Uncapped","everything is the same but u backflip on backflip"],"gold_per_floor":[118,135,135,135,135,167,181,181,208,208,208,241,258,129,129,232,232,243,262,280,40,40,40,51,51,51,51,51,51,51,51,51,146,146,162,172,172,172,172],"floor_reached":38,"playtime":2394,"items_purged":[],"score":430,"play_id":"2fdeb380-33e9-426f-9434-538dbd9b02c7","local_time":"20201212124132","is_ascension_mode":false,"campfire_choices":[{"data":"theWildCard:Arsene","floor":8,"key":"SMITH"},{"data":"theWildCard:StingingStrike","floor":10,"key":"SMITH"},{"data":"theWildCard:MasterPlan","floor":15,"key":"SMITH"},{"data":"theWildCard:MagicalMight","floor":23,"key":"SMITH"},{"data":"theWildCard:TheArcanaUnleashed","floor":25,"key":"SMITH"},{"data":"theWildCard:ArchaicAssault","floor":27,"key":"SMITH"},{"data":"theWildCard:SeveringSlash","floor":32,"key":"SMITH"}],"circlet_count":0,"master_deck":["theWildCard:BasicStrike","theWildCard:BasicStrike","theWildCard:BasicStrike","theWildCard:BasicDefend","theWildCard:BasicDefend","theWildCard:BasicDefend","theWildCard:BasicDefend","theWildCard:CallToAdventure","theWildCard:Arsene+1","theWildCard:ArchaicAssault+1","theWildCard:StingingStrike+1","theWildCard:Sakuya","theWildCard:SeveringSlash","theWildCard:MagicalMight+1","theWildCard:MasterPlan+1","theWildCard:Odin","theWildCard:Michael","theWildCard:TheArcanaUnleashed+1","theWildCard:Salvation","theWildCard:SeveringSlash+1","theWildCard:MagicalMight+1","theWildCard:Thanatos","theWildCard:ArcaneArts+1"],"relics":["theWildCard:VelvetContract","NeowsBlessing","Pen Nib","theSenshi:FeatherClipsRelic","Oddly Smooth Stone","conspire:DecoderRing","conspire:RoyalGoblet","Molten Egg 2","Juzu Bracelet","Black Star"],"acts_visited":["Exordium","TheCity","TheBeyond"],"potions_floor_usage":[38],"damage_taken":[{"damage":0,"enemies":"Cultist","floor":1,"turns":1},{"damage":0,"enemies":"conspire:RoseBush","floor":2,"turns":1},{"damage":0,"enemies":"HollowMod:MossKnight","floor":6,"turns":1},{"damage":3,"enemies":"Small Slimes","floor":7,"turns":4},{"damage":30,"enemies":"Lagavulin","floor":12,"turns":8},{"damage":6,"enemies":"2 Fungi Beasts","floor":13,"turns":3},{"damage":15,"enemies":"Slime Boss","floor":16,"turns":6},{"damage":41,"enemies":"conspire:FuzzyDice","floor":18,"turns":5},{"damage":1,"enemies":"3 Byrds","floor":19,"turns":4},{"damage":0,"enemies":"Shelled Parasite and Fungi","floor":20,"turns":5},{"damage":2,"enemies":"Snake Plant","floor":24,"turns":2},{"damage":14,"enemies":"Automaton","floor":33,"turns":11},{"damage":2,"enemies":"Orb Walker","floor":35,"turns":4},{"damage":2,"enemies":"3 Shapes","floor":36,"turns":4},{"damage":70,"enemies":"Sphere and 2 Shapes","floor":38,"turns":11}],"seed_played":"7238952629217205396","potions_obtained":[{"floor":2,"key":"Explosive Potion"},{"floor":12,"key":"Ancient Potion"},{"floor":16,"key":"Block Potion"},{"floor":22,"key":"CultistPotion"}],"is_trial":false,"path_per_floor":["M","M","?","$","?","E","M","R","T","R","?","E","M","$","R","B",null,"M","M","M","$","?","R","M","R","T","R","?","?","$","?","R","B",null,"M","M","?","M"],"character_chosen":"THE_WILD_CARD","items_purchased":["theWildCard:Odin","theWildCard:Michael","Molten Egg 2"],"campfire_rested":0,"item_purchase_floors":[14,14,21],"current_hp_per_floor":[60,60,60,60,53,53,56,56,56,56,56,39,49,49,49,40,60,28,33,39,39,39,39,43,43,43,43,43,43,43,43,43,39,60,60,60,60,0,0],"gold":172,"neow_bonus":"THREE_ENEMY_KILL","is_daily":false,"chose_seed":false,"campfire_upgraded":7,"win_rate":0.0,"timestamp":1607794892,"path_taken":["M","?","?","$","?","E","M","R","T","R","?","E","M","?","R","BOSS","M","M","?","$","?","R","M","R","T","R","?","?","$","?","R","BOSS","M","M","?","M"],"items_purchased_type":["Card","Card","Relic"],"build_version":"2020-11-30","purchased_purges":0,"victory":false,"max_hp_per_floor":[60,60,60,60,60,60,60,60,60,60,60,60,60,60,60,60,60,60,60,60,60,60,60,60,60,60,60,60,60,60,60,60,60,60,60,60,60,60,60],"card_choices":[{"not_picked":["theWildCard:Proficiency","theWildCard:Impatience"],"picked":"theWildCard:ArchaicAssault","floor":1},{"not_picked":["theWildCard:SacrificialStroke","theWildCard:UnderLockAndKey"],"picked":"theWildCard:StingingStrike","floor":2},{"not_picked":["theWildCard:PowerOfTheArcana","theWildCard:StalwartBlade"],"picked":"theWildCard:Sakuya","floor":6},{"not_picked":["theWildCard:MagicMettle","theWildCard:BladeOfGenerations"],"picked":"theWildCard:SeveringSlash","floor":7},{"not_picked":["theWildCard:Loki","theWildCard:SacrificialStroke"],"picked":"theWildCard:MagicalMight","floor":12},{"not_picked":["theWildCard:ArcaneArts","theWildCard:ManOfManyFaces"],"picked":"theWildCard:MasterPlan","floor":13},{"not_picked":["theWildCard:FuelForTheFire","theWildCard:Ruination"],"picked":"theWildCard:TheArcanaUnleashed","floor":16},{"not_picked":["theWildCard:StingingStrike","theWildCard:ArcanaArtistry"],"picked":"theWildCard:Salvation","floor":18},{"not_picked":["theWildCard:StingingStrike","theWildCard:Unburden","theWildCard:EnergizedStroke+1"],"picked":"SKIP","floor":19},{"not_picked":["theWildCard:LadyLuck","theWildCard:Proficiency"],"picked":"theWildCard:SeveringSlash","floor":20},{"not_picked":["theWildCard:MagicMettle","theWildCard:ArcaneArts"],"picked":"theWildCard:MagicalMight+1","floor":24},{"not_picked":["theWildCard:Satanael","theWildCard:FinalHour"],"picked":"theWildCard:Thanatos","floor":33},{"not_picked":["theWildCard:SeveringSlash+1","theWildCard:MagicalMight+1"],"picked":"theWildCard:ArcaneArts+1","floor":35},{"not_picked":["theWildCard:EnergizedStroke+1","theWildCard:Loki+1","theWildCard:Patience+1"],"picked":"SKIP","floor":36}],"player_experience":98948,"relics_obtained":[{"floor":6,"key":"theSenshi:FeatherClipsRelic"},{"floor":9,"key":"Oddly Smooth Stone"},{"floor":12,"key":"conspire:DecoderRing"},{"floor":26,"key":"Juzu Bracelet"}],"event_choices":[{"damage_healed":0,"gold_gain":0,"player_choice":"Leave","damage_taken":0,"max_hp_gain":0,"max_hp_loss":0,"event_name":"conspire:Investor","floor":3,"gold_loss":0},{"damage_healed":0,"gold_gain":0,"player_choice":"Relic ","damage_taken":7,"max_hp_gain":0,"max_hp_loss":0,"event_name":"betterThird:BetterScrap","floor":5,"gold_loss":0,"cards_obtained":["Dropkick"]},{"damage_healed":0,"gold_gain":0,"player_choice":"Disagree","damage_taken":0,"max_hp_gain":0,"max_hp_loss":0,"event_name":"conspire:LoneGhost","floor":11,"gold_loss":0},{"damage_healed":0,"gold_gain":0,"player_choice":"Got Potions","damage_taken":0,"max_hp_gain":0,"max_hp_loss":0,"event_name":"Lab","floor":22,"gold_loss":0},{"damage_healed":0,"gold_gain":0,"player_choice":"Ignored","damage_taken":0,"max_hp_gain":0,"max_hp_loss":0,"event_name":"Cursed Tome","floor":28,"gold_loss":0},{"damage_healed":0,"gold_gain":0,"player_choice":"Ignored","damage_taken":0,"max_hp_gain":0,"max_hp_loss":0,"event_name":"Ghosts","floor":29,"gold_loss":0},{"damage_healed":0,"gold_gain":0,"player_choice":"Ignored","damage_taken":0,"max_hp_gain":0,"max_hp_loss":0,"event_name":"The Mausoleum","floor":31,"gold_loss":0},{"cards_removed":["theWildCard:BasicStrike"],"damage_healed":0,"gold_gain":0,"player_choice":"Removed Attack","damage_taken":0,"max_hp_gain":0,"max_hp_loss":0,"event_name":"Falling","floor":37,"gold_loss":0}],"is_beta":false,"boss_relics":[{"not_picked":["theWildCard:FigureOfDeath","Calling Bell"],"picked":"conspire:RoyalGoblet"},{"not_picked":["Sozu","conspire:SpecialSausage"],"picked":"Black Star"}],"items_purged_floors":[],"is_endless":false,"potions_floor_spawned":[2,12,16,20,33,36],"killed_by":"Sphere and 2 Shapes","ascension_level":0}}