{"host":"l2821e3dgmq4sghh","time":1607798053,"event":{"mods":["BaseMod","Colored Powertips","Minty Spire (QoL Compilation)","StSLib"],"gold_per_floor":[364,344,359,378,84,118,118,146,223,223,223],"floor_reached":10,"playtime":1272,"items_purged":["Strike_G"],"score":129,"play_id":"e114154d-f8c3-4cc7-8270-dcf5d79e4aa4","local_time":"20201212193413","is_ascension_mode":true,"campfire_choices":[],"circlet_count":0,"master_deck":["AscendersBane","Strike_G","Strike_G","Strike_G","Strike_G","Defend_G","Defend_G","Defend_G","Defend_G","Defend_G","Survivor","Neutralize","All Out Attack","Dagger Spray","Infinite Blades","Wraith Form v2","Slice","Tactician","Skewer"],"relics":["Ring of the Snake","Torii","CeramicFish","Shuriken"],"acts_visited":["Exordium"],"potions_floor_usage":[6],"damage_taken":[{"damage":0.0,"enemies":"Cultist","floor":1.0,"turns":4.0},{"damage":0.0,"enemies":"Small Slimes","floor":3.0,"turns":2.0},{"damage":0.0,"enemies":"2 Louse","floor":4.0,"turns":2.0},{"damage":25,"enemies":"Gremlin Nob","floor":6,"turns":4},{"damage":7,"enemies":"Exordium Thugs","floor":8,"turns":5},{"damage":15,"enemies":"Lagavulin","floor":10,"turns":2}],"seed_played":"2445763040329376490","potions_obtained":[{"floor":2.0,"key":"Energy Potion"},{"floor":3.0,"key":"Fruit Juice"},{"floor":4,"key":"DistilledChaos"},{"floor":6,"key":"Ancient Potion"}],"is_trial":false,"path_per_floor":["M","?","M","M","$","E","?","M","T","E"],"character_chosen":"THE_SILENT","items_purchased":["Wraith Form v2","Slice"],"campfire_rested":0,"item_purchase_floors":[5,5],"current_hp_per_floor":[44,44,49,49,49,24,19,12,12,0,0],"gold":223,"neow_bonus":"TWO_FIFTY_GOLD","is_daily":false,"chose_seed":false,"campfire_upgraded":0,"win_rate":0.0,"timestamp":1607798053,"path_taken":["M","?","M","M","$","E","?","M","T","E"],"items_purchased_type":["Card","Card"],"build_version":"2020-11-30","purchased_purges":1,"victory":false,"max_hp_per_floor":[66,66,71,71,71,71,71,71,71,71,71],"card_choices":[{"not_picked":["Dagger Spray","Acrobatics"],"picked":"All Out Attack","floor":1.0},{"not_picked":["Accuracy","Reflex"],"picked":"Dagger Spray","floor":3.0},{"not_picked":["Dagger Spray","Outmaneuver"],"picked":"Infinite Blades","floor":4},{"not_picked":["Concentrate","Escape Plan"],"picked":"Tactician","floor":6},{"not_picked":["Reflex","Dagger Spray"],"picked":"Skewer","floor":8}],"player_experience":5285055,"relics_obtained":[{"floor":6,"key":"Torii"},{"floor":9,"key":"Shuriken"}],"event_choices":[{"damage_healed":0.0,"max_hp_gain":0.0,"max_hp_loss":0.0,"gold_gain":0.0,"event_name":"The Woman in Blue","player_choice":"Bought 1 Potion","floor":2.0,"gold_loss":0.0,"damage_taken":0.0},{"damage_healed":0,"gold_gain":0,"player_choice":"Success","damage_taken":5,"relics_obtained":["CeramicFish"],"max_hp_gain":0,"max_hp_loss":0,"event_name":"Scrap Ooze","floor":7,"gold_loss":0}],"is_beta":false,"boss_relics":[],"items_purged_floors":[5],"is_endless":false,"potions_floor_spawned":[3,4,6],"killed_by":"Lagavulin","ascension_level":18}}