{"host":"4qkvkh7pd9qr2mca","time":1607811005,"event":{"mods":["AchievementEnabler","BaseMod","Colored Map","Colored Powertips","Highlight Path","Minty Spire (QoL Compilation)","Permanent Neow","Quick Restart","StSLib","SuperFastMode"],"gold_per_floor":[37,92,108,142,179,179,225,225,252,290,327,364,413,413,413,413,413],"floor_reached":16,"playtime":504,"items_purged":[],"score":232,"play_id":"391dda65-205e-43f7-8232-773177b53ad0","local_time":"20201212231005","is_ascension_mode":true,"campfire_choices":[{"data":"Feed","floor":6,"key":"SMITH"},{"floor":8,"key":"REST"},{"data":"True Grit","floor":15,"key":"SMITH"}],"circlet_count":0,"master_deck":["AscendersBane","Strike_R","Strike_R","Strike_R","Strike_R","Strike_R","Defend_R","Defend_R","Defend_R","Defend_R","Bash","HandOfGreed","Shockwave","True Grit+1","Spot Weakness","Feed+1","Feel No Pain","Shrug It Off","Sentinel","Metallicize"],"relics":["Burning Blood","Vajra","Tiny Chest","Boot"],"acts_visited":["Exordium"],"potions_floor_usage":[5,7,16,16],"damage_taken":[{"damage":9,"enemies":"Jaw Worm","floor":1,"turns":4},{"damage":4,"enemies":"2 Louse","floor":2,"turns":7},{"damage":12,"enemies":"Cultist","floor":3,"turns":5},{"damage":6,"enemies":"Looter","floor":4,"turns":3},{"damage":16,"enemies":"Blue Slaver","floor":5,"turns":3},{"damage":33,"enemies":"3 Sentries","floor":7,"turns":9},{"damage":16,"enemies":"3 Louse","floor":10,"turns":3},{"damage":2,"enemies":"2 Fungi Beasts","floor":11,"turns":6},{"damage":4,"enemies":"Looter","floor":12,"turns":2},{"damage":66,"enemies":"Gremlin Nob","floor":13,"turns":6},{"damage":42,"enemies":"Hexaghost","floor":16,"turns":11}],"seed_played":"1854948043651372059","potions_obtained":[{"floor":3,"key":"BlessingOfTheForge"},{"floor":4,"key":"EssenceOfSteel"},{"floor":5,"key":"FairyPotion"},{"floor":11,"key":"HeartOfIron"},{"floor":13,"key":"Regen Potion"}],"is_trial":false,"path_per_floor":["M","M","M","M","M","R","E","R","T","M","M","M","E","?","R","B"],"character_chosen":"IRONCLAD","items_purchased":[],"campfire_rested":1,"item_purchase_floors":[],"current_hp_per_floor":[65,67,61,61,51,51,28,51,51,45,53,55,25,25,25,0,0],"gold":413,"neow_bonus":"RANDOM_COLORLESS_2","is_daily":false,"chose_seed":false,"campfire_upgraded":2,"win_rate":0.0,"timestamp":1607811005,"path_taken":["M","M","M","M","M","R","E","R","T","M","M","M","E","?","R","BOSS"],"items_purchased_type":[],"build_version":"2020-11-30","purchased_purges":0,"victory":false,"max_hp_per_floor":[75,75,75,75,75,75,79,79,79,83,87,87,87,87,87,87,87],"card_choices":[{"not_picked":["Master of Strategy","Chrysalis"],"picked":"HandOfGreed","floor":0},{"not_picked":["Armaments","Sever Soul"],"picked":"Shockwave","floor":1},{"not_picked":["Warcry","Twin Strike"],"picked":"True Grit","floor":2},{"not_picked":["Power Through","Body Slam"],"picked":"Spot Weakness","floor":3},{"not_picked":["True Grit","Anger"],"picked":"Feed","floor":4},{"not_picked":["Body Slam","Clothesline","Warcry"],"picked":"SKIP","floor":5},{"not_picked":["Dual Wield","Whirlwind"],"picked":"Feel No Pain","floor":7},{"not_picked":["Dropkick","True Grit"],"picked":"Shrug It Off","floor":10},{"not_picked":["Anger","Ghostly Armor"],"picked":"Sentinel","floor":11},{"not_picked":["Cleave","Searing Blow"],"picked":"Metallicize","floor":12},{"not_picked":["Iron Wave","Warcry","Pommel Strike"],"picked":"SKIP","floor":13}],"player_experience":305614,"relics_obtained":[{"floor":7,"key":"Vajra"},{"floor":9,"key":"Tiny Chest"},{"floor":13,"key":"Boot"}],"event_choices":[{"damage_healed":0,"gold_gain":0,"player_choice":"Ignored","damage_taken":0,"max_hp_gain":0,"max_hp_loss":0,"event_name":"Liars Game","floor":14,"gold_loss":0}],"is_beta":false,"boss_relics":[],"items_purged_floors":[],"is_endless":false,"potions_floor_spawned":[3,4,5,11,12,13],"killed_by":"Hexaghost","ascension_level":20}}