{"host":"mszes4kzl3qk0fcx","time":1607750843,"event":{"mods":["BaseMod","Minty Spire (QoL Compilation)","StSLib","The Administrix","The Animator"],"gold_per_floor":[368,1,1,1,30,63,63,81,81,113,113,150,167,149,149,251,251,236,247,247,278,290,316,316,328,328,253,265,277,277,277],"floor_reached":30,"playtime":3193,"items_purged":["Shame"],"score":311,"play_id":"7d3c6d73-e00f-4f34-9bb4-0c5819b8a594","local_time":"20201212002723","is_ascension_mode":true,"campfire_choices":[{"data":"animator:PandorasActor","floor":7,"key":"SMITH"},{"floor":11,"key":"REST"},{"floor":15,"key":"REST"}],"circlet_count":0,"master_deck":["animator:Strike_TenSura","animator:Defend_TenSura","animator:Strike","animator:Strike","animator:Defend","animator:Defend","animator:Benimaru","animator:Shuna+1","animator:PandorasActor+1","animator:Millim+2","animator:Hakurou","animator:Hakurou","animator:Rimuru","animator:Souei","animator:Tyuule","animator:YaoHaDucy","animator:Hakurou","animator:Shuna","animator:Shion"],"relics":["animator:LivingPicture","animator:TheMissingPiece","animator:Hoodie","Singing Bowl","Sundial","Lizard Tail","Dead Branch","Empty Cage","Pantograph","animator:EngravedStaff","Juzu Bracelet"],"acts_visited":["Exordium","TheCity"],"potions_floor_usage":[8,10,19,22,23,23,23,23,30],"damage_taken":[{"damage":0,"enemies":"Cultist","floor":1,"turns":4},{"damage":0,"enemies":"Small Slimes","floor":5,"turns":3},{"damage":37,"enemies":"3 Sentries","floor":6,"turns":11},{"damage":0,"enemies":"2 Louse","floor":8,"turns":2},{"damage":17,"enemies":"Gremlin Nob","floor":10,"turns":5},{"damage":17,"enemies":"Lagavulin","floor":12,"turns":5},{"damage":0,"enemies":"Large Slime","floor":13,"turns":4},{"damage":0,"enemies":"Looter","floor":14,"turns":4},{"damage":48,"enemies":"Hexaghost","floor":16,"turns":8},{"damage":28,"enemies":"2 Thieves","floor":18,"turns":4},{"damage":19,"enemies":"Chosen","floor":19,"turns":5},{"damage":15,"enemies":"Snecko","floor":21,"turns":3},{"damage":31,"enemies":"Shelled Parasite and Fungi","floor":22,"turns":5},{"damage":27,"enemies":"Gremlin Leader","floor":23,"turns":7},{"damage":10,"enemies":"Snake Plant","floor":25,"turns":4},{"damage":0,"enemies":"Snecko","floor":28,"turns":4},{"damage":11,"enemies":"Sentry and Sphere","floor":29,"turns":4},{"damage":20,"enemies":"Book of Stabbing","floor":30,"turns":2}],"seed_played":"2525841934525932688","potions_obtained":[{"floor":1,"key":"Strength Potion"},{"floor":6,"key":"AttackPotion"},{"floor":16,"key":"Swift Potion"},{"floor":19,"key":"AttackPotion"},{"floor":22,"key":"EntropicBrew"},{"floor":29,"key":"CultistPotion"}],"is_trial":false,"path_per_floor":["M","$","?","?","M","E","R","M","T","E","R","E","M","M","R","B",null,"M","M","?","M","M","E","?","M","T","?","M","M","E"],"character_chosen":"THE_ANIMATOR","items_purchased":["animator:Hoodie","animator:Millim"],"campfire_rested":2,"item_purchase_floors":[2,2],"current_hp_per_floor":[66,66,66,66,69,34,34,37,37,21,43,26,31,34,58,11,84,56,39,39,24,43,18,18,8,8,8,13,3,0,0],"gold":277,"neow_bonus":"TWO_FIFTY_GOLD","is_daily":false,"chose_seed":false,"campfire_upgraded":1,"win_rate":0.0,"timestamp":1607750843,"path_taken":["M","$","?","?","M","E","R","M","T","E","R","E","M","M","R","BOSS","M","M","?","M","M","E","?","M","T","?","M","M","E"],"items_purchased_type":["Relic","Card"],"build_version":"2020-11-30","purchased_purges":1,"victory":false,"max_hp_per_floor":[66,66,66,66,69,71,71,74,74,75,75,75,80,83,83,84,84,84,86,86,86,86,88,88,88,88,88,93,94,94,94],"card_choices":[{"not_picked":["animator:KrulTepes","animator:Yoichi"],"picked":"animator:PandorasActor","floor":1},{"not_picked":["animator:Tyuule","animator:Millim"],"picked":"animator:Hakurou","floor":5},{"not_picked":["animator:YaoHaDucy","animator:YuiTsuruno","animator:Tet"],"picked":"Singing Bowl","floor":6},{"not_picked":["animator:GazelDwargon","animator:Souei"],"picked":"animator:Hakurou","floor":8},{"not_picked":["animator:Jibril","animator:Shion"],"picked":"animator:Rimuru","floor":10},{"not_picked":["animator:Entoma","animator:CrowleyEusford"],"picked":"animator:Souei","floor":12},{"not_picked":["animator:IzunaHatsuse","animator:Shinoa","animator:AcuraTooru"],"picked":"Singing Bowl","floor":13},{"not_picked":["animator:TukaLunaMarceau","animator:Arpeggio"],"picked":"animator:Tyuule","floor":14},{"not_picked":["animator:Kyubey","animator:FeridBathory"],"picked":"animator:PinaCoLada","floor":16},{"not_picked":["animator:Viivi","animator:DolaSchwi+1"],"picked":"animator:Millim+1","floor":18},{"not_picked":["animator:Fredrika","animator:Mitsuba","animator:Gillette"],"picked":"Singing Bowl","floor":19},{"not_picked":["animator:IzunaHatsuse+1","animator:Tet"],"picked":"animator:YaoHaDucy","floor":21},{"not_picked":["animator:Millim","animator:Shuna"],"picked":"animator:Hakurou","floor":22},{"not_picked":["animator:Mikaela","animator:Shinoa","animator:YuiTsuruno"],"picked":"Singing Bowl","floor":23},{"not_picked":["animator:YuiTsuruno","animator:Sebas"],"picked":"animator:Shuna","floor":25},{"not_picked":["animator:ChaikaTrabant","animator:Evileye+1","animator:Layla"],"picked":"Singing Bowl","floor":28},{"not_picked":["animator:Millim","animator:Benimaru"],"picked":"animator:Shion","floor":29}],"player_experience":483312,"relics_obtained":[{"floor":6,"key":"Singing Bowl"},{"floor":9,"key":"Sundial"},{"floor":10,"key":"Lizard Tail"},{"floor":12,"key":"Dead Branch"},{"floor":23,"key":"animator:EngravedStaff"},{"floor":26,"key":"Juzu Bracelet"}],"event_choices":[{"damage_healed":0,"gold_gain":0,"player_choice":"Grow","damage_taken":0,"max_hp_gain":0,"max_hp_loss":0,"event_name":"Living Wall","floor":4,"gold_loss":0,"cards_upgraded":["animator:Shuna"]},{"damage_healed":0,"gold_gain":0,"player_choice":"Opened","damage_taken":0,"relics_obtained":["Pantograph"],"max_hp_gain":0,"max_hp_loss":0,"event_name":"The Mausoleum","floor":20,"gold_loss":0},{"damage_healed":0,"gold_gain":0,"player_choice":"Ignored","damage_taken":0,"max_hp_gain":0,"max_hp_loss":0,"event_name":"Cursed Tome","floor":24,"gold_loss":0},{"cards_removed":["animator:PinaCoLada"],"damage_healed":0,"gold_gain":0,"player_choice":"Gave Gold","damage_taken":0,"max_hp_gain":0,"max_hp_loss":0,"event_name":"Beggar","floor":27,"gold_loss":75}],"is_beta":false,"boss_relics":[{"not_picked":["Ectoplasm","Runic Dome"],"picked":"Empty Cage"}],"items_purged_floors":[2],"is_endless":false,"potions_floor_spawned":[1,6,16,19,22,29],"killed_by":"Book of Stabbing","ascension_level":1}}