{"host":"e4hse1vg61zltgzv","time":1607779817,"event":{"mods":["AchievementEnabler","BaseMod","Block Reminder","Colored Map","DeckTracker","GifTheSpireLib","Minty Spire (QoL Compilation)","Rare Cards Sparkle","StSLib","SuperFastMode","everything is the same but u backflip on backflip"],"gold_per_floor":[153,195,234,285,324,423,498,597,675,765,855,939,1038,1113,1113,1335,1335,1386,902,932,307,349,442,547,646,698,776,857,905,905,935,935,1169,1169,1223,724,778,389,428,518,605,707,730,805,889,922,1015,1075,1087,1099,1111,1123,1135,868,952,952],"floor_reached":57,"playtime":931,"items_purged":["Battle Trance+1"],"score":4875,"play_id":"487503b6-4418-4fc5-ba18-fefb76cb50f2","local_time":"20201212223017","daily_mods":["Vintage","Flight","DeadlyEvents","Binary","Elite Swarm","Lethality","Midas"],"is_ascension_mode":true,"campfire_choices":[{"floor":15,"key":"RECALL"},{"floor":32,"key":"DIG"},{"floor":49,"key":"DIG"},{"floor":53,"key":"DIG"}],"circlet_count":0,"master_deck":["Shrug It Off+1","Entrench+1","Body Slam+1","Finesse+1"],"relics":["Burning Blood","Calipers","Blue Candle","Boot","Question Card","Torii","Happy Flower","Regal Pillow","Bronze Scales","Akabeko","Darkstone Periapt","Shovel","Centennial Puzzle","Paper Frog","Whetstone","Fusion Hammer","Pen Nib","Bag of Preparation","ClockworkSouvenir","Blood Vial","Shuriken","Gremlin Horn","Eternal Feather","Meat on the Bone","Pantograph","Red Skull","Anchor","StoneCalendar","Girya","Bottled Lightning","MutagenicStrength","Strawberry","PreservedInsect","Coffee Dripper","HornCleat","War Paint","OrangePellets","Toy Ornithopter","Potion Belt","Membership Card","Vajra","Frozen Egg 2","Pear","Champion Belt","CeramicFish","Ornamental Fan","Nunchaku","Sundial","Ancient Tea Set","Prayer Wheel","MawBank","Kunai","Orichalcum","Mercury Hourglass","Bag of Marbles","Lantern","Cauldron","Letter Opener"],"acts_visited":["Exordium","TheCity","TheBeyond","TheEnding"],"potions_floor_usage":[56,56,56],"damage_taken":[{"damage":0,"enemies":"Cultist","floor":1,"turns":1},{"damage":0,"enemies":"Jaw Worm","floor":2,"turns":1},{"damage":0,"enemies":"Small Slimes","floor":3,"turns":1},{"damage":0,"enemies":"Looter","floor":4,"turns":1},{"damage":0,"enemies":"Exordium Wildlife","floor":5,"turns":1},{"damage":0,"enemies":"Gremlin Nob","floor":6,"turns":2},{"damage":0,"enemies":"3 Sentries","floor":7,"turns":3},{"damage":0,"enemies":"Gremlin Nob","floor":8,"turns":2},{"damage":0,"enemies":"3 Sentries","floor":10,"turns":2},{"damage":0,"enemies":"Gremlin Nob","floor":11,"turns":2},{"damage":0,"enemies":"3 Sentries","floor":12,"turns":3},{"damage":0,"enemies":"Gremlin Nob","floor":13,"turns":1},{"damage":0,"enemies":"Lagavulin","floor":14,"turns":2},{"damage":0,"enemies":"The Guardian","floor":16,"turns":2},{"damage":0,"enemies":"2 Thieves","floor":18,"turns":2},{"damage":0,"enemies":"Spheric Guardian","floor":20,"turns":1},{"damage":0,"enemies":"Shelled Parasite and Fungi","floor":22,"turns":1},{"damage":0,"enemies":"Gremlin Leader","floor":23,"turns":2},{"damage":0,"enemies":"Book of Stabbing","floor":24,"turns":2},{"damage":0,"enemies":"Slavers","floor":25,"turns":2},{"damage":0,"enemies":"Book of Stabbing","floor":27,"turns":2},{"damage":0,"enemies":"Gremlin Leader","floor":28,"turns":2},{"damage":0,"enemies":"3 Cultists","floor":29,"turns":1},{"damage":0,"enemies":"Centurion and Healer","floor":31,"turns":1},{"damage":0,"enemies":"Champ","floor":33,"turns":2},{"damage":0,"enemies":"3 Shapes","floor":35,"turns":2},{"damage":0,"enemies":"Orb Walker","floor":37,"turns":1},{"damage":0,"enemies":"Jaw Worm Horde","floor":39,"turns":1},{"damage":0,"enemies":"Nemesis","floor":40,"turns":3},{"damage":0,"enemies":"Reptomancer","floor":41,"turns":1},{"damage":0,"enemies":"Nemesis","floor":42,"turns":1},{"damage":0,"enemies":"Giant Head","floor":44,"turns":2},{"damage":0,"enemies":"Nemesis","floor":45,"turns":2},{"damage":0,"enemies":"Writhing Mass","floor":46,"turns":2},{"damage":0,"enemies":"Giant Head","floor":47,"turns":2},{"damage":0,"enemies":"Spire Growth","floor":48,"turns":2},{"damage":0,"enemies":"Donu and Deca","floor":50,"turns":3},{"damage":0,"enemies":"Time Eater","floor":51,"turns":2},{"damage":0,"enemies":"Shield and Spear","floor":55,"turns":1},{"damage":0,"enemies":"The Heart","floor":56,"turns":4}],"seed_played":"-9211616987100107034","potions_obtained":[{"floor":3,"key":"Strength Potion"},{"floor":4,"key":"DistilledChaos"},{"floor":28,"key":"LiquidMemories"},{"floor":33,"key":"Swift Potion"},{"floor":39,"key":"SkillPotion"},{"floor":40,"key":"Explosive Potion"},{"floor":44,"key":"SkillPotion"},{"floor":54,"key":"GamblersBrew"}],"is_trial":true,"path_per_floor":["M","M","M","M","M","E","E","E","T","E","E","E","E","E","R","B",null,"M","$","M","$","M","E","E","E","T","E","E","M","?","M","R","B",null,"M","$","M","$","M","E","E","E","T","E","E","M","E","M","R","B","B",null,"R","$","E","B",null],"character_chosen":"IRONCLAD","items_purchased":["Bag of Preparation","ClockworkSouvenir","Finesse","Block Potion","Shuriken","Gremlin Horn","War Paint","OrangePellets","Toy Ornithopter","Membership Card","Vajra","Frozen Egg 2","Bag of Marbles","Lantern","Cauldron","SkillPotion"],"campfire_rested":0,"item_purchase_floors":[19,19,19,19,21,21,36,36,36,38,38,38,54,54,54,54],"current_hp_per_floor":[74,75,75,75,75,75,75,75,75,75,75,75,75,75,75,75,75,75,75,75,75,75,75,75,75,75,75,75,75,75,82,82,82,82,82,82,82,82,92,92,92,92,92,92,92,92,92,92,92,92,92,92,92,92,92,92],"gold":952,"neow_bonus":"","is_daily":false,"chose_seed":false,"campfire_upgraded":0,"win_rate":0.0,"timestamp":1607779817,"path_taken":["M","M","M","M","M","E","E","E","T","E","E","E","E","E","R","BOSS","M","$","M","$","M","E","E","E","T","E","E","M","?","M","R","BOSS","M","$","M","$","M","E","E","E","T","E","E","M","E","M","R","BOSS","BOSS","R","$","E","BOSS"],"items_purchased_type":["Relic","Relic","Card","Potion","Relic","Relic","Relic","Relic","Relic","Relic","Relic","Relic","Relic","Relic","Relic","Potion"],"build_version":"2020-11-30","purchased_purges":1,"victory":true,"max_hp_per_floor":[75,75,75,75,75,75,75,75,75,75,75,75,75,75,75,75,75,75,75,75,75,75,75,75,75,75,75,75,75,75,82,82,82,82,82,82,82,82,92,92,92,92,92,92,92,92,92,92,92,92,92,92,92,92,92,92],"card_choices":[{"not_picked":["Limit Break","Berserk","Brutality"],"picked":"SKIP","floor":6},{"not_picked":["Double Tap","Exhume","Bludgeon"],"picked":"SKIP","floor":7},{"not_picked":["Double Tap","Exhume","Juggernaut"],"picked":"SKIP","floor":8},{"not_picked":["Barricade","Berserk","Impervious"],"picked":"SKIP","floor":10},{"not_picked":["Corruption","Juggernaut","Limit Break"],"picked":"SKIP","floor":11},{"not_picked":["Brutality","Demon Form","Feed"],"picked":"SKIP","floor":12},{"not_picked":["Exhume","Feed","Immolate"],"picked":"SKIP","floor":13},{"not_picked":["Offering","Fiend Fire","Barricade"],"picked":"SKIP","floor":14},{"not_picked":["Reaper","Fiend Fire","Offering"],"picked":"SKIP","floor":23},{"not_picked":["Corruption","Demon Form","Limit Break"],"picked":"SKIP","floor":24},{"not_picked":["Juggernaut","Bludgeon","Double Tap"],"picked":"SKIP","floor":25},{"not_picked":["Limit Break","Reaper","Exhume"],"picked":"SKIP","floor":27},{"not_picked":["Impervious","Corruption","Barricade"],"picked":"SKIP","floor":28},{"not_picked":["Corruption+1","Barricade+1","Brutality+1"],"picked":"SKIP","floor":40},{"not_picked":["Limit Break","Brutality+1","Double Tap"],"picked":"SKIP","floor":41},{"not_picked":["Reaper","Brutality+1","Fiend Fire"],"picked":"SKIP","floor":42},{"not_picked":["Corruption+1","Barricade+1","Juggernaut+1"],"picked":"SKIP","floor":44},{"not_picked":["Double Tap","Barricade+1","Limit Break"],"picked":"SKIP","floor":45},{"not_picked":["Demon Form+1","Feed","Double Tap"],"picked":"SKIP","floor":47},{"not_picked":["Impervious","Double Tap","Reaper"],"picked":"SKIP","floor":55}],"player_experience":729968,"relics_obtained":[{"floor":1,"key":"Blue Candle"},{"floor":2,"key":"Boot"},{"floor":3,"key":"Question Card"},{"floor":4,"key":"Torii"},{"floor":5,"key":"Happy Flower"},{"floor":6,"key":"Regal Pillow"},{"floor":7,"key":"Bronze Scales"},{"floor":8,"key":"Akabeko"},{"floor":10,"key":"Darkstone Periapt"},{"floor":11,"key":"Shovel"},{"floor":12,"key":"Centennial Puzzle"},{"floor":13,"key":"Paper Frog"},{"floor":14,"key":"Whetstone"},{"floor":18,"key":"Pen Nib"},{"floor":20,"key":"Blood Vial"},{"floor":22,"key":"Eternal Feather"},{"floor":23,"key":"Meat on the Bone"},{"floor":24,"key":"Pantograph"},{"floor":25,"key":"Red Skull"},{"floor":26,"key":"Anchor"},{"floor":27,"key":"StoneCalendar"},{"floor":28,"key":"Girya"},{"floor":29,"key":"Bottled Lightning"},{"floor":31,"key":"Strawberry"},{"floor":32,"key":"PreservedInsect"},{"floor":35,"key":"HornCleat"},{"floor":37,"key":"Potion Belt"},{"floor":39,"key":"Pear"},{"floor":40,"key":"Champion Belt"},{"floor":41,"key":"CeramicFish"},{"floor":42,"key":"Ornamental Fan"},{"floor":43,"key":"Nunchaku"},{"floor":44,"key":"Sundial"},{"floor":45,"key":"Ancient Tea Set"},{"floor":46,"key":"Prayer Wheel"},{"floor":47,"key":"MawBank"},{"floor":48,"key":"Kunai"},{"floor":49,"key":"Orichalcum"},{"floor":53,"key":"Mercury Hourglass"},{"floor":55,"key":"Letter Opener"}],"event_choices":[{"damage_healed":0,"gold_gain":0,"player_choice":"Inject Mutagens","damage_taken":0,"relics_obtained":["MutagenicStrength"],"max_hp_gain":0,"max_hp_loss":0,"event_name":"Drug Dealer","floor":30,"gold_loss":0}],"is_beta":false,"boss_relics":[{"not_picked":["SlaversCollar","Runic Cube"],"picked":"Fusion Hammer"},{"not_picked":["Runic Dome","Mark of Pain"],"picked":"Coffee Dripper"}],"items_purged_floors":[21],"is_endless":false,"potions_floor_spawned":[3,4,6,7,12,16,20,25,28,33,39,40,44,45,46,48,55],"ascension_level":20}}