{"host":"c3kh4y5z2xx8jyu6","time":1607803577,"event":{"mods":["AchievementEnabler","BaseMod","Colored Powertips","Downfall","Hermit","Hubris","Lobotomy","Marisa????????","Minty Spire (QoL Compilation)","READ ME - Guardian Mod","Replay The Spire","Shop Mod","StSLib","Td1madao Mod","The Bug Knight","The Cursed","The Disciple","The Hierophant","The Necromancer","The Runesmith","The Servant 0.9.4"],"gold_per_floor":[118,118,132,144,144,144,172,182,205,240,240,257,257,268,268,372,372,383,355,286,302,302,302],"floor_reached":22,"playtime":1435,"items_purged":[],"score":218,"play_id":"f51d51e1-0cb2-4f13-ac0d-eed36b6246f5","local_time":"20201212220617","is_ascension_mode":true,"campfire_choices":[{"data":"Siphon_Strength","floor":6,"key":"SMITH"},{"floor":13,"key":"REST"},{"data":"Bone_Wall","floor":15,"key":"SMITH"}],"circlet_count":0,"master_deck":["Strike_W","Strike_W","Strike_W","Strike_W","Defend_W","Defend_W","Defend_W","Negative_Energy_Arrows","Bone_Wall+1","Spectral_Walk","Negative_Energy_Sphere","Pandemic","Negative_Energy_Shield","Siphon_Strength+1","Blood_Magic","Summon_Vampire_Lady","Requiem","Bones_to_Steel","Blood_Wake","Skeleton_Dragon","Bone_Armor+1","Negative_Energy_Mist+1","Summon_Lich","Siphon_Strength"],"relics":["Vampire_Amulet","hubris:Towel","Ancient Tea Set","Happy Flower","Counterbalance","Black Star"],"acts_visited":["Exordium","TheCity"],"potions_floor_usage":[],"damage_taken":[{"damage":2,"enemies":"Jaw Worm","floor":1,"turns":4},{"damage":0,"enemies":"Cultist","floor":3,"turns":5},{"damage":0,"enemies":"Small Slimes","floor":4,"turns":4},{"damage":33,"enemies":"Lagavulin","floor":7,"turns":9},{"damage":6,"enemies":"Blue Slaver","floor":8,"turns":5},{"damage":22,"enemies":"HollowMod:MossKnight","floor":10,"turns":11},{"damage":18,"enemies":"Lots of Slimes","floor":12,"turns":3},{"damage":11,"enemies":"Exordium Thugs","floor":14,"turns":6},{"damage":43,"enemies":"Slime Boss","floor":16,"turns":12},{"damage":34,"enemies":"Shell Parasite","floor":18,"turns":8},{"damage":50,"enemies":"2 Thieves","floor":19,"turns":5},{"damage":10,"enemies":"Snake Plant","floor":21,"turns":7},{"damage":16,"enemies":"Shelled Parasite and Fungi","floor":22,"turns":3}],"seed_played":"1177386966519669842","potions_obtained":[{"floor":3,"key":"Regen Potion"},{"floor":4,"key":"Strength Potion"},{"floor":10,"key":"Toxic Potion"},{"floor":21,"key":"CultistPotion"}],"is_trial":false,"path_per_floor":["M","?","M","M","?","R","E","M","T","E","?","M","R","M","R","B",null,"M","M","$","M","M"],"character_chosen":"NECROMANCER","items_purchased":["Summon_Lich"],"campfire_rested":1,"item_purchase_floors":[20],"current_hp_per_floor":[75,75,75,75,75,75,44,40,40,52,52,50,72,69,69,52,75,61,13,13,14,0,0],"gold":302,"neow_bonus":"THREE_CARDS","is_daily":false,"chose_seed":false,"campfire_upgraded":2,"win_rate":0.0,"timestamp":1607803577,"path_taken":["M","?","?","M","?","R","E","M","T","E","?","M","R","?","R","BOSS","M","M","$","M","M"],"items_purchased_type":["Card"],"build_version":"2020-11-30","purchased_purges":0,"victory":false,"max_hp_per_floor":[75,75,75,75,75,75,75,75,75,75,75,75,75,75,75,75,75,75,75,75,75,75,75],"card_choices":[{"not_picked":["Scare","Finger_Of_Death"],"picked":"Spectral_Walk","floor":0},{"not_picked":["Blood_Curse","Whirlwind_of_Bones"],"picked":"Negative_Energy_Sphere","floor":1},{"not_picked":["Death_March_Dance","Life_Drain"],"picked":"Negative_Energy_Shield","floor":3},{"not_picked":["Negative_Energy_Shield","Spectral_Armor"],"picked":"Siphon_Strength","floor":4},{"not_picked":["Whirlwind_of_Bones","Acid_Javelin"],"picked":"Blood_Magic","floor":7},{"not_picked":["Toxic_Smoke_Screen","Blood_Whip"],"picked":"Summon_Vampire_Lady","floor":8},{"not_picked":["Acid_Javelin","Blood_Shield"],"picked":"Requiem","floor":10},{"not_picked":["Chill_Blood","Pandemic"],"picked":"Bones_to_Steel","floor":12},{"not_picked":["Finger_Of_Death","Death_Coil"],"picked":"Blood_Wake","floor":14},{"not_picked":["Blood_Magic","Negative_Energy_Bomb"],"picked":"Skeleton_Dragon","floor":16},{"not_picked":["Shade_Step","Consume_Illness+1"],"picked":"Bone_Armor+1","floor":18},{"not_picked":["Requiem","Chill_Blood"],"picked":"Negative_Energy_Mist+1","floor":19},{"not_picked":["Epidemic","Scare+1"],"picked":"Siphon_Strength","floor":21}],"player_experience":194056,"relics_obtained":[{"floor":7,"key":"Ancient Tea Set"},{"floor":9,"key":"Happy Flower"},{"floor":10,"key":"Counterbalance"}],"event_choices":[{"damage_healed":0,"gold_gain":0,"player_choice":"1 cards matched","damage_taken":0,"max_hp_gain":0,"max_hp_loss":0,"event_name":"Match and Keep!","floor":2,"gold_loss":0,"cards_obtained":["Pandemic"]},{"cards_removed":["Defend_W"],"damage_healed":0,"gold_gain":0,"player_choice":"Purged","damage_taken":0,"max_hp_gain":0,"max_hp_loss":0,"event_name":"Purifier","floor":11,"gold_loss":0}],"is_beta":false,"boss_relics":[{"not_picked":["Pandora\u0027s Box","Runic Dome"],"picked":"Black Star"}],"items_purged_floors":[],"is_endless":false,"potions_floor_spawned":[3,4,10,16,19,21],"killed_by":"Shelled Parasite and Fungi","ascension_level":2}}