{"host":"i09pxcjttd31eh4q","time":1607769131,"event":{"mods":["AchievementEnabler","BaseMod","Colored Map","Keyboard Shortcuts","Minty Spire (QoL Compilation)","StSLib","SuperFastMode"],"gold_per_floor":[109,123,123,123,198,198,198,198,224,249,174,188,52,68,68,142,142,162,162,162,82,82,110,110,120,120,120,138,138,156,171,171,244,244,259,259,259,259,276,301,301,312,312,312,325,200,213,225,225,225,225],"floor_reached":52,"playtime":1145,"items_purged":["Strike_P","Defend_P","Establishment"],"score":1743,"play_id":"0030bfc3-bacf-46cc-a0d8-f7cea34c6db8","local_time":"20201212193211","is_ascension_mode":true,"campfire_choices":[{"data":"Eruption","floor":6.0,"key":"SMITH"},{"data":"TalkToTheHand","floor":15.0,"key":"SMITH"},{"data":"Adaptation","floor":24,"key":"SMITH"},{"data":"MentalFortress","floor":27,"key":"SMITH"},{"data":"Vault","floor":32,"key":"SMITH"},{"data":"FearNoEvil","floor":41,"key":"SMITH"},{"data":"EmptyFist","floor":44,"key":"SMITH"},{"data":"Consecrate","floor":50,"key":"SMITH"}],"circlet_count":0,"master_deck":["AscendersBane","Eruption+1","Vigilance+1","EmptyFist+1","Adaptation+1","TalkToTheHand+1","Vault+1","MentalFortress+1","FearNoEvil+1","Wallop+1","Judgement+1","Collect+1","Consecrate+1"],"relics":["PureWater","NeowsBlessing","Tiny Chest","Ice Cream","Oddly Smooth Stone","StrikeDummy","Runic Pyramid","Happy Flower","PreservedInsect","FossilizedHelix","Orichalcum","Astrolabe","Kunai","Bag of Marbles","HornCleat"],"acts_visited":["Exordium","TheCity","TheBeyond"],"potions_floor_usage":[16,51,51],"damage_taken":[{"damage":0.0,"enemies":"Cultist","floor":1.0,"turns":1.0},{"damage":0.0,"enemies":"Jaw Worm","floor":2.0,"turns":1.0},{"damage":0.0,"enemies":"3 Sentries","floor":10.0,"turns":1.0},{"damage":1.0,"enemies":"2 Louse","floor":12.0,"turns":2.0},{"damage":0.0,"enemies":"Large Slime","floor":14.0,"turns":3.0},{"damage":8,"enemies":"Hexaghost","floor":16,"turns":7},{"damage":12,"enemies":"Shell Parasite","floor":18,"turns":8},{"damage":23,"enemies":"Slavers","floor":23,"turns":6},{"damage":0,"enemies":"Spheric Guardian","floor":25,"turns":3},{"damage":0,"enemies":"Snecko","floor":28,"turns":4},{"damage":0,"enemies":"Centurion and Healer","floor":30,"turns":3},{"damage":0,"enemies":"3 Cultists","floor":31,"turns":4},{"damage":0,"enemies":"Champ","floor":33,"turns":3},{"damage":0,"enemies":"3 Darklings","floor":35,"turns":3},{"damage":0,"enemies":"Orb Walker","floor":39,"turns":4},{"damage":0,"enemies":"Giant Head","floor":40,"turns":3},{"damage":0,"enemies":"Sphere and 2 Shapes","floor":42,"turns":2},{"damage":0,"enemies":"3 Darklings","floor":45,"turns":3},{"damage":0,"enemies":"Writhing Mass","floor":47,"turns":3},{"damage":0,"enemies":"Jaw Worm Horde","floor":48,"turns":3},{"damage":0,"enemies":"Donu and Deca","floor":51,"turns":4}],"seed_played":"1039787835476169165","potions_obtained":[{"floor":1.0,"key":"CultistPotion"},{"floor":7.0,"key":"ColorlessPotion"},{"floor":23,"key":"DistilledChaos"},{"floor":30,"key":"AttackPotion"},{"floor":39,"key":"EntropicBrew"}],"is_trial":false,"path_per_floor":["M","M","?","?","?","R","?","T","T","E","$","M","$","M","R","B",null,"M","?","?","$","T","E","R","M","T","R","M","?","M","M","R","B",null,"M","?","T","?","M","E","R","M","T","R","M","$","M","M","M","R","B",null],"character_chosen":"WATCHER","items_purchased":["TalkToTheHand","FearNoEvil"],"campfire_rested":0,"item_purchase_floors":[13,21],"current_hp_per_floor":[61,61,56,49,38,38,38,38,38,38,38,37,37,37,37,29,58,46,46,46,46,46,23,23,23,23,23,23,23,23,23,23,23,57,57,57,57,57,57,57,57,57,57,57,57,57,57,57,57,57,57],"gold":225,"neow_bonus":"THREE_ENEMY_KILL","is_daily":false,"chose_seed":false,"campfire_upgraded":8,"win_rate":0.0,"timestamp":1607769131,"path_taken":["M","M","?","?","?","R","?","?","T","E","?","M","$","M","R","BOSS","M","?","?","$","?","E","R","M","T","R","?","?","M","M","R","BOSS","M","?","?","?","M","E","R","M","T","R","?","$","M","M","M","R","BOSS"],"items_purchased_type":["Card","Card"],"build_version":"2020-11-30","purchased_purges":3,"victory":true,"max_hp_per_floor":[68,68,68,68,68,68,68,68,68,68,68,68,68,68,68,68,68,68,68,68,68,68,68,68,68,68,68,68,68,68,68,68,68,68,68,68,68,68,68,68,68,68,68,68,68,68,68,68,68,68,68],"card_choices":[{"not_picked":["SignatureMove","JustLucky","LikeWater"],"picked":"SKIP","floor":1.0},{"not_picked":["EmptyBody","Perseverance"],"picked":"EmptyFist","floor":2.0},{"not_picked":["Consecrate","InnerPeace"],"picked":"Adaptation","floor":10.0},{"not_picked":["EmptyBody","ForeignInfluence","Crescendo"],"picked":"SKIP","floor":12.0},{"not_picked":["EmptyFist","WreathOfFlame","FollowUp"],"picked":"SKIP","floor":14.0},{"not_picked":["Devotion","Wish"],"picked":"Vault","floor":16},{"not_picked":["Evaluate","Prostrate","LikeWater"],"picked":"SKIP","floor":18},{"not_picked":["Wallop","JustLucky","FollowUp"],"picked":"SKIP","floor":23},{"not_picked":["Wallop","JustLucky","FollowUp"],"picked":"SKIP","floor":23},{"not_picked":["SpiritShield","ForeignInfluence","FlurryOfBlows"],"picked":"SKIP","floor":25},{"not_picked":["FollowUp","ThirdEye","Protect"],"picked":"SKIP","floor":28},{"not_picked":["InnerPeace+1","Prostrate","CrushJoints"],"picked":"SKIP","floor":30},{"not_picked":["Crescendo","Halt","Evaluate"],"picked":"SKIP","floor":31},{"not_picked":["Halt","SandsOfTime","Wallop"],"picked":"SKIP","floor":35},{"not_picked":["Halt","Prostrate+1","EmptyFist"],"picked":"SKIP","floor":39},{"not_picked":["JustLucky+1","Sanctity","Protect"],"picked":"SKIP","floor":40},{"not_picked":["EmptyBody","Alpha","CutThroughFate"],"picked":"SKIP","floor":42},{"not_picked":["Tantrum","WindmillStrike+1","SashWhip"],"picked":"SKIP","floor":45},{"not_picked":["Prostrate","FollowUp","Consecrate"],"picked":"SKIP","floor":47},{"not_picked":["Worship","Crescendo+1","Blasphemy"],"picked":"SKIP","floor":48}],"player_experience":724488,"relics_obtained":[{"floor":8.0,"key":"Ice Cream"},{"floor":9.0,"key":"Oddly Smooth Stone"},{"floor":10.0,"key":"StrikeDummy"},{"floor":22,"key":"PreservedInsect"},{"floor":23,"key":"FossilizedHelix"},{"floor":26,"key":"Orichalcum"},{"floor":37,"key":"Kunai"},{"floor":40,"key":"Bag of Marbles"},{"floor":43,"key":"HornCleat"}],"event_choices":[{"damage_healed":0.0,"max_hp_gain":0.0,"max_hp_loss":0.0,"gold_gain":0.0,"event_name":"Scrap Ooze","player_choice":"Success","floor":3.0,"gold_loss":0.0,"damage_taken":5.0,"relics_obtained":["Tiny Chest"]},{"cards_removed":["Strike_P"],"damage_healed":0.0,"max_hp_gain":0.0,"max_hp_loss":0.0,"gold_gain":0.0,"event_name":"Golden Wing","player_choice":"Card Removal","floor":4.0,"gold_loss":0.0,"damage_taken":7.0},{"damage_healed":0.0,"max_hp_gain":0.0,"max_hp_loss":0.0,"gold_gain":75.0,"event_name":"World of Goop","player_choice":"Gather Gold","floor":5.0,"gold_loss":0.0,"damage_taken":11.0},{"damage_healed":0.0,"max_hp_gain":0.0,"max_hp_loss":0.0,"gold_gain":0.0,"event_name":"Lab","player_choice":"Got Potions","floor":7.0,"gold_loss":0.0,"damage_taken":0.0},{"damage_healed":0,"gold_gain":0,"player_choice":"Read","damage_taken":0,"max_hp_gain":0,"max_hp_loss":0,"event_name":"The Library","floor":19,"gold_loss":0,"cards_obtained":["MentalFortress"]},{"damage_healed":0,"gold_gain":0,"player_choice":"Gave Potion","damage_taken":0,"relics_obtained":["Happy Flower"],"max_hp_gain":0,"max_hp_loss":0,"event_name":"WeMeetAgain","floor":20,"gold_loss":0},{"damage_healed":0,"gold_gain":0,"cards_transformed":["Strike_P","Strike_P"],"player_choice":"Became Test Subject","damage_taken":0,"max_hp_gain":0,"max_hp_loss":0,"event_name":"Drug Dealer","floor":29,"gold_loss":0,"cards_obtained":["SashWhip","Establishment"]},{"damage_healed":0,"gold_gain":0,"cards_transformed":["Defend_P"],"player_choice":"Transformed","damage_taken":0,"max_hp_gain":0,"max_hp_loss":0,"event_name":"Transmorgrifier","floor":36,"gold_loss":0,"cards_obtained":["Consecrate"]},{"damage_healed":0,"gold_gain":0,"player_choice":"Upgraded","damage_taken":0,"max_hp_gain":0,"max_hp_loss":0,"event_name":"Upgrade Shrine","floor":38,"gold_loss":0,"cards_upgraded":["Vigilance"]}],"is_beta":false,"boss_relics":[{"not_picked":["Pandora\u0027s Box","VioletLotus"],"picked":"Runic Pyramid"},{"not_picked":["Snecko Eye","Black Star"],"picked":"Astrolabe"}],"items_purged_floors":[11,13,46],"is_endless":false,"potions_floor_spawned":[1,12,23,30,31,35,39,40,47],"ascension_level":18}}