{"host":"wvcyfzs99um8is6a","time":1607735942,"event":{"mods":["AchievementEnabler","BaseMod","Colored Map","Colored Powertips","Highlight Path","Minty Spire (QoL Compilation)","Random Character Button","Relic Filter","StSLib","SuperFastMode"],"gold_per_floor":[114,214,232,243,243,243,261,261,261,261,293,293,67,86,86,182,182,197,197,35,35,35,35,70,70,149,149,167,20,39,73,73,172,172,189,189,189,189,5,5,25,25,25,25,35,69,69,82,82,82,82,82,30,106,106],"floor_reached":56,"playtime":4007,"items_purged":["Strike_G","Bite"],"score":1134,"play_id":"27448faa-2d8e-4519-8330-63e85444964a","local_time":"20201211201902","is_ascension_mode":false,"campfire_choices":[{"data":"Infinite Blades","floor":6,"key":"SMITH"},{"data":"Cloak And Dagger","floor":8,"key":"SMITH"},{"floor":10,"key":"REST"},{"data":"Blade Dance","floor":15,"key":"SMITH"},{"data":"Panache","floor":23,"key":"SMITH"},{"data":"Footwork","floor":25,"key":"SMITH"},{"data":"Tools of the Trade","floor":27,"key":"SMITH"},{"data":"Survivor","floor":32,"key":"SMITH"},{"data":"Trip","floor":40,"key":"SMITH"},{"data":"Envenom","floor":42,"key":"SMITH"},{"floor":49,"key":"RECALL"},{"data":"Panacea","floor":52,"key":"SMITH"}],"circlet_count":0,"master_deck":["Defend_G","Defend_G","Defend_G","Defend_G","Survivor+1","Neutralize+1","Infinite Blades+1","Cloak And Dagger+1","Blade Dance+1","Tools of the Trade+1","Footwork+1","Panache+1","Bite","Bite+1","Bite","Escape Plan+1","Prepared+1","Bouncing Flask+1","Finisher+1","Envenom+1","Panacea+1","Trip+1","Noxious Fumes+1","Blur+1","Blade Dance+1"],"relics":["Ring of the Snake","Mummified Hand","Lizard Tail","Potion Belt","WristBlade","Nunchaku","Paper Crane","Kunai","Akabeko","Black Star","Bag of Preparation","Pen Nib","White Beast Statue","Tiny House"],"acts_visited":["TheCity","TheBeyond","TheEnding"],"potions_floor_usage":[16,35,50,50,54,55,55,55],"damage_taken":[{"damage":0,"enemies":"Small Slimes","floor":1,"turns":4},{"damage":6,"enemies":"Cultist","floor":3,"turns":4},{"damage":2,"enemies":"2 Louse","floor":4,"turns":4},{"damage":2,"enemies":"Blue Slaver","floor":7,"turns":4},{"damage":16,"enemies":"Lagavulin","floor":11,"turns":7},{"damage":6,"enemies":"Lots of Slimes","floor":14,"turns":5},{"damage":37,"enemies":"Slime Boss","floor":16,"turns":14},{"damage":0,"enemies":"3 Byrds","floor":18,"turns":4},{"damage":2,"enemies":"Book of Stabbing","floor":24,"turns":4},{"damage":0,"enemies":"2 Thieves","floor":28,"turns":2},{"damage":0,"enemies":"Centurion and Healer","floor":30,"turns":4},{"damage":8,"enemies":"Slavers","floor":31,"turns":2},{"damage":21,"enemies":"Automaton","floor":33,"turns":7},{"damage":9,"enemies":"3 Shapes","floor":35,"turns":3},{"damage":20,"enemies":"3 Darklings","floor":41,"turns":3},{"damage":0,"enemies":"Transient","floor":45,"turns":5},{"damage":18,"enemies":"Reptomancer","floor":46,"turns":5},{"damage":7,"enemies":"Maw","floor":48,"turns":4},{"damage":48,"enemies":"Awakened One","floor":50,"turns":7},{"damage":26,"enemies":"Shield and Spear","floor":54,"turns":4},{"damage":95,"enemies":"The Heart","floor":55,"turns":8}],"seed_played":"-471181968503887099","potions_obtained":[{"floor":7,"key":"Swift Potion"},{"floor":11,"key":"Swift Potion"},{"floor":16,"key":"SteroidPotion"},{"floor":18,"key":"CultistPotion"},{"floor":31,"key":"Strength Potion"},{"floor":35,"key":"Fruit Juice"},{"floor":48,"key":"Fire Potion"}],"is_trial":false,"path_per_floor":["M","?","M","M","?","R","M","R","T","R","E","?","$","M","R","B",null,"M","?","$","?","?","R","E","R","T","R","M","$","M","E","R","B",null,"M","?","?","?","$","R","M","R","T","$","M","E","?","M","R","B",null,"R","$","E","B",null],"character_chosen":"THE_SILENT","items_purchased":["Blood Vial","Panache","Kunai","Trip","Block Potion"],"campfire_rested":1,"item_purchase_floors":[13,20,29,39,53],"current_hp_per_floor":[70,70,64,62,48,48,46,46,46,67,51,51,51,47,47,12,70,70,70,70,70,70,70,70,70,70,70,70,70,70,62,62,59,70,70,70,70,70,70,70,54,54,54,54,60,50,50,51,51,13,71,71,71,52,18],"gold":106,"neow_bonus":"UPGRADE_CARD","is_daily":false,"chose_seed":false,"campfire_upgraded":10,"win_rate":0.0,"timestamp":1607735942,"path_taken":["M","?","?","M","?","R","M","R","T","R","E","?","$","?","R","BOSS","M","?","$","?","?","R","E","R","T","R","M","$","?","E","R","BOSS","M","?","?","?","$","R","M","R","T","$","M","E","?","M","R","BOSS","R","$","E","BOSS"],"items_purchased_type":["Relic","Card","Relic","Card","Potion"],"build_version":"2020-11-30","purchased_purges":2,"victory":true,"max_hp_per_floor":[70,70,70,70,70,70,70,70,70,70,70,70,70,70,70,70,70,70,70,70,70,70,70,70,70,70,70,70,70,70,70,70,70,70,75,75,75,75,75,75,75,75,75,75,75,75,71,71,71,71,71,71,71,76,76],"card_choices":[{"not_picked":["Slice","Underhanded Strike","Leg Sweep"],"picked":"SKIP","floor":1},{"not_picked":["Deflect","Slice","Venomology"],"picked":"SKIP","floor":3},{"not_picked":["Poisoned Stab","Blade Dance"],"picked":"Infinite Blades","floor":4},{"not_picked":["Eviscerate","Deflect"],"picked":"Cloak And Dagger","floor":7},{"not_picked":["Malaise","Flying Knee","Distraction"],"picked":"SKIP","floor":11},{"not_picked":["Outmaneuver","Prepared"],"picked":"Blade Dance","floor":14},{"not_picked":["Bullet Time","Wraith Form v2"],"picked":"Tools of the Trade","floor":16},{"not_picked":["Sucker Punch","Expertise+1","Quick Slash"],"picked":"SKIP","floor":18},{"not_picked":["Tactician+1","Eviscerate"],"picked":"Escape Plan+1","floor":24},{"not_picked":["Dagger Throw","Setup"],"picked":"Prepared+1","floor":28},{"not_picked":["PiercingWail","Masterful Stab"],"picked":"Bouncing Flask+1","floor":30},{"not_picked":["Bullet Time","Dash"],"picked":"Finisher+1","floor":31},{"not_picked":["Adrenaline","Phantasmal Killer"],"picked":"Envenom","floor":33},{"not_picked":["Acrobatics","Skewer","Dagger Spray+1"],"picked":"SKIP","floor":35},{"not_picked":["Dramatic Entrance","PanicButton"],"picked":"Panacea","floor":38},{"not_picked":["Backflip+1","Dagger Spray+1"],"picked":"Noxious Fumes+1","floor":41},{"not_picked":["Dodge and Roll+1","Predator+1"],"picked":"Blur+1","floor":45},{"not_picked":["Dagger Throw","Dodge and Roll","Escape Plan+1"],"picked":"SKIP","floor":46},{"not_picked":["Quick Slash","Dodge and Roll+1","Reflex"],"picked":"SKIP","floor":48},{"not_picked":["Prepared","Riddle With Holes+1"],"picked":"Blade Dance+1","floor":54}],"player_experience":980977,"relics_obtained":[{"floor":9,"key":"Mummified Hand"},{"floor":11,"key":"Lizard Tail"},{"floor":24,"key":"Nunchaku"},{"floor":26,"key":"Paper Crane"},{"floor":31,"key":"Akabeko"},{"floor":46,"key":"Bag of Preparation"},{"floor":46,"key":"Pen Nib"},{"floor":54,"key":"White Beast Statue"},{"floor":54,"key":"Tiny House"}],"event_choices":[{"damage_healed":0,"gold_gain":100,"player_choice":"Pray","damage_taken":0,"max_hp_gain":0,"max_hp_loss":0,"event_name":"Golden Shrine","floor":2,"gold_loss":0},{"damage_healed":0,"gold_gain":0,"player_choice":"Entered Light","damage_taken":14,"max_hp_gain":0,"max_hp_loss":0,"event_name":"Shining Light","floor":5,"gold_loss":0,"cards_upgraded":["Strike_G","Strike_G"]},{"damage_healed":0,"gold_gain":0,"player_choice":"Gave Potion","damage_taken":0,"relics_obtained":["Potion Belt"],"max_hp_gain":0,"max_hp_loss":0,"event_name":"WeMeetAgain","floor":12,"gold_loss":0},{"damage_healed":0,"gold_gain":0,"player_choice":"Read","damage_taken":0,"max_hp_gain":0,"max_hp_loss":0,"event_name":"The Library","floor":19,"gold_loss":0,"cards_obtained":["Footwork"]},{"damage_healed":0,"gold_gain":0,"player_choice":"Became a vampire (Vial)","damage_taken":0,"max_hp_gain":0,"max_hp_loss":0,"event_name":"Vampires","floor":21,"relics_lost":["Blood Vial"],"gold_loss":0,"cards_obtained":["Bite","Bite","Bite","Bite","Bite"]},{"cards_removed":["Defend_G"],"damage_healed":0,"gold_gain":0,"player_choice":"Card Removal","damage_taken":0,"max_hp_gain":0,"max_hp_loss":0,"event_name":"Wheel of Change","floor":22,"gold_loss":0},{"cards_removed":["Bite"],"damage_healed":0,"gold_gain":0,"player_choice":"Removed Attack","damage_taken":0,"max_hp_gain":0,"max_hp_loss":0,"event_name":"Falling","floor":36,"gold_loss":0},{"damage_healed":0,"gold_gain":0,"player_choice":"Ignored","damage_taken":0,"max_hp_gain":0,"max_hp_loss":0,"event_name":"Mysterious Sphere","floor":37,"gold_loss":0},{"damage_healed":0,"gold_gain":0,"player_choice":"Memory 1","damage_taken":0,"max_hp_gain":0,"max_hp_loss":0,"event_name":"SensoryStone","floor":38,"gold_loss":0},{"damage_healed":0,"gold_gain":0,"player_choice":"Max HP","damage_taken":0,"max_hp_gain":0,"max_hp_loss":4,"event_name":"Winding Halls","floor":47,"gold_loss":0}],"is_beta":false,"boss_relics":[{"not_picked":["HoveringKite","Empty Cage"],"picked":"WristBlade"},{"not_picked":["SacredBark","SlaversCollar"],"picked":"Black Star"}],"items_purged_floors":[13,39],"is_endless":false,"potions_floor_spawned":[7,11,16,18,31,35,48],"ascension_level":0}}