{"host":"wghdsg8ym2wc7ov9","time":1607764141,"event":{"mods":["AchievementEnabler","BaseMod","Better Altar","Better Note","Colored Map","Highlight Path","Minty Spire (QoL Compilation)","Random Character Button","Relic Stats","Shop Mod","StSLib"],"gold_per_floor":[159,179,254,270,270,303,303,335,361,361,361,381,381,23,23,121,121,140,140,156,169,189,189,33,33,33,33,59,74,37,56,56,161,161,177,190,190,190],"floor_reached":37,"playtime":5416,"items_purged":[],"score":424,"play_id":"7afdd58f-fbdf-48ec-a95c-6b90daad32c9","local_time":"20201212010901","is_ascension_mode":false,"campfire_choices":[{"floor":7,"key":"REST"},{"data":"Noxious Fumes","floor":10,"key":"SMITH"},{"floor":13,"key":"REST"},{"data":"Apotheosis","floor":15,"key":"SMITH"},{"floor":23,"key":"REST"},{"floor":25,"key":"REST"},{"data":"Infinite Blades","floor":27,"key":"SMITH"},{"floor":32,"key":"REST"}],"circlet_count":0,"master_deck":["Strike_G","Strike_G","Strike_G+1","Strike_G","Strike_G","Defend_G","Defend_G","Defend_G+1","Defend_G+1","Defend_G","Survivor","Neutralize","Underhanded Strike","Outmaneuver","Finisher","Distraction","Noxious Fumes+1","Bouncing Flask","Poisoned Stab","Corpse Explosion","Apotheosis+1","Caltrops","After Image","Blur","Noxious Fumes+1","Endless Agony","Endless Agony","Infinite Blades+1","Deadly Poison","Eviscerate","Deflect","Backflip","Accuracy","Catalyst","Infinite Blades","A Thousand Cuts","Backflip+1","Heel Hook+1"],"relics":["Blood Vial","Vajra","Dream Catcher","Bottled Tornado","MerchantsRug","Juzu Bracelet","Lizard Tail","FossilizedHelix","Membership Card","WristBlade"],"acts_visited":["Exordium","TheCity","TheBeyond"],"potions_floor_usage":[6,8,16,16,37],"damage_taken":[{"damage":0,"enemies":"Small Slimes","floor":1,"turns":3},{"damage":0,"enemies":"Jaw Worm","floor":2,"turns":5},{"damage":0,"enemies":"Cultist","floor":4,"turns":5},{"damage":14,"enemies":"3 Sentries","floor":6,"turns":4},{"damage":10,"enemies":"Lagavulin","floor":8,"turns":9},{"damage":0,"enemies":"Red Slaver","floor":12,"turns":4},{"damage":17,"enemies":"Slime Boss","floor":16,"turns":7},{"damage":16,"enemies":"2 Thieves","floor":18,"turns":4},{"damage":4,"enemies":"Spheric Guardian","floor":20,"turns":4},{"damage":24,"enemies":"Centurion and Healer","floor":21,"turns":3},{"damage":14,"enemies":"Snecko","floor":22,"turns":5},{"damage":40,"enemies":"Slavers","floor":28,"turns":3},{"damage":10,"enemies":"Sentry and Sphere","floor":29,"turns":5},{"damage":5,"enemies":"Chosen and Byrds","floor":31,"turns":5},{"damage":80,"enemies":"Collector","floor":33,"turns":9},{"damage":36,"enemies":"3 Darklings","floor":35,"turns":6},{"damage":32,"enemies":"Orb Walker","floor":36,"turns":5},{"damage":12,"enemies":"3 Darklings","floor":37,"turns":2}],"seed_played":"-8912664607675271959","potions_obtained":[{"floor":0,"key":"Strength Potion"},{"floor":4,"key":"GamblersBrew"},{"floor":6,"key":"Regen Potion"},{"floor":8,"key":"CunningPotion"},{"floor":16,"key":"AttackPotion"},{"floor":33,"key":"GamblersBrew"},{"floor":36,"key":"CultistPotion"}],"is_trial":false,"path_per_floor":["M","M","?","M","?","E","R","E","T","R","T","M","R","$","R","B",null,"M","?","M","M","M","R","$","R","T","R","E","M","$","M","R","B",null,"M","M","M"],"character_chosen":"THE_SILENT","items_purchased":["Apotheosis","MerchantsRug","Caltrops","Juzu Bracelet","Membership Card","Accuracy"],"campfire_rested":5,"item_purchase_floors":[14,14,14,24,30,30],"current_hp_per_floor":[75,75,64,64,49,35,57,63,63,63,63,65,75,75,75,58,75,59,59,57,35,23,45,45,67,67,67,29,21,21,18,40,13,75,39,9,0,0],"gold":190,"neow_bonus":"BOSS_RELIC","is_daily":false,"chose_seed":false,"campfire_upgraded":3,"win_rate":0.0,"timestamp":1607764141,"path_taken":["M","M","?","M","?","E","R","E","T","R","?","M","R","$","R","BOSS","M","?","M","?","M","R","?","R","T","R","E","M","$","M","R","BOSS","M","M","M"],"items_purchased_type":["Card","Relic","Card","Relic","Relic","Card"],"build_version":"2020-11-30","purchased_purges":0,"victory":false,"max_hp_per_floor":[75,75,75,75,75,75,75,75,75,75,75,75,75,75,75,75,75,75,75,75,75,75,75,75,75,75,75,75,75,75,75,75,75,75,75,75,75,75],"relic_stats":{"Blood Vial":22,"Dream Catcher":4,"Lizard Tail":37,"counters":[18,88],"Juzu Bracelet":0,"obtain_stats":[{"MerchantsRug":14,"Tiny House":0,"Vajra":8,"Juzu Bracelet":24,"Bottled Tornado":11,"Blood Vial":6,"Sozu":17,"Dream Catcher":9,"Lizard Tail":26,"WristBlade":34,"Membership Card":30,"FossilizedHelix":28,"Ring of the Snake":0},{"MerchantsRug":6,"Tiny House":0,"Vajra":5,"Juzu Bracelet":11,"Bottled Tornado":5,"Blood Vial":4,"Sozu":7,"Dream Catcher":5,"Lizard Tail":11,"WristBlade":15,"Membership Card":13,"FossilizedHelix":12,"Ring of the Snake":0},{"MerchantsRug":30,"Tiny House":0,"Vajra":26,"Juzu Bracelet":53,"Bottled Tornado":26,"Blood Vial":17,"Sozu":37,"Dream Catcher":26,"Lizard Tail":53,"WristBlade":75,"Membership Card":61,"FossilizedHelix":56,"Ring of the Snake":0}]},"card_choices":[{"not_picked":["Bane","Heel Hook"],"picked":"Underhanded Strike","floor":0},{"not_picked":["Dagger Spray","Acrobatics"],"picked":"Outmaneuver","floor":1},{"not_picked":["Backflip","Unload"],"picked":"Finisher","floor":2},{"not_picked":["Dagger Spray","Riddle With Holes"],"picked":"Distraction","floor":4},{"not_picked":["Blur","Deadly Poison"],"picked":"Noxious Fumes","floor":6},{"not_picked":["Slice","Heel Hook"],"picked":"Bouncing Flask","floor":8},{"not_picked":["Escape Plan","Quick Slash"],"picked":"Poisoned Stab","floor":12},{"not_picked":["Accuracy","Skewer"],"picked":"Corpse Explosion","floor":13},{"not_picked":["Burst","Bullet Time"],"picked":"After Image","floor":16},{"not_picked":["Deadly Poison","Underhanded Strike"],"picked":"Blur","floor":18},{"not_picked":["Prepared","All Out Attack"],"picked":"Endless Agony","floor":20},{"not_picked":["Reflex","Backstab"],"picked":"Endless Agony","floor":21},{"not_picked":["Outmaneuver","Dagger Spray"],"picked":"Infinite Blades","floor":22},{"not_picked":["Dodge and Roll","Expertise+1"],"picked":"Deadly Poison","floor":23},{"not_picked":["Finisher","Deadly Poison"],"picked":"Eviscerate","floor":25},{"not_picked":["Skewer","Acrobatics"],"picked":"Deflect","floor":28},{"not_picked":["Sucker Punch+1","Prepared"],"picked":"Backflip","floor":29},{"not_picked":["Prepared","Cloak And Dagger"],"picked":"Catalyst","floor":31},{"not_picked":["Tools of the Trade","PiercingWail"],"picked":"Infinite Blades","floor":32},{"not_picked":["Tools of the Trade","Doppelganger"],"picked":"A Thousand Cuts","floor":33},{"not_picked":["Poisoned Stab","Slice"],"picked":"Backflip+1","floor":35},{"not_picked":["Finisher+1","Eviscerate"],"picked":"Heel Hook+1","floor":36}],"player_experience":331977,"relics_obtained":[{"floor":6,"key":"Blood Vial"},{"floor":8,"key":"Vajra"},{"floor":9,"key":"Dream Catcher"},{"floor":11,"key":"Bottled Tornado"},{"floor":26,"key":"Lizard Tail"},{"floor":28,"key":"FossilizedHelix"}],"event_choices":[{"damage_healed":0,"gold_gain":75,"player_choice":"Gather Gold","damage_taken":11,"max_hp_gain":0,"max_hp_loss":0,"event_name":"World of Goop","floor":3,"gold_loss":0},{"damage_healed":0,"gold_gain":0,"player_choice":"Entered Light","damage_taken":15,"max_hp_gain":0,"max_hp_loss":0,"event_name":"Shining Light","floor":5,"gold_loss":0,"cards_upgraded":["Defend_G","Strike_G"]},{"cards_removed":["Apotheosis"],"damage_healed":0,"gold_gain":0,"player_choice":"Take \u0026 Give","damage_taken":0,"max_hp_gain":0,"max_hp_loss":0,"event_name":"betterNote:BetterNote","floor":19,"gold_loss":0,"cards_obtained":["Noxious Fumes"]}],"is_beta":false,"boss_relics":[{"not_picked":["Snecko Eye","Ectoplasm"],"picked":"Sozu"},{"not_picked":["Runic Dome","SacredBark"],"picked":"WristBlade"}],"items_purged_floors":[],"is_endless":false,"potions_floor_spawned":[4,6,8,16,20,21,22,29,33,36],"killed_by":"3 Darklings","ascension_level":0}}