{"host":"y89x8uui45kcjy42","time":1607746599,"event":{"mods":["2.2 Compatiblity","BaseMod","Colored Map","Colored Powertips","Friendly Minions","Highlight Path","Keyboard Shortcuts","Minty Spire (QoL Compilation)","StSLib","SuperFastMode","The Bug Knight","Waifu the Spire"],"gold_per_floor":[115,190,115,115,188,188,161,186,186,186,218,230,261,278,278,379,379,391,502,302,965,983,983,983,983,983,1010,1010,1010,1110,1110,1110,1209,1209,1220,1220,1220,1320,1230,1262,1295,1320,1345,1354,1084,1128,706,706,706,706,706,706,368,395,395],"floor_reached":56,"playtime":1207,"items_purged":["HollowMod:NailStrikeStart","HollowMod:QuickDashStart","HollowMod:NailStrikeStart","HollowMod:NailStrikeStart","HollowMod:theNailsmith","HollowMod:QuickDashStart+1","HollowMod:PogoStrike+1"],"score":1936,"play_id":"0dec93f4-33ce-4189-9e38-0a5308c72b2e","local_time":"20201212131639","is_ascension_mode":true,"campfire_choices":[{"data":"HollowMod:VengefulVoid","floor":6,"key":"SMITH"},{"data":"HollowMod:HuntersJournal","floor":10,"key":"SMITH"},{"floor":15,"key":"RECALL"},{"data":"HollowMod:WraithStrike","floor":23,"key":"SMITH"},{"data":"HollowMod:BlackTendrils","floor":24,"key":"SMITH"},{"data":"HollowMod:SharpenedShadows","floor":25,"key":"SMITH"},{"data":"HollowMod:SiblingsShadow","floor":29,"key":"SMITH"},{"data":"HollowMod:QuickDashStart","floor":32,"key":"SMITH"},{"data":"HollowMod:BlackTendrils","floor":49,"key":"SMITH"},{"data":"HollowMod:CloakDash","floor":52,"key":"SMITH"}],"circlet_count":0,"master_deck":["HollowMod:VengefulVoid+1","HollowMod:HuntersJournal+1","HollowMod:SharpenedShadows+1","HollowMod:WraithStrike+1","HollowMod:ShadowDash+1","HollowMod:HuntersJournal+1","HollowMod:BlackTendrils+1","HollowMod:SoulMaster","HollowMod:BlackTendrils+1","HollowMod:CloakDash+1","HollowMod:SharpenedShadows","HollowMod:VengefulVoid","HollowMod:DescendingDark","HollowMod:SharpenedShadows"],"relics":["HollowMod:VoidIdolRelic","NeowsBlessing","Coffee Dripper","Vajra","Oddly Smooth Stone","Mummified Hand","Membership Card","Kunai","HollowMod:IsmasTear","Blood Vial","Orichalcum","The Courier","Ice Cream","Omamori","Coffee Dripper","Matryoshka","Boot","HollowMod:PaleOreRelic","Calipers","Oddly Smooth Stone","Sundial","TungstenRod","HollowMod:DelicateFlower","Ancient Tea Set","War Paint","Bronze Scales","DollysMirror","Nunchaku","Juzu Bracelet","HollowMod:MantisClawRelic","Darkstone Periapt","Whetstone","FossilizedHelix","White Beast Statue","HollowMod:LumaflyLanternRelic","Eternal Feather","WingedGreaves","Bag of Preparation","CeramicFish","Vajra","TheAbacus","Prayer Wheel","Pantograph","Lee\u0027s Waffle","Strawberry","Potion Belt","Lantern","Toy Ornithopter","Bag of Marbles","Happy Flower","Anchor"],"acts_visited":["Exordium","TheCity","TheBeyond","TheEnding"],"potions_floor_usage":[13,13,16,27,27,41,55,55,55,55,55],"damage_taken":[{"damage":0,"enemies":"Jaw Worm","floor":1,"turns":1},{"damage":0,"enemies":"Gremlin Nob","floor":8,"turns":1},{"damage":0,"enemies":"Lagavulin","floor":11,"turns":1},{"damage":8,"enemies":"Small Slimes","floor":12,"turns":2},{"damage":13,"enemies":"Gremlin Nob","floor":13,"turns":3},{"damage":0,"enemies":"2 Louse","floor":14,"turns":1},{"damage":55,"enemies":"HollowMod:FalseKnight","floor":16,"turns":7},{"damage":15,"enemies":"HollowMod:HuskSentry","floor":18,"turns":5},{"damage":0,"enemies":"Chosen","floor":22,"turns":2},{"damage":16,"enemies":"Slavers","floor":27,"turns":3},{"damage":0,"enemies":"Colosseum Slavers","floor":30,"turns":2},{"damage":0,"enemies":"Colosseum Nobs","floor":30,"turns":2},{"damage":0,"enemies":"Champ","floor":33,"turns":6},{"damage":0,"enemies":"Orb Walker","floor":35,"turns":2},{"damage":0,"enemies":"Nemesis","floor":40,"turns":3},{"damage":0,"enemies":"HollowMod:StalkingDevout","floor":41,"turns":3},{"damage":0,"enemies":"Nemesis","floor":42,"turns":3},{"damage":0,"enemies":"HollowMod:StalkingDevout","floor":46,"turns":2},{"damage":29,"enemies":"Time Eater","floor":50,"turns":5},{"damage":12,"enemies":"Shield and Spear","floor":54,"turns":2},{"damage":15,"enemies":"The Heart","floor":55,"turns":4}],"seed_played":"8099848025174612187","potions_obtained":[{"floor":14,"key":"ColorlessPotion"},{"floor":16,"key":"Fire Potion"},{"floor":27,"key":"Swift Potion"},{"floor":30,"key":"Fire Potion"},{"floor":41,"key":"SpeedPotion"}],"is_trial":false,"path_per_floor":["M","?","$","?","T","R","$","E","T","R","E","M","E","M","R","B",null,"M","$","$","$","M","R","R","R","T","E","?","R","?","?","R","B",null,"M","?","?","?","?","E","E","E","T","?","$","E","$","?","R","B",null,"R","$","E","B",null],"character_chosen":"THE_BUGKNIGHT","items_purchased":["HollowMod:IsmasTear","Blood Vial","HollowMod:HuntersJournal","Energy Potion","Fire Potion","EssenceOfSteel","Matryoshka","Boot","HollowMod:WraithStrike","HollowMod:ShadowDash","HollowMod:PaleOreRelic","Calipers","Oddly Smooth Stone","Sundial","TungstenRod","HollowMod:DelicateFlower","Ancient Tea Set","PowerPotion","War Paint","Bronze Scales","DollysMirror","HollowMod:BlackTendrils","HollowMod:SiblingsShadow","Nunchaku","Juzu Bracelet","HollowMod:MantisClawRelic","TheAbacus","Prayer Wheel","Lee\u0027s Waffle","Strawberry","Potion Belt","Lantern","Toy Ornithopter","Energy Potion","Bag of Marbles","Happy Flower","HollowMod:SharpenedShadows","HollowMod:VengefulVoid","HollowMod:DescendingDark","HollowMod:SharpenedShadows","Strength Potion","Ancient Potion"],"campfire_rested":0,"item_purchase_floors":[7,7,7,7,7,7,19,19,19,19,19,19,19,19,19,19,19,19,20,20,21,21,21,21,21,21,45,45,47,47,47,47,47,47,53,53,53,53,53,53,53,53],"current_hp_per_floor":[68,57,57,57,57,57,57,59,59,59,61,55,44,46,46,5,58,55,55,55,55,63,63,63,63,63,59,59,59,75,75,75,75,75,75,75,75,75,75,75,75,75,75,75,75,75,89,89,89,89,89,89,89,77,74],"gold":395,"neow_bonus":"THREE_ENEMY_KILL","is_daily":false,"chose_seed":false,"campfire_upgraded":9,"win_rate":0.0,"timestamp":1607746599,"path_taken":["M","?","$","?","?","R","$","E","T","R","E","?","E","M","R","BOSS","M","$","$","$","M","R","R","R","T","E","?","R","?","?","R","BOSS","M","?","?","?","?","E","E","E","T","?","$","E","?","?","R","BOSS","R","$","E","BOSS"],"items_purchased_type":["Relic","Relic","Card","Potion","Potion","Potion","Relic","Relic","Card","Card","Relic","Relic","Relic","Relic","Relic","Relic","Relic","Potion","Relic","Relic","Relic","Card","Card","Relic","Relic","Relic","Relic","Relic","Relic","Relic","Relic","Relic","Relic","Potion","Relic","Relic","Card","Card","Card","Card","Potion","Potion"],"build_version":"2020-11-30","purchased_purges":7,"victory":true,"max_hp_per_floor":[75,75,75,75,75,75,75,75,75,75,75,75,75,75,75,75,75,75,75,75,75,75,75,75,75,75,75,75,75,75,75,75,75,75,75,75,75,75,75,75,75,75,75,75,75,75,89,89,89,89,89,89,89,89,89],"card_choices":[{"not_picked":["HollowMod:LuriensSpire","HollowMod:SoulSplash"],"picked":"HollowMod:VengefulVoid","floor":1},{"not_picked":["HollowMod:DoubleDash","HollowMod:MothsMistake"],"picked":"HollowMod:SharpenedShadows","floor":8},{"not_picked":["HollowMod:DoubleDash","HollowMod:ShapeofUnn","HollowMod:RecoilStrike"],"picked":"SKIP","floor":11},{"not_picked":["HollowMod:MonarchWings","HollowMod:TaintedHusks","HollowMod:InfectedCysts"],"picked":"SKIP","floor":12},{"not_picked":["HollowMod:SoulShaman","HollowMod:PureNailStrike","HollowMod:HowlingWraiths"],"picked":"SKIP","floor":13},{"not_picked":["HollowMod:SiblingsSouls","HollowMod:HowlingWraiths","HollowMod:SoulSplash"],"picked":"SKIP","floor":14},{"not_picked":["HollowMod:InfectedCysts","HollowMod:HowlingWraiths","HollowMod:ChannelNail+1"],"picked":"SKIP","floor":18},{"not_picked":["HollowMod:MawleksShell","HollowMod:PureNailStrike+1","HollowMod:ShapeofUnn"],"picked":"SKIP","floor":22},{"not_picked":["HollowMod:InfectedCysts","HollowMod:BrokenVessel"],"picked":"HollowMod:HuntersJournal+1","floor":27},{"not_picked":["HollowMod:SoulStrike+1","HollowMod:SoulShaman","HollowMod:ShadowDash"],"picked":"SKIP","floor":35},{"not_picked":["HollowMod:CycloneSlash+1","HollowMod:DoubleDash+1"],"picked":"HollowMod:SoulMaster","floor":40},{"not_picked":["HollowMod:SoulStrike+1","HollowMod:DashSlash+1","HollowMod:TaintedHusks"],"picked":"SKIP","floor":41},{"not_picked":["HollowMod:InfectedAttack+1","HollowMod:CoiledNail"],"picked":"HollowMod:BlackTendrils","floor":42},{"not_picked":["HollowMod:HeavyBlow+1","HollowMod:CycloneSlash+1"],"picked":"HollowMod:CloakDash","floor":46},{"not_picked":["HollowMod:TaintedHusks","HollowMod:CoiledNail","HollowMod:SoulEater"],"picked":"SKIP","floor":54}],"player_experience":502821,"relics_obtained":[{"floor":5,"key":"Kunai"},{"floor":8,"key":"Orichalcum"},{"floor":9,"key":"The Courier"},{"floor":11,"key":"Ice Cream"},{"floor":13,"key":"Omamori"},{"floor":26,"key":"Darkstone Periapt"},{"floor":27,"key":"Whetstone"},{"floor":30,"key":"FossilizedHelix"},{"floor":30,"key":"White Beast Statue"},{"floor":40,"key":"HollowMod:LumaflyLanternRelic"},{"floor":41,"key":"Eternal Feather"},{"floor":42,"key":"Bag of Preparation"},{"floor":43,"key":"CeramicFish"},{"floor":43,"key":"Vajra"},{"floor":46,"key":"Pantograph"},{"floor":54,"key":"Anchor"}],"event_choices":[{"damage_healed":0,"gold_gain":75,"player_choice":"Gather Gold","damage_taken":11,"max_hp_gain":0,"max_hp_loss":0,"event_name":"World of Goop","floor":2,"gold_loss":0},{"damage_healed":0,"gold_gain":0,"player_choice":"Ignored","damage_taken":0,"max_hp_gain":0,"max_hp_loss":0,"event_name":"Ghosts","floor":28,"gold_loss":0},{"damage_healed":0,"gold_gain":0,"player_choice":"Fight","damage_taken":0,"max_hp_gain":0,"max_hp_loss":0,"event_name":"Colosseum","floor":30,"gold_loss":0},{"damage_healed":0,"gold_gain":0,"player_choice":"Fought Nobs","damage_taken":0,"max_hp_gain":0,"max_hp_loss":0,"event_name":"Colosseum","floor":30,"gold_loss":0},{"cards_removed":["HollowMod:FocusHealStart"],"damage_healed":0,"gold_gain":0,"player_choice":"Offered Basic","damage_taken":0,"max_hp_gain":0,"max_hp_loss":0,"event_name":"Bonfire Elementals","floor":31,"gold_loss":0},{"damage_healed":0,"gold_gain":0,"player_choice":"Memory 1","damage_taken":0,"max_hp_gain":0,"max_hp_loss":0,"event_name":"SensoryStone","floor":36,"gold_loss":0},{"cards_removed":["HollowMod:SiblingsShadow"],"damage_healed":0,"gold_gain":0,"player_choice":"Purged","damage_taken":0,"max_hp_gain":0,"max_hp_loss":0,"event_name":"Purifier","floor":37,"gold_loss":0},{"damage_healed":0,"gold_gain":100,"player_choice":"Pray","damage_taken":0,"max_hp_gain":0,"max_hp_loss":0,"event_name":"Golden Shrine","floor":38,"gold_loss":0},{"cards_removed":["HollowMod:QuickDashStart"],"damage_healed":0,"gold_gain":0,"player_choice":"Removal","damage_taken":0,"max_hp_gain":0,"max_hp_loss":0,"event_name":"Designer","floor":39,"gold_loss":90},{"damage_healed":0,"gold_gain":0,"cards_transformed":["HollowMod:NailStrikeStart"],"player_choice":"Transformed","damage_taken":0,"max_hp_gain":0,"max_hp_loss":0,"event_name":"Transmorgrifier","floor":44,"gold_loss":0,"cards_obtained":["HollowMod:theNailsmith"]},{"cards_removed":["HollowMod:HuntersJournal"],"damage_healed":0,"gold_gain":0,"player_choice":"Removed Skill","damage_taken":0,"max_hp_gain":0,"max_hp_loss":0,"event_name":"Falling","floor":48,"gold_loss":0}],"is_beta":false,"boss_relics":[{"not_picked":["Philosopher\u0027s Stone","Fusion Hammer"],"picked":"Coffee Dripper"},{"not_picked":["Empty Cage","Astrolabe"],"picked":"HollowMod:VoidIdolRelic"}],"items_purged_floors":[3,7,19,20,45,47,53],"is_endless":false,"potions_floor_spawned":[11,14,16,22,27,30,33,35,40,41,42,46,54],"ascension_level":6}}