{"host":"78hrz0ylpj9lzvi8","time":1607746317,"event":{"mods":["BaseMod","Bestiary","Minty Spire (QoL Compilation)","Quick Restart","Random Character Button","Relic Stats","StSLib"],"gold_per_floor":[219,231,3,3,22,49,49,49,49,60,60,86,150,160,160,232,232,251,301,313,238,153,153,188,208,232,232,55,55,86,36,36,115,115,134,134,8,19,44,44,62,93,118,118,118,138,168,184,184,184,184,184],"floor_reached":51,"playtime":2954,"items_purged":["Strike_G","Strike_G","Strike_G","Strike_G"],"score":1452,"play_id":"53944d76-6da2-4fb8-ba77-7e9275bcb0c5","local_time":"20201212011157","is_ascension_mode":true,"campfire_choices":[{"data":"All Out Attack","floor":8.0,"key":"SMITH"},{"data":"Footwork","floor":11.0,"key":"SMITH"},{"floor":15.0,"key":"REST"},{"data":"Night Terror","floor":23.0,"key":"SMITH"},{"data":"Caltrops","floor":27.0,"key":"SMITH"},{"data":"Night Terror","floor":32.0,"key":"SMITH"},{"data":"Footwork","floor":40.0,"key":"SMITH"},{"data":"PiercingWail","floor":45,"key":"SMITH"},{"floor":49,"key":"RECALL"}],"circlet_count":0,"master_deck":["AscendersBane","Defend_G","Defend_G","Defend_G","Defend_G","Survivor","Neutralize","Poisoned Stab+1","All Out Attack+1","Footwork+1","Masterful Stab","Blade Dance","Caltrops+1","Die Die Die+1","PiercingWail+1","Night Terror+1","Malaise","Noxious Fumes","Night Terror+1","Noxious Fumes","Blur","Footwork+1","Backflip","Wraith Form v2+1","Noxious Fumes","Expertise+1","Injury","Finesse","Dark Shackles","Escape Plan"],"relics":["Ring of the Snake","Eternal Feather","Matryoshka","Question Card","Lantern","Sozu","Mummified Hand","Smiling Mask","Ancient Tea Set","Bag of Marbles","Meat on the Bone","Cursed Key","Du-Vu Doll","Singing Bowl","Whetstone","Oddly Smooth Stone"],"acts_visited":["Exordium","TheCity","TheBeyond"],"potions_floor_usage":[],"damage_taken":[{"damage":1.0,"enemies":"Cultist","floor":1.0,"turns":4.0},{"damage":1.0,"enemies":"2 Louse","floor":2.0,"turns":3.0},{"damage":4.0,"enemies":"Small Slimes","floor":5.0,"turns":2.0},{"damage":27.0,"enemies":"Gremlin Nob","floor":6.0,"turns":4.0},{"damage":3.0,"enemies":"3 Louse","floor":10.0,"turns":3.0},{"damage":27.0,"enemies":"Lagavulin","floor":12.0,"turns":7.0},{"damage":8.0,"enemies":"Gremlin Nob","floor":13.0,"turns":3.0},{"damage":0.0,"enemies":"Lots of Slimes","floor":14.0,"turns":1.0},{"damage":36.0,"enemies":"The Guardian","floor":16.0,"turns":16.0},{"damage":9.0,"enemies":"3 Byrds","floor":18.0,"turns":3.0},{"damage":2.0,"enemies":"Shell Parasite","floor":20.0,"turns":7.0},{"damage":19.0,"enemies":"Book of Stabbing","floor":24.0,"turns":5.0},{"damage":9.0,"enemies":"Centurion and Healer","floor":25.0,"turns":5.0},{"damage":9.0,"enemies":"Gremlin Leader","floor":30.0,"turns":6.0},{"damage":21.0,"enemies":"Collector","floor":33.0,"turns":11.0},{"damage":1.0,"enemies":"Orb Walker","floor":35.0,"turns":5.0},{"damage":28.0,"enemies":"3 Darklings","floor":38.0,"turns":4.0},{"damage":18.0,"enemies":"Mind Bloom Boss Battle","floor":39.0,"turns":7.0},{"damage":0.0,"enemies":"Jaw Worm Horde","floor":41.0,"turns":3.0},{"damage":0.0,"enemies":"Nemesis","floor":42.0,"turns":11.0},{"damage":1,"enemies":"Spire Growth","floor":46,"turns":5},{"damage":7,"enemies":"Reptomancer","floor":47,"turns":7},{"damage":3,"enemies":"Writhing Mass","floor":48,"turns":5},{"damage":40,"enemies":"Donu and Deca","floor":50,"turns":8},{"damage":44,"enemies":"Time Eater","floor":51,"turns":7}],"seed_played":"-6353988777626233658","potions_obtained":[{"floor":2.0,"key":"DuplicationPotion"},{"floor":10.0,"key":"Explosive Potion"},{"floor":14.0,"key":"Energy Potion"},{"floor":16.0,"key":"SteroidPotion"}],"is_trial":false,"path_per_floor":["M","M","$","?","M","E","?","R","T","M","R","E","?","M","R","B",null,"M","?","M","?","?","R","E","M","T","R","$","?","E","$","R","B",null,"M","?","$","M","?","R","M","E","T","?","R","M","E","M","R","B","B"],"character_chosen":"THE_SILENT","items_purchased":["Footwork","Masterful Stab","Footwork","Backflip","Noxious Fumes"],"campfire_rested":1,"item_purchase_floors":[3,3,28,28,37],"current_hp_per_floor":[58,57,57,57,53,26,31,40,40,37,46,19,11,11,44,8,55,46,46,44,44,44,56,37,28,28,40,40,40,31,31,43,34,62,61,61,61,45,39,54,54,54,54,46,61,62,55,54,72,44,0,0],"gold":184,"neow_bonus":"HUNDRED_GOLD","is_daily":false,"chose_seed":false,"campfire_upgraded":7,"win_rate":0.0,"timestamp":1607746317,"path_taken":["M","M","$","?","M","E","?","R","T","M","R","E","?","M","R","BOSS","M","?","?","?","?","R","E","?","T","R","$","?","E","$","R","BOSS","M","?","?","M","?","R","M","E","T","?","R","M","E","?","R","BOSS","BOSS"],"items_purchased_type":["Card","Card","Card","Card","Card"],"build_version":"2020-11-30","purchased_purges":4,"victory":false,"max_hp_per_floor":[66,66,66,66,66,66,71,71,71,71,71,71,71,71,71,71,71,71,71,71,71,71,71,71,71,71,71,71,71,71,71,71,71,71,71,71,71,71,71,71,71,71,71,73,73,75,75,77,77,77,77,77],"relic_stats":{"Sozu":5,"Singing Bowl":6,"counters":[25,142],"Mummified Hand":[163],"Eternal Feather":114,"Whetstone":["Die Die Die","Poisoned Stab"],"Question Card":20,"Smiling Mask":225,"Cursed Key":1,"obtain_stats":[{"Lantern":13,"Singing Bowl":42,"Oddly Smooth Stone":47,"Eternal Feather":6,"Whetstone":43,"Question Card":12,"Smiling Mask":24,"Ancient Tea Set":26,"Cursed Key":34,"Sozu":17,"Du-Vu Doll":39,"Matryoshka":9,"Mummified Hand":22,"Bag of Marbles":26,"Ring of the Snake":0,"Meat on the Bone":30},{"Lantern":7,"Singing Bowl":20,"Oddly Smooth Stone":22,"Eternal Feather":4,"Whetstone":20,"Question Card":6,"Smiling Mask":12,"Ancient Tea Set":13,"Cursed Key":15,"Sozu":9,"Du-Vu Doll":18,"Matryoshka":4,"Mummified Hand":11,"Bag of Marbles":13,"Ring of the Snake":0,"Meat on the Bone":14},{"Lantern":26,"Singing Bowl":110,"Oddly Smooth Stone":122,"Eternal Feather":13,"Whetstone":110,"Question Card":23,"Smiling Mask":58,"Ancient Tea Set":63,"Cursed Key":80,"Sozu":43,"Du-Vu Doll":96,"Matryoshka":13,"Mummified Hand":53,"Bag of Marbles":63,"Ring of the Snake":0,"Meat on the Bone":69}],"Ring of the Snake":[50],"Meat on the Bone":48},"card_choices":[{"not_picked":["Flying Knee","Dagger Spray"],"picked":"Poisoned Stab","floor":1.0},{"not_picked":["Deadly Poison","Dagger Throw"],"picked":"All Out Attack","floor":2.0},{"not_picked":["Backflip","Slice"],"picked":"Blade Dance","floor":5.0},{"not_picked":["Predator","Deflect"],"picked":"Caltrops","floor":6.0},{"not_picked":["Masterful Stab","Skewer","Blade Dance"],"picked":"SKIP","floor":10.0},{"not_picked":["Bane","Backflip"],"picked":"Die Die Die","floor":12.0},{"not_picked":["Concentrate","Prepared","Caltrops"],"picked":"PiercingWail","floor":13.0},{"not_picked":["Sucker Punch","Deflect","Dash"],"picked":"Night Terror","floor":14.0},{"not_picked":["After Image","Storm of Steel","Phantasmal Killer"],"picked":"Malaise","floor":16.0},{"not_picked":["Dagger Spray","Backstab","Blade Dance"],"picked":"Noxious Fumes","floor":18.0},{"not_picked":["Outmaneuver","Deflect","Tactician"],"picked":"Night Terror","floor":20.0},{"not_picked":["Infinite Blades","Tactician","Leg Sweep"],"picked":"Noxious Fumes","floor":24.0},{"not_picked":["Dodge and Roll","Riddle With Holes","Outmaneuver"],"picked":"Blur","floor":25.0},{"not_picked":["Eviscerate+1","Infinite Blades","Bane","Blade Dance+1"],"picked":"SKIP","floor":30.0},{"not_picked":["Die Die Die","Night Terror","Tools of the Trade"],"picked":"Wraith Form v2","floor":33.0},{"not_picked":["Sucker Punch","Cloak And Dagger+1","Catalyst","Blade Dance"],"picked":"SKIP","floor":35.0},{"not_picked":["Deflect","Dagger Throw","Bane","Heel Hook"],"picked":"SKIP","floor":38.0},{"not_picked":["Underhanded Strike+1","Quick Slash+1","Flying Knee","Masterful Stab"],"picked":"SKIP","floor":41.0},{"not_picked":["Prepared+1","Predator","Footwork"],"picked":"Expertise+1","floor":42.0},{"not_picked":["PanicButton","Bandage Up","Forethought","Thinking Ahead"],"picked":"Singing Bowl","floor":44},{"not_picked":["Panacea","Chrysalis","Deep Breath"],"picked":"Finesse","floor":44},{"not_picked":["Panacea","Swift Strike","Dramatic Entrance"],"picked":"Dark Shackles","floor":44},{"not_picked":["Deflect","Backflip","Flying Knee+1","Slice"],"picked":"Singing Bowl","floor":46},{"not_picked":["Flying Knee+1","Deadly Poison","Noxious Fumes"],"picked":"Escape Plan","floor":47},{"not_picked":["Prepared+1","Backflip","Flying Knee","Dagger Throw"],"picked":"Singing Bowl","floor":48}],"player_experience":924608,"relics_obtained":[{"floor":6.0,"key":"Eternal Feather"},{"floor":9.0,"key":"Matryoshka"},{"floor":12.0,"key":"Question Card"},{"floor":13.0,"key":"Lantern"},{"floor":24.0,"key":"Smiling Mask"},{"floor":26.0,"key":"Ancient Tea Set"},{"floor":26.0,"key":"Bag of Marbles"},{"floor":30.0,"key":"Meat on the Bone"},{"floor":39.0,"key":"Du-Vu Doll"},{"floor":42.0,"key":"Singing Bowl"},{"floor":43.0,"key":"Whetstone"},{"floor":47,"key":"Oddly Smooth Stone"}],"event_choices":[{"cards_removed":["Defend_G"],"damage_healed":0.0,"max_hp_gain":0.0,"max_hp_loss":0.0,"gold_gain":0.0,"event_name":"Living Wall","player_choice":"Forget","floor":4.0,"gold_loss":0.0,"damage_taken":0.0},{"damage_healed":0.0,"max_hp_gain":5.0,"max_hp_loss":0.0,"gold_gain":0.0,"event_name":"Big Fish","player_choice":"Donut","floor":7.0,"gold_loss":0.0,"damage_taken":0.0},{"damage_healed":0.0,"max_hp_gain":0.0,"max_hp_loss":0.0,"gold_gain":30.0,"event_name":"Dead Adventurer","player_choice":"Searched \u00272\u0027 times","floor":13.0,"gold_loss":0.0,"damage_taken":0.0},{"damage_healed":0.0,"max_hp_gain":0.0,"max_hp_loss":0.0,"gold_gain":50.0,"event_name":"Golden Shrine","player_choice":"Pray","floor":19.0,"gold_loss":0.0,"damage_taken":0.0},{"cards_removed":["Strike_G"],"damage_healed":0.0,"max_hp_gain":0.0,"max_hp_loss":0.0,"gold_gain":0.0,"event_name":"Beggar","player_choice":"Gave Gold","floor":21.0,"gold_loss":75.0,"damage_taken":0.0},{"damage_healed":0.0,"max_hp_gain":0.0,"max_hp_loss":0.0,"gold_gain":0.0,"event_name":"Addict","player_choice":"Obtained Relic","floor":22.0,"gold_loss":85.0,"damage_taken":0.0,"relics_obtained":["Mummified Hand"]},{"damage_healed":0.0,"max_hp_gain":0.0,"max_hp_loss":0.0,"gold_gain":0.0,"event_name":"Cursed Tome","player_choice":"Ignored","floor":29.0,"gold_loss":0.0,"damage_taken":0.0},{"damage_healed":0.0,"max_hp_gain":0.0,"max_hp_loss":0.0,"gold_gain":0.0,"event_name":"Upgrade Shrine","player_choice":"Upgraded","floor":36.0,"gold_loss":0.0,"damage_taken":0.0,"cards_upgraded":["Wraith Form v2"]},{"damage_healed":0.0,"max_hp_gain":0.0,"max_hp_loss":0.0,"gold_gain":0.0,"event_name":"MindBloom","player_choice":"Fight","floor":39.0,"gold_loss":0.0,"damage_taken":0.0},{"damage_healed":0,"gold_gain":0,"player_choice":"Memory 3","damage_taken":10,"max_hp_gain":0,"max_hp_loss":0,"event_name":"SensoryStone","floor":44,"gold_loss":0}],"is_beta":false,"boss_relics":[{"not_picked":["SlaversCollar","Empty Cage"],"picked":"Sozu"},{"not_picked":["HoveringKite","Ring of the Serpent"],"picked":"Cursed Key"}],"items_purged_floors":[3,28,31,37],"is_endless":false,"potions_floor_spawned":[2,10,14,16,25,30,35,42,48],"killed_by":"Time Eater","ascension_level":20}}