{"host":"9ubnrp80z7gv8v8p","time":1607768811,"event":{"mods":["AchievementEnabler","BaseMod","Better Altar","Better Match","Better Note","Better Sensory Stone","Better Skull","Better Third Choice","Better Vampires","BetterRewards","Block Reminder","Colored Map","DeckTracker","Displayed Cursed Tome","Highlight Path","Minty Spire (QoL Compilation)","Quick Restart","Rare Cards Sparkle","Relic Stats","Spire Birthday Party","StSLib","everything is the same but u backflip on backflip","slay the spire mod where everything is the same but ironclad has a cowboy hat"],"gold_per_floor":[112,132,132,142,159,191,191,191,191,210,0,0,10,0,0,104,104,121,132,132,132,47,72,72,97,97,17,17,17,17],"floor_reached":29,"playtime":15931,"items_purged":[],"score":300,"play_id":"c872b5a9-56c1-4c9e-95ba-060dc7ab2a0b","local_time":"20201212042651","is_ascension_mode":true,"campfire_choices":[{"data":"Static Discharge","floor":8,"key":"SMITH"},{"data":"Static Discharge","floor":12,"key":"SMITH"},{"floor":15,"key":"REST"},{"floor":24,"key":"REST"}],"circlet_count":0,"master_deck":["Zap","Dualcast","Static Discharge+1","Redo","Auto Shields","Static Discharge+1","Leap","Parasite","BootSequence","Enlightenment","Sunder","Thunder Strike","Echo Form","Ball Lightning","Chaos","BootSequence","Undo","Sunder","Loop","Sunder","Leap+1","Redo+1","Self Repair+1","Enlightenment","Forethought"],"relics":["Cracked Core","NeowsBlessing","Blue Candle","Ornamental Fan","betterThird:SlimedRelic","Pandora\u0027s Box","Gremlin Horn","Frozen Egg 2","Tiny Chest","Girya"],"acts_visited":["Exordium","TheCity"],"potions_floor_usage":[25,25,29],"damage_taken":[{"damage":0,"enemies":"Jaw Worm","floor":1,"turns":1},{"damage":0,"enemies":"2 Louse","floor":2,"turns":1},{"damage":0,"enemies":"Small Slimes","floor":4,"turns":1},{"damage":6,"enemies":"3 Louse","floor":5,"turns":4},{"damage":24,"enemies":"3 Sentries","floor":6,"turns":6},{"damage":14,"enemies":"Looter","floor":10,"turns":3},{"damage":8,"enemies":"Blue Slaver","floor":13,"turns":3},{"damage":57,"enemies":"Slime Boss","floor":16,"turns":7},{"damage":6,"enemies":"Shell Parasite","floor":18,"turns":3},{"damage":24,"enemies":"Chosen","floor":19,"turns":4},{"damage":9,"enemies":"Gremlin Leader","floor":23,"turns":5},{"damage":39,"enemies":"Slavers","floor":25,"turns":5},{"damage":35,"enemies":"Centurion and Healer","floor":29,"turns":5}],"seed_played":"1488675182760515486","potions_obtained":[{"floor":1,"key":"Explosive Potion"},{"floor":6,"key":"LiquidBronze"},{"floor":16,"key":"SteroidPotion"}],"is_trial":false,"path_per_floor":["M","M","?","M","M","E","?","R","T","M","?","R","M","?","R","B",null,"M","M","?","?","?","E","R","E","T","$","?","M"],"character_chosen":"DEFECT","items_purchased":["Self Repair+1"],"campfire_rested":2,"item_purchase_floors":[27],"current_hp_per_floor":[75,75,80,80,74,50,70,70,70,56,62,62,54,43,68,11,86,80,56,56,56,56,47,72,33,33,33,33,0,0],"gold":17,"neow_bonus":"THREE_ENEMY_KILL","is_daily":false,"chose_seed":false,"campfire_upgraded":2,"win_rate":0.0,"timestamp":1607768811,"path_taken":["M","M","?","M","M","E","?","R","T","M","?","R","M","?","R","BOSS","M","M","?","?","?","E","R","E","T","?","?","M"],"items_purchased_type":["Card"],"build_version":"2020-11-30","purchased_purges":0,"victory":false,"max_hp_per_floor":[75,75,80,80,80,80,80,80,80,80,86,86,86,86,86,86,86,86,86,86,86,86,86,86,86,86,86,86,86,86],"relic_stats":{"Gremlin Horn":[7,7],"counters":[13,48],"Ornamental Fan":[4],"Blue Candle":[1],"Pandora\u0027s Box":["Echo Form","Ball Lightning","Chaos","BootSequence","Undo","Sunder","Loop","Sunder"],"Tiny Chest":0,"obtain_stats":[{"Girya":26,"NeowsBlessing":0,"Gremlin Horn":22,"Ornamental Fan":9,"Blue Candle":6,"betterThird:SlimedRelic":14,"Pandora\u0027s Box":17,"Tiny Chest":25,"Frozen Egg 2":23,"Cracked Core":0},{"Girya":12,"NeowsBlessing":0,"Gremlin Horn":10,"Ornamental Fan":5,"Blue Candle":5,"betterThird:SlimedRelic":7,"Pandora\u0027s Box":8,"Tiny Chest":12,"Frozen Egg 2":11,"Cracked Core":0},{"Girya":43,"NeowsBlessing":0,"Gremlin Horn":33,"Ornamental Fan":13,"Blue Candle":13,"betterThird:SlimedRelic":19,"Pandora\u0027s Box":26,"Tiny Chest":43,"Frozen Egg 2":38,"Cracked Core":0}]},"card_choices":[{"not_picked":["Rebound","Redo"],"picked":"Static Discharge","floor":1},{"not_picked":["Steam","Compile Driver"],"picked":"Redo","floor":2},{"not_picked":["Reprogram","Rebound"],"picked":"Auto Shields","floor":4},{"not_picked":["Sweeping Beam","Stack"],"picked":"Static Discharge","floor":5},{"not_picked":["Beam Cell","Hologram"],"picked":"Leap","floor":6},{"not_picked":["Defragment","Gash"],"picked":"BootSequence","floor":10},{"not_picked":["Coolheaded","Barrage"],"picked":"Sunder","floor":13},{"not_picked":["Seek","Buffer"],"picked":"Thunder Strike","floor":16},{"not_picked":["Hello World","Lockon","Steam Power"],"picked":"SKIP","floor":18},{"not_picked":["Barrage","Streamline"],"picked":"Leap+1","floor":19},{"not_picked":["Beam Cell","Scrape","Glacier"],"picked":"SKIP","floor":23},{"not_picked":["Tempest","FTL"],"picked":"Redo+1","floor":25},{"not_picked":["Good Instincts","Trip"],"picked":"Enlightenment","floor":28},{"not_picked":["Panache+1","Sadistic Nature+1"],"picked":"Forethought","floor":28}],"player_experience":859614,"relics_obtained":[{"floor":6,"key":"Blue Candle"},{"floor":9,"key":"Ornamental Fan"},{"floor":23,"key":"Frozen Egg 2"},{"floor":25,"key":"Tiny Chest"},{"floor":26,"key":"Girya"}],"event_choices":[{"damage_healed":0,"gold_gain":0,"player_choice":"Donut","damage_taken":0,"max_hp_gain":5,"max_hp_loss":0,"event_name":"Big Fish","floor":3,"gold_loss":0},{"damage_healed":20,"gold_gain":0,"player_choice":"Healed and dodged fight","damage_taken":0,"max_hp_gain":0,"max_hp_loss":0,"event_name":"Mushrooms","floor":7,"gold_loss":0,"cards_obtained":["Parasite"]},{"damage_healed":0,"gold_gain":0,"player_choice":"RENOUNCE","damage_taken":210,"max_hp_gain":0,"max_hp_loss":0,"event_name":"betterThird:BetterSerpent","floor":11,"gold_loss":210,"cards_obtained":["Enlightenment"]},{"damage_healed":0,"gold_gain":0,"player_choice":"Slimed","damage_taken":11,"max_hp_gain":0,"max_hp_loss":0,"event_name":"betterThird:BetterGoop","floor":14,"gold_loss":10},{"damage_healed":0,"gold_gain":0,"player_choice":"Became a vampire","damage_taken":0,"max_hp_gain":0,"max_hp_loss":0,"event_name":"Vampires","floor":20,"gold_loss":0,"cards_obtained":[]},{"damage_healed":0,"gold_gain":0,"player_choice":"Ignored","damage_taken":0,"max_hp_gain":0,"max_hp_loss":0,"event_name":"Ghosts","floor":21,"gold_loss":0},{"damage_healed":0,"gold_gain":0,"player_choice":"Obtained Relic","damage_taken":0,"relics_obtained":["Gremlin Horn"],"max_hp_gain":0,"max_hp_loss":0,"event_name":"Addict","floor":22,"gold_loss":85},{"damage_healed":0,"gold_gain":2,"player_choice":"1","damage_taken":0,"max_hp_gain":0,"max_hp_loss":0,"event_name":"betterStone:BetterStone","floor":28,"gold_loss":0}],"is_beta":false,"boss_relics":[{"not_picked":["Velvet Choker","Runic Dome"],"picked":"Pandora\u0027s Box"}],"items_purged_floors":[],"is_endless":false,"potions_floor_spawned":[1,6,16,19],"killed_by":"Centurion and Healer","ascension_level":3}}