{"host":"sabve5zmqufxyc5o","time":1607779922,"event":{"mods":["2.2 Compatiblity","AchievementEnabler","Act Like it!","BaseMod","Block Reminder","Colored Map","Colored Powertips","DeckTracker","KOR Keyword Fix","Keyboard Shortcuts","Minty Spire (QoL Compilation)","Quick Restart","Rare Cards Sparkle","Relic Stats","StSLib","SuperFastMode"],"gold_per_floor":[109,109,125,7,23,23,39,52,100,100,118,118,151,175,175,175,175],"floor_reached":16,"playtime":269,"items_purged":["Strike_B"],"score":203,"play_id":"68663603-44c5-49f5-a5a5-811eaa6aa5c5","local_time":"20201212223202","is_ascension_mode":true,"campfire_choices":[{"data":"Dualcast","floor":6.0,"key":"SMITH"},{"data":"Zap","floor":10.0,"key":"SMITH"},{"data":"Capacitor","floor":15.0,"key":"SMITH"}],"circlet_count":0,"master_deck":["AscendersBane","Strike_B","Strike_B","Strike_B","Defend_B","Defend_B","Defend_B","Defend_B","Zap+1","Dualcast+1","Undo","Ball Lightning","Chill","Self Repair","Compile Driver","Turbo","Beam Cell","Capacitor+1"],"relics":["Cracked Core","Anchor","Golden Idol","Strawberry","Ornamental Fan","Dream Catcher"],"acts_visited":[],"potions_floor_usage":[16,16],"damage_taken":[{"damage":7.0,"enemies":"2 Louse","floor":1.0,"turns":3.0},{"damage":2.0,"enemies":"Jaw Worm","floor":3.0,"turns":4.0},{"damage":0.0,"enemies":"Small Slimes","floor":5.0,"turns":3.0},{"damage":10.0,"enemies":"Exordium Wildlife","floor":7.0,"turns":4.0},{"damage":2.0,"enemies":"Red Slaver","floor":8.0,"turns":3.0},{"damage":6.0,"enemies":"Exordium Thugs","floor":11.0,"turns":5.0},{"damage":7.0,"enemies":"Lagavulin","floor":13.0,"turns":7.0},{"damage":10.0,"enemies":"Exordium Wildlife","floor":14.0,"turns":3.0},{"damage":51,"enemies":"Hexaghost","floor":16,"turns":9}],"seed_played":"-3120407615888113606","potions_obtained":[{"floor":3.0,"key":"EssenceOfSteel"},{"floor":5.0,"key":"EntropicBrew"},{"floor":13.0,"key":"DuplicationPotion"}],"is_trial":false,"path_per_floor":["M","?","M","$","M","R","M","M","T","R","M","?","E","M","R","B"],"character_chosen":"DEFECT","items_purchased":["Chill"],"campfire_rested":0,"item_purchase_floors":[4],"current_hp_per_floor":[57,57,55,55,55,55,52,57,64,64,58,53,53,50,50,0,0],"gold":175,"neow_bonus":"RANDOM_COMMON_RELIC","is_daily":false,"chose_seed":false,"campfire_upgraded":3,"win_rate":0.0,"timestamp":1607779922,"path_taken":["M","?","M","$","M","R","M","M","T","R","M","?","E","M","R","BOSS"],"items_purchased_type":["Card"],"build_version":"2020-11-30","purchased_purges":1,"victory":false,"max_hp_per_floor":[71,64,64,64,64,64,64,64,71,71,71,71,71,71,71,71,71],"relic_stats":{"Dream Catcher":0,"counters":[9,41],"Golden Idol":28,"Ornamental Fan":[16],"obtain_stats":[{"Anchor":0,"Dream Catcher":13,"Golden Idol":2,"Ornamental Fan":12,"Strawberry":9,"Cracked Core":0},{"Anchor":0,"Dream Catcher":7,"Golden Idol":1,"Ornamental Fan":6,"Strawberry":5,"Cracked Core":0},{"Anchor":0,"Dream Catcher":29,"Golden Idol":3,"Ornamental Fan":22,"Strawberry":17,"Cracked Core":0}]},"card_choices":[{"not_picked":["Stack","Beam Cell"],"picked":"Undo","floor":1.0},{"not_picked":["Tempest","Redo"],"picked":"Ball Lightning","floor":3.0},{"not_picked":["Rebound","Undo"],"picked":"Self Repair","floor":5.0},{"not_picked":["Multi-Cast","Stack"],"picked":"Compile Driver","floor":7.0},{"not_picked":["Sweeping Beam","Leap"],"picked":"Turbo","floor":8.0},{"not_picked":["Steam Power","Stack","Storm"],"picked":"SKIP","floor":11.0},{"not_picked":["Rebound","Storm"],"picked":"Beam Cell","floor":13.0},{"not_picked":["Barrage","Hologram"],"picked":"Capacitor","floor":14.0}],"player_experience":772813,"relics_obtained":[{"floor":9.0,"key":"Strawberry"},{"floor":13.0,"key":"Dream Catcher"}],"event_choices":[{"damage_healed":0.0,"max_hp_gain":0.0,"max_hp_loss":7.0,"gold_gain":0.0,"event_name":"Golden Idol","player_choice":"Lose Max HP","floor":2.0,"gold_loss":0.0,"damage_taken":0.0,"relics_obtained":["Golden Idol"]},{"damage_healed":0.0,"max_hp_gain":0.0,"max_hp_loss":0.0,"gold_gain":0.0,"event_name":"Scrap Ooze","player_choice":"Success","floor":12.0,"gold_loss":0.0,"damage_taken":5.0,"relics_obtained":["Ornamental Fan"]}],"is_beta":false,"boss_relics":[],"items_purged_floors":[4],"is_endless":false,"potions_floor_spawned":[3,5,7,13],"killed_by":"Hexaghost","ascension_level":19}}