{"host":"bq442wlpwbozasgc","time":1607743537,"event":{"mods":["BaseMod","Hubris","Minty Spire (QoL Compilation)","Quick Restart","StSLib","SuperFastMode"],"gold_per_floor":[114,125,47,59,73,91,91,91,91,126,51,201,12,26,26,105,105,124,124,6,6,16,16,32,32,32,7,7,7,7,7],"floor_reached":30,"playtime":1372,"items_purged":[],"score":456,"play_id":"c1e0c67d-5ff9-4840-ab23-b7ac46307e71","local_time":"20201212122537","daily_mods":["Draft","Binary"],"is_ascension_mode":true,"campfire_choices":[{"floor":7.0,"key":"REST"},{"data":"Darkness","floor":15,"key":"SMITH"},{"data":"Ghostly","floor":23,"key":"SMITH"},{"data":"Ghostly","floor":25,"key":"SMITH"},{"data":"Ghostly","floor":28,"key":"SMITH"}],"circlet_count":0,"master_deck":["AscendersBane","Chill","Ball Lightning","Darkness+1","Capacitor","Redo","Ball Lightning+1","Auto Shields","Reinforced Body","Coolheaded","Defragment","Leap","FTL+1","Darkness","Chaos","Steam","Genetic Algorithm","White Noise","Doubt","Compile Driver","Ghostly+1","Ghostly+1","Ghostly+1","Loop","Chaos","Go for the Eyes"],"relics":["Cracked Core","Busted Crown","hubris:AstralHammer","Whetstone","Runic Capacitor","SlaversCollar","hubris:Towel","Toxic Egg 2","hubris:Icosahedron"],"acts_visited":["Exordium","TheCity"],"potions_floor_usage":[30],"damage_taken":[{"damage":0.0,"enemies":"Cultist","floor":1.0,"turns":3.0},{"damage":3.0,"enemies":"Jaw Worm","floor":2.0,"turns":3.0},{"damage":0.0,"enemies":"2 Louse","floor":4.0,"turns":2.0},{"damage":0.0,"enemies":"Looter","floor":5.0,"turns":3.0},{"damage":30.0,"enemies":"Gremlin Gang","floor":6.0,"turns":5.0},{"damage":3,"enemies":"3 Sentries","floor":10,"turns":6},{"damage":5,"enemies":"Exordium Thugs","floor":14,"turns":6},{"damage":10,"enemies":"The Guardian","floor":16,"turns":9},{"damage":27,"enemies":"Shell Parasite","floor":18,"turns":5},{"damage":0,"enemies":"Chosen","floor":22,"turns":4},{"damage":1,"enemies":"Centurion and Healer","floor":24,"turns":7},{"damage":15,"enemies":"Cultist and Chosen","floor":30,"turns":7}],"seed_played":"-3037532208773928508","potions_obtained":[{"floor":1.0,"key":"Strength Potion"},{"floor":6.0,"key":"SpeedPotion"},{"floor":10,"key":"SkillPotion"},{"floor":22,"key":"Dexterity Potion"}],"is_trial":true,"path_per_floor":["M","M","$","M","M","M","R","?","T","E","$","?","$","M","R","B",null,"M","?","$","?","M","R","M","R","T","$","R","?","M"],"character_chosen":"DEFECT","items_purchased":["Genetic Algorithm","White Noise","Runic Capacitor","Compile Driver","Loop","Chaos","Go for the Eyes"],"campfire_rested":1,"item_purchase_floors":[3,11,13,13,20,20,27],"current_hp_per_floor":[64,61,61,61,61,31,52,52,52,49,49,49,49,44,44,34,62,35,35,35,35,35,35,34,34,34,34,34,34,19,19],"gold":7,"neow_bonus":"","is_daily":false,"chose_seed":false,"campfire_upgraded":4,"win_rate":0.0,"timestamp":1607743537,"path_taken":["M","M","$","M","M","M","R","?","T","E","$","?","?","M","R","BOSS","M","?","$","?","M","R","M","R","T","?","R","?","M"],"items_purchased_type":["Card","Card","Relic","Card","Card","Card","Card"],"build_version":"2020-11-30","purchased_purges":0,"victory":false,"max_hp_per_floor":[71,71,71,71,71,71,71,71,71,71,71,71,71,71,71,71,71,71,35,35,35,35,35,35,35,35,35,35,35,35,35],"card_choices":[{"not_picked":["Heatsinks","Skim"],"picked":"Chill","floor":0.0},{"not_picked":["Barrage","Conserve Battery"],"picked":"Ball Lightning","floor":0.0},{"not_picked":["Coolheaded","Sweeping Beam"],"picked":"Darkness","floor":0.0},{"not_picked":["Melter","Blizzard"],"picked":"Capacitor","floor":0.0},{"not_picked":["Barrage","Gash"],"picked":"Redo","floor":0.0},{"not_picked":["Steam","Beam Cell"],"picked":"Ball Lightning","floor":0.0},{"not_picked":["Steam","Ball Lightning"],"picked":"Auto Shields","floor":0.0},{"not_picked":["Rebound","Streamline"],"picked":"Reinforced Body","floor":0.0},{"not_picked":["Hologram","Cold Snap"],"picked":"Coolheaded","floor":0.0},{"not_picked":["White Noise","Heatsinks"],"picked":"Defragment","floor":0.0},{"not_picked":["Beam Cell","Barrage"],"picked":"Leap","floor":0.0},{"not_picked":["Steam Power","Stack"],"picked":"FTL","floor":0.0},{"not_picked":["Doom and Gloom","White Noise"],"picked":"Darkness","floor":0.0},{"not_picked":["Rip and Tear","Cold Snap"],"picked":"Chaos","floor":0.0},{"not_picked":["hubris:Ukulele","Stack"],"picked":"Steam","floor":0.0}],"player_experience":19988,"relics_obtained":[{"floor":9,"key":"hubris:AstralHammer"},{"floor":10,"key":"Whetstone"},{"floor":26,"key":"Toxic Egg 2"}],"event_choices":[{"damage_healed":0,"gold_gain":0,"player_choice":"Ignored","damage_taken":0,"max_hp_gain":0,"max_hp_loss":0,"event_name":"Golden Wing","floor":8,"gold_loss":0},{"damage_healed":0,"gold_gain":150,"player_choice":"AGREE","damage_taken":0,"max_hp_gain":0,"max_hp_loss":0,"event_name":"Liars Game","floor":12,"gold_loss":0,"cards_obtained":["Doubt"]},{"damage_healed":0,"gold_gain":0,"player_choice":"Became a Ghost","damage_taken":0,"max_hp_gain":0,"max_hp_loss":36,"event_name":"Ghosts","floor":19,"gold_loss":0,"cards_obtained":["Ghostly","Ghostly","Ghostly"]}],"is_beta":false,"boss_relics":[{"not_picked":["Snecko Eye","Coffee Dripper"],"picked":"SlaversCollar"}],"items_purged_floors":[],"is_endless":false,"potions_floor_spawned":[1,6,10,22],"killed_by":"Cultist and Chosen","ascension_level":20}}