{"host":"8xp52u5o8fcssvzz","time":1607755239,"event":{"mods":["2.2 Compatiblity","AchievementEnabler","Act Like it!","Aspiration","BaseMod","Better Altar","Better Match","Better Note","Better Sensory Stone","Better Skull","Better Third Choice","BetterRewards","Colored Map","Conspire","Downfall","GifTheSpireLib","Googly Eyes","Halation","Hallownest","Highlight Path","Hubris","Infinite Spire","Jorbs\u0027s Wanderer Trilogy","Marisa????????","Mimic Mod","Minty Spire (QoL Compilation)","Replay The Spire","Spicy Shops","StSLib","Stuff the Spire","The Blackbeard","The Gatherer","The Necromancer","The Runesmith","The Servant 0.9.4","Unceasing Turn Reminder","everything is the same but u backflip on backflip"],"gold_per_floor":[112,112,164,183,201,533,533,547,547,565,608,637,637,661,661,661,661],"floor_reached":16,"playtime":1258,"items_purged":[],"score":114,"play_id":"93331511-f70e-4abb-b138-c60218ca4744","local_time":"20201211224039","is_ascension_mode":false,"campfire_choices":[{"data":"Finger_Of_Death","floor":7,"key":"SMITH"},{"data":"Slay_Living","floor":15,"key":"SMITH"}],"circlet_count":0,"master_deck":["Strike_W","Strike_W","Strike_W","Strike_W","Defend_W","Defend_W","Defend_W","Defend_W","Negative_Energy_Arrows","Bone_Wall","Bone_Armory","Necromantic_Selection","Bone_Shift","Bones_to_Steel","Finger_Of_Death+1","Negative_Energy_Bomb","Whirlwind_of_Bones","Bone_Armor","Spectral_Walk","Slay_Living+1","Blood_Shield"],"relics":["Vampire_Amulet","NeowsBlessing","StuffTheSpire:Experiment12","Old Coin","hubris:BottledRain","CeramicFish","Hallownest:DreamNailRelic"],"acts_visited":["Exordium"],"potions_floor_usage":[10,11,14],"damage_taken":[{"damage":0,"enemies":"Hallownest:2_Tiktiks_and_1_Crawlid","floor":1,"turns":2},{"damage":0,"enemies":"2_ Uuma","floor":4,"turns":1},{"damage":0,"enemies":"Hallownest:monsterHuskWarrior","floor":5,"turns":1},{"damage":3,"enemies":"Hallownest:eliteVengeflyKing","floor":6,"turns":10},{"damage":0,"enemies":"Hallownest:monsterAspidMother","floor":8,"turns":8},{"damage":21,"enemies":"Hallownest:1_Ooma_and_2_Uuma","floor":10,"turns":7},{"damage":33,"enemies":"Hallownest:eliteCrystalGuardian","floor":11,"turns":9},{"damage":11,"enemies":"Hallownest:Wandering_and_Horned","floor":12,"turns":8},{"damage":3,"enemies":"Hallownest:1_Baldur_1_Crawlid_1_Warrior","floor":14,"turns":7},{"damage":40,"enemies":"Hallownest:BossHornet","floor":16,"turns":22}],"seed_played":"-4454997134316213114","potions_obtained":[{"floor":3,"key":"SkillPotion"},{"floor":8,"key":"DuplicationPotion"},{"floor":10,"key":"Regen Potion"},{"floor":12,"key":"Fire Potion"}],"is_trial":false,"path_per_floor":["M","?","?","M","M","E","R","M","T","M","E","M","?","M","R","B"],"character_chosen":"NECROMANCER","items_purchased":[],"campfire_rested":0,"item_purchase_floors":[],"current_hp_per_floor":[75,75,45,49,51,60,60,74,74,59,43,36,36,39,39,0,0],"gold":661,"neow_bonus":"THREE_ENEMY_KILL","is_daily":false,"chose_seed":false,"campfire_upgraded":2,"win_rate":0.0,"timestamp":1607755239,"path_taken":["M","?","?","?","M","E","R","M","T","M","E","M","?","M","R","BOSS"],"items_purchased_type":[],"build_version":"2020-11-30","purchased_purges":0,"victory":false,"max_hp_per_floor":[75,75,75,75,75,75,75,75,75,75,75,75,75,75,75,75,75],"card_choices":[{"not_picked":["Death_Knell","Toxic_Smoke_Screen"],"picked":"Bone_Armory","floor":1},{"not_picked":["Blood_Curse","Strike_from_Beyond"],"picked":"Necromantic_Selection","floor":3},{"not_picked":["Bone_Prison","Bone_Armory"],"picked":"Bone_Shift","floor":3},{"not_picked":["Negative_Energy_Sphere","Scare"],"picked":"Bones_to_Steel","floor":4},{"not_picked":["Bone_Armor","Blood_Whip"],"picked":"Finger_Of_Death","floor":5},{"not_picked":["Consume_Illness","Chill_Blood"],"picked":"Negative_Energy_Bomb","floor":6},{"not_picked":["Finger_Of_Death","Blood_Is_Power"],"picked":"Whirlwind_of_Bones","floor":8},{"not_picked":["Pandemic","Toxic_Smoke_Screen"],"picked":"Bone_Armor","floor":10},{"not_picked":["Death_Coil","Blood_Whip"],"picked":"Spectral_Walk","floor":11},{"not_picked":["Acid_Javelin","Death_Coil"],"picked":"Slay_Living","floor":12},{"not_picked":["Cloudkill","Bones_to_Steel"],"picked":"Blood_Shield","floor":14}],"player_experience":401198,"relics_obtained":[{"floor":3,"key":"StuffTheSpire:Experiment12"},{"floor":6,"key":"Old Coin"},{"floor":9,"key":"hubris:BottledRain"},{"floor":11,"key":"CeramicFish"}],"event_choices":[],"is_beta":false,"boss_relics":[],"items_purged_floors":[],"is_endless":false,"potions_floor_spawned":[8,10,12],"killed_by":"Hallownest:BossHornet","ascension_level":0}}