{"host":"hqvh779b89tfrjxy","time":1607738628,"event":{"mods":["Act Like it!","BaseMod","Better Third Choice","Downfall","Elementarium","Filter the Spire","GifTheSpireLib","Marked Mod","Minty Spire (QoL Compilation)","Replay The Spire","Spicy Shops","StSLib"],"gold_per_floor":[20,37,53,53,53,83,102,134,134,134,168,184,212,224,224,326,326,346,361,381,397,146,177,177,177,177,177,204,204,236,258,258,365,365,389,389,423,423,146,219,219,219,245,245,61,102,102,140,140,150,150,150,22,61,61],"floor_reached":54,"playtime":3133,"items_purged":["Strike_P","Halt"],"score":1101,"play_id":"1fa10299-69ab-45bb-b5b0-5459a8c412ef","local_time":"20201212030348","is_ascension_mode":true,"campfire_choices":[{"data":"MarkedMod:GentlePulse","floor":10,"key":"SMITH"},{"floor":15,"key":"REST"},{"floor":24,"key":"REST"},{"data":"Sadistic Nature","floor":27,"key":"SMITH"},{"floor":29,"key":"REST"},{"floor":32,"key":"REST"},{"floor":41,"key":"RECALL"},{"data":"Elementarium:EarthblessedBlade","floor":47,"key":"SMITH"},{"data":"Meditate","floor":49,"key":"SMITH"},{"data":"Protect","floor":52,"key":"SMITH"}],"circlet_count":0,"master_deck":["Strike_P","Strike_P","Strike_P","Defend_P","Defend_P","Defend_P","Defend_P","Eruption","Vigilance+1","Apotheosis+1","MarkedMod:Acupuncture","FollowUp","MarkedMod:GentlePulse+1","MarkedMod:Acupuncture","JustLucky","MarkedMod:GracefulMovements","Pot Of Greed","Pot Of Greed","Meditate+1","MarkedMod:ChiBlock+1","Protect+1","MarkedMod:PinPointDefense+1","Sadistic Nature+1","Pot Of Greed","Elementarium:EarthblessedBlade+1","PathToVictory","CurseOfTheBell","ReplayUltimateDefense+1","PathToVictory"],"relics":["HolyWater","Snack Pack","Centennial Puzzle","Replay:Baseball","Mercury Hourglass","Grinning Jar","Singing Bowl","Replay:Bandana","Mummified Hand","Elementarium:ElementariumTrophy","Calling Bell","Toy Ornithopter","HornCleat","CloakClasp","Oddly Smooth Stone","Membership Card","Garlic","Guide Book","Eternal Feather","Toxic Egg 2","ReplayFunnel","Bottled Lightning","Replay:Bottled Steam"],"acts_visited":["Exordium","Elementarium:Elementarium","TheBeyond","TheEnding"],"potions_floor_usage":[8,8,16,23,23,30,33,50],"damage_taken":[{"damage":0,"enemies":"2 Louse","floor":1,"turns":2},{"damage":0,"enemies":"Small Slimes","floor":2,"turns":3},{"damage":0,"enemies":"Cultist","floor":3,"turns":3},{"damage":6,"enemies":"3 Sentries","floor":6,"turns":11},{"damage":0,"enemies":"Looter","floor":7,"turns":2},{"damage":12,"enemies":"Lagavulin","floor":8,"turns":7},{"damage":34,"enemies":"Gremlin Nob","floor":11,"turns":5},{"damage":11,"enemies":"Exordium Thugs","floor":12,"turns":3},{"damage":1,"enemies":"Replay:BlueRogue","floor":13,"turns":3},{"damage":9,"enemies":"Exordium Wildlife","floor":14,"turns":3},{"damage":24,"enemies":"Slime Boss","floor":16,"turns":4},{"damage":9,"enemies":"Elementarium:MUD_AND_TAR_GOLEMS","floor":18,"turns":4},{"damage":6,"enemies":"Elementarium:2_ELEMENTALS","floor":19,"turns":3},{"damage":12,"enemies":"Elementarium:STONE_GOLEMS","floor":20,"turns":5},{"damage":7,"enemies":"Elementarium:RubyGolem","floor":21,"turns":5},{"damage":12,"enemies":"Elementarium:FIRE_NOBILITY","floor":23,"turns":7},{"damage":10,"enemies":"Elementarium:ElementalPortal","floor":28,"turns":6},{"damage":28,"enemies":"Elementarium:WarGolem","floor":30,"turns":5},{"damage":9,"enemies":"Elementarium:Hydrostalker","floor":31,"turns":7},{"damage":6,"enemies":"Elementarium:GoldenDragon","floor":33,"turns":8},{"damage":13,"enemies":"3 Shapes","floor":35,"turns":4},{"damage":8,"enemies":"3 Darklings","floor":37,"turns":4},{"damage":0,"enemies":"R_Hoarder","floor":40,"turns":8},{"damage":0,"enemies":"Nemesis","floor":46,"turns":5},{"damage":0,"enemies":"R_Hoarder","floor":48,"turns":10},{"damage":1,"enemies":"Donu and Deca","floor":50,"turns":10},{"damage":8,"enemies":"Shield and Spear","floor":54,"turns":5}],"seed_played":"-1534090189997987458","potions_obtained":[{"floor":1,"key":"Explosive Potion"},{"floor":3,"key":"BlessingOfTheForge"},{"floor":6,"key":"Strength Potion"},{"floor":7,"key":"Dexterity Potion"},{"floor":11,"key":"PowerPotion"},{"floor":16,"key":"sneckomod:MuddlingPotion"},{"floor":18,"key":"ColorlessPotion"},{"floor":21,"key":"Strength Potion"},{"floor":30,"key":"Explosive Potion"},{"floor":31,"key":"PowerPotion"},{"floor":46,"key":"Dexterity Potion"},{"floor":54,"key":"Ambrosia"}],"is_trial":false,"path_per_floor":["M","M","M","?","?","E","M","E","T","R","E","M","E","M","R","B",null,"M","M","M","M","$","E","R","?","T","R","E","R","E","M","R","B",null,"M","?","M","?","$","E","R","?","T","?","$","E","R","E","R","B",null,"R","$","E"],"character_chosen":"WATCHER","items_purchased":["Sadistic Nature","Oddly Smooth Stone","Membership Card","PathToVictory","Guide Book","Eternal Feather","Bottled Lightning"],"campfire_rested":4,"item_purchase_floors":[22,39,39,45,45,45,53],"current_hp_per_floor":[65,65,65,65,65,59,59,53,53,53,25,16,19,12,33,15,58,53,49,39,34,34,24,45,45,45,45,41,62,38,31,53,51,71,62,62,56,56,56,60,60,60,60,60,60,64,79,83,84,84,84,84,84,78,78],"gold":61,"neow_bonus":"RANDOM_COLORLESS_2","is_daily":false,"chose_seed":false,"campfire_upgraded":5,"win_rate":0.0,"timestamp":1607738628,"path_taken":["M","M","M","?","?","E","M","E","T","R","E","M","E","M","R","BOSS","M","M","M","M","?","E","R","?","T","R","E","R","E","?","R","BOSS","M","?","M","?","$","E","R","?","T","?","$","E","R","E","R","BOSS","R","$","E"],"items_purchased_type":["Card","Relic","Relic","Card","Relic","Relic","Relic"],"build_version":"2020-11-30","purchased_purges":2,"victory":false,"max_hp_per_floor":[72,72,72,72,72,72,72,72,72,72,72,72,72,72,72,72,72,72,72,72,72,72,72,72,72,72,72,72,72,74,76,76,78,78,80,76,78,78,78,80,80,80,80,80,80,82,82,84,84,84,84,84,84,86,86],"card_choices":[{"not_picked":["The Bomb","Mayhem"],"picked":"Apotheosis","floor":0},{"not_picked":["Replay:AtTheReady","ClearTheMind"],"picked":"MarkedMod:Acupuncture","floor":1},{"not_picked":["ClearTheMind","WaveOfTheHand"],"picked":"FollowUp","floor":2},{"not_picked":["Replay:Vibes","EmptyBody"],"picked":"Halt","floor":3},{"not_picked":["Replay:LoomingThreat","Worship"],"picked":"MarkedMod:GentlePulse","floor":6},{"not_picked":["ThirdEye","Worship"],"picked":"MarkedMod:Acupuncture","floor":7},{"not_picked":["WreathOfFlame","SashWhip"],"picked":"JustLucky","floor":8},{"not_picked":["Alpha","Consecrate"],"picked":"MarkedMod:GracefulMovements","floor":11},{"not_picked":["Replay:ManipulateFuture","SashWhip","Pray"],"picked":"SKIP","floor":12},{"not_picked":["Worship","EmptyBody"],"picked":"Meditate","floor":13},{"not_picked":["EmptyFist","Protect","Evaluate"],"picked":"SKIP","floor":14},{"not_picked":["Vault","Judgement"],"picked":"MarkedMod:ChiBlock","floor":16},{"not_picked":["Fasting2","Evaluate","Replay:Hum"],"picked":"SKIP","floor":18},{"not_picked":["EmptyFist","Worship+1"],"picked":"Protect","floor":19},{"not_picked":["Replay:ManipulateFuture","JustLucky","Wish"],"picked":"SKIP","floor":20},{"not_picked":["ThirdEye+1","Replay:ManipulateFuture+1"],"picked":"MarkedMod:PinPointDefense+1","floor":21},{"not_picked":["Conclude","Halt","CrushJoints+1"],"picked":"SKIP","floor":23},{"not_picked":["JustLucky","ClearTheMind"],"picked":"PathToVictory","floor":28},{"not_picked":["Replay:Anticipation","Replay:BluntJabs+1","CrushJoints"],"picked":"Singing Bowl","floor":30},{"not_picked":["EmptyBody","ClearTheMind","SashWhip"],"picked":"Singing Bowl","floor":31},{"not_picked":["Blasphemy","Devotion","Vault"],"picked":"Singing Bowl","floor":33},{"not_picked":["Study","Halt","EmptyFist"],"picked":"Singing Bowl","floor":35},{"not_picked":["WreathOfFlame","Wallop","MentalFortress"],"picked":"Singing Bowl","floor":37},{"not_picked":["expansioncontent:SuperHexaguard","Jack Of All Trades"],"picked":"ReplayUltimateDefense","floor":38},{"not_picked":["FollowUp+1","CrushJoints","Crescendo+1"],"picked":"Singing Bowl","floor":40},{"not_picked":["LikeWater","ClearTheMind+1","EmptyBody+1"],"picked":"Singing Bowl","floor":46},{"not_picked":["Crescendo+1","Replay:DivineShield+1","Replay:AllIn+1"],"picked":"Singing Bowl","floor":48},{"not_picked":["Crescendo+1","Replay:ManipulateFuture+1","MasterReality"],"picked":"Singing Bowl","floor":54}],"player_experience":125679,"relics_obtained":[{"floor":6,"key":"Snack Pack"},{"floor":8,"key":"Centennial Puzzle"},{"floor":9,"key":"Replay:Baseball"},{"floor":11,"key":"Mercury Hourglass"},{"floor":13,"key":"Grinning Jar"},{"floor":26,"key":"Singing Bowl"},{"floor":28,"key":"Replay:Bandana"},{"floor":30,"key":"Mummified Hand"},{"floor":34,"key":"Toy Ornithopter"},{"floor":34,"key":"HornCleat"},{"floor":34,"key":"CloakClasp"},{"floor":40,"key":"Garlic"},{"floor":46,"key":"Toxic Egg 2"},{"floor":48,"key":"ReplayFunnel"},{"floor":54,"key":"Replay:Bottled Steam"}],"event_choices":[{"damage_healed":0,"gold_gain":0,"player_choice":"Forge","damage_taken":0,"max_hp_gain":0,"max_hp_loss":0,"event_name":"Accursed Blacksmith","floor":5,"gold_loss":0,"cards_upgraded":["Vigilance"]},{"damage_healed":0,"gold_gain":0,"player_choice":"Take","damage_taken":0,"max_hp_gain":0,"max_hp_loss":0,"event_name":"Elementarium:BladeSeller","floor":25,"gold_loss":0,"cards_obtained":["Elementarium:EarthblessedBlade"]},{"damage_healed":0,"gold_gain":0,"player_choice":"Max HP","damage_taken":0,"max_hp_gain":0,"max_hp_loss":4,"event_name":"Winding Halls","floor":36,"gold_loss":0},{"damage_healed":0,"gold_gain":0,"player_choice":"Memory 1","damage_taken":0,"max_hp_gain":0,"max_hp_loss":0,"event_name":"SensoryStone","floor":38,"gold_loss":0},{"damage_healed":0,"gold_gain":0,"player_choice":"Ignored","damage_taken":0,"max_hp_gain":0,"max_hp_loss":0,"event_name":"Elementarium:ChestOfTheGoldenMirage","floor":44,"gold_loss":0}],"is_beta":false,"boss_relics":[{"not_picked":["Snecko Eye","SacredBark"],"picked":"HolyWater"},{"not_picked":["Cursed Key","Sozu"],"picked":"Calling Bell"}],"items_purged_floors":[22,39],"is_endless":false,"potions_floor_spawned":[1,3,6,7,11,16,18,21,30,31,46,54],"killed_by":"Shield and Spear","ascension_level":6}}