{"host":"cjhtzh7tp54jdfyv","time":1607809978,"event":{"mods":["BaseMod","Minty Spire (QoL Compilation)"],"gold_per_floor":[117,192,50,50,62,62,95,95,119,151,151,181,210,260,260,337,337,356,356,356,371,371,397,427,456,456,31,59,59,59],"floor_reached":29,"playtime":3202,"items_purged":["WreathOfFlame"],"score":554,"play_id":"28781237-f097-4826-8164-f9f4664d0a78","local_time":"20201212165258","is_ascension_mode":true,"campfire_choices":[{"data":"MentalFortress","floor":6.0,"key":"SMITH"},{"data":"Tantrum","floor":8.0,"key":"SMITH"},{"floor":11.0,"key":"REST"},{"data":"Meditate","floor":15.0,"key":"SMITH"}],"circlet_count":0,"master_deck":["AscendersBane","Eruption","Vigilance","Tantrum+1","TalkToTheHand+1","MentalFortress+1","InnerPeace","InnerPeace","Meditate+1","MentalFortress","Establishment","WindmillStrike","WheelKick","Perseverance","Worship","Weave","ForeignInfluence","Tantrum","Study+1","SpiritShield+1","Secret Technique+1","Halt+1","Wallop"],"relics":["PureWater","Bottled Flame","Lantern","Damaru","Bag of Marbles","Odd Mushroom","Pandora\u0027s Box","Pocketwatch","CeramicFish","Toxic Egg 2"],"acts_visited":["Exordium","TheCity"],"potions_floor_usage":[29],"damage_taken":[{"damage":0.0,"enemies":"Small Slimes","floor":1.0,"turns":3.0},{"damage":0.0,"enemies":"2 Louse","floor":5.0,"turns":2.0},{"damage":30.0,"enemies":"3 Sentries","floor":7.0,"turns":6.0},{"damage":13.0,"enemies":"Gremlin Nob","floor":10.0,"turns":3.0},{"damage":10.0,"enemies":"3 Sentries","floor":12.0,"turns":7.0},{"damage":0.0,"enemies":"The Mushroom Lair","floor":13.0,"turns":3.0},{"damage":7.0,"enemies":"Hexaghost","floor":16.0,"turns":10.0},{"damage":11.0,"enemies":"3 Byrds","floor":18.0,"turns":5.0},{"damage":0.0,"enemies":"2 Thieves","floor":21.0,"turns":1.0},{"damage":7.0,"enemies":"Book of Stabbing","floor":23.0,"turns":4.0},{"damage":0.0,"enemies":"Cultist and Chosen","floor":24.0,"turns":5.0},{"damage":25.0,"enemies":"Gremlin Leader","floor":25.0,"turns":4.0},{"damage":0.0,"enemies":"3 Cultists","floor":28.0,"turns":4.0},{"damage":20,"enemies":"Slavers","floor":29,"turns":7}],"seed_played":"6425297782253850555","potions_obtained":[{"floor":1.0,"key":"Regen Potion"},{"floor":16.0,"key":"Dexterity Potion"},{"floor":24.0,"key":"BlessingOfTheForge"},{"floor":28.0,"key":"SpeedPotion"}],"is_trial":false,"path_per_floor":["M","?","$","?","M","R","E","R","T","E","R","E","?","?","R","B",null,"M","?","?","M","?","E","M","E","T","$","M","E"],"character_chosen":"WATCHER","items_purchased":["TalkToTheHand","AttackPotion","SpiritShield+1","Secret Technique+1","Halt+1","Weak Potion"],"campfire_rested":1,"item_purchase_floors":[3,3,27,27,27,27],"current_hp_per_floor":[67,56,56,56,56,56,26,26,26,13,35,25,25,25,25,18,60,49,49,28,28,28,21,21,8,8,8,8,0,0],"gold":59,"neow_bonus":"TEN_PERCENT_HP_BONUS","is_daily":false,"chose_seed":false,"campfire_upgraded":3,"win_rate":0.0,"timestamp":1607809978,"path_taken":["M","?","$","?","M","R","E","R","T","E","R","E","?","?","R","BOSS","M","?","?","M","?","E","M","E","T","$","M","E"],"items_purchased_type":["Card","Potion","Card","Card","Card","Potion"],"build_version":"2020-11-30","purchased_purges":1,"victory":false,"max_hp_per_floor":[74,74,74,74,74,74,74,74,74,74,74,74,74,74,74,74,74,74,74,79,79,79,79,79,79,79,79,79,79,79],"card_choices":[{"not_picked":["Fasting2","Consecrate"],"picked":"Tantrum","floor":1.0},{"not_picked":["FlurryOfBlows","Evaluate"],"picked":"MentalFortress","floor":5.0},{"not_picked":["BattleHymn","Protect"],"picked":"InnerPeace","floor":7.0},{"not_picked":["WindmillStrike","Sanctity"],"picked":"InnerPeace","floor":10.0},{"not_picked":["Blasphemy","ReachHeaven"],"picked":"Meditate","floor":12.0},{"not_picked":["Consecrate","JustLucky"],"picked":"MentalFortress","floor":13.0},{"not_picked":["Ragnarok","LessonLearned"],"picked":"Establishment","floor":16.0},{"not_picked":["Tantrum","FlyingSleeves"],"picked":"Study+1","floor":18.0},{"not_picked":["InnerPeace","SandsOfTime","EmptyBody"],"picked":"SKIP","floor":21.0},{"not_picked":["BowlingBash","Crescendo","ThirdEye"],"picked":"SKIP","floor":23.0},{"not_picked":["EmptyBody","Crescendo","Vengeance"],"picked":"SKIP","floor":24.0},{"not_picked":["Collect","Halt","Vengeance"],"picked":"SKIP","floor":25.0},{"not_picked":["WheelKick","Consecrate"],"picked":"Wallop","floor":28.0}],"player_experience":4179939,"relics_obtained":[{"floor":7.0,"key":"Bottled Flame"},{"floor":9.0,"key":"Lantern"},{"floor":10.0,"key":"Damaru"},{"floor":12.0,"key":"Bag of Marbles"},{"floor":13.0,"key":"Odd Mushroom"},{"floor":23.0,"key":"Pocketwatch"},{"floor":25.0,"key":"CeramicFish"},{"floor":26.0,"key":"Toxic Egg 2"}],"event_choices":[{"damage_healed":0.0,"max_hp_gain":0.0,"max_hp_loss":0.0,"gold_gain":75.0,"event_name":"World of Goop","player_choice":"Gather Gold","floor":2.0,"gold_loss":0.0,"damage_taken":11.0},{"damage_healed":0.0,"max_hp_gain":0.0,"max_hp_loss":0.0,"gold_gain":0.0,"event_name":"Living Wall","player_choice":"Grow","floor":4.0,"gold_loss":0.0,"damage_taken":0.0,"cards_upgraded":["TalkToTheHand"]},{"damage_healed":0.0,"max_hp_gain":0.0,"max_hp_loss":0.0,"gold_gain":0.0,"event_name":"Mushrooms","player_choice":"Fought Mushrooms","floor":13.0,"gold_loss":0.0,"damage_taken":0.0},{"damage_healed":0.0,"max_hp_gain":0.0,"max_hp_loss":0.0,"gold_gain":50.0,"event_name":"Golden Shrine","player_choice":"Pray","floor":14.0,"gold_loss":0.0,"damage_taken":0.0},{"damage_healed":0.0,"max_hp_gain":0.0,"max_hp_loss":0.0,"gold_gain":0.0,"event_name":"Vampires","player_choice":"Ignored","floor":19.0,"gold_loss":0.0,"damage_taken":0.0},{"damage_healed":0.0,"max_hp_gain":5.0,"max_hp_loss":0.0,"gold_gain":0.0,"event_name":"Forgotten Altar","player_choice":"Shed Blood","floor":20.0,"gold_loss":0.0,"damage_taken":26.0},{"damage_healed":0.0,"max_hp_gain":0.0,"max_hp_loss":0.0,"gold_gain":0.0,"cards_transformed":["Worship"],"event_name":"Transmorgrifier","player_choice":"Transformed","floor":22.0,"gold_loss":0.0,"damage_taken":0.0,"cards_obtained":["WreathOfFlame"]}],"is_beta":false,"boss_relics":[{"not_picked":["Ectoplasm","Coffee Dripper"],"picked":"Pandora\u0027s Box"}],"items_purged_floors":[27],"is_endless":false,"potions_floor_spawned":[1,16,21,24,28],"killed_by":"Slavers","ascension_level":20}}