{"host":"pgqkv8mh62pnrbci","time":1607746267,"event":{"mods":["AchievementEnabler","BaseMod","Custom Start","Minty Spire (QoL Compilation)","Replay The Spire","StSLib","SuperFastMode","¡¼?Úª?ø«¡½REMEMod"],"gold_per_floor":[361,47,47,59,72,72,90,100,124,158,173,193,193,210,210,210,210],"floor_reached":16,"playtime":764,"items_purged":[],"score":207,"play_id":"dff0ac54-0cec-4b98-8916-83dd5983ba10","local_time":"20201212131107","is_ascension_mode":true,"campfire_choices":[{"data":"Abandon","floor":6.0,"key":"SMITH"},{"data":"Armaments","floor":13.0,"key":"SMITH"},{"data":"True Grit","floor":15.0,"key":"SMITH"}],"circlet_count":0,"master_deck":["AscendersBane","Strike_R","Strike_R","Strike_R","Strike_R","Defend_R","Defend_R","Defend_R","Defend_R","Bash","DeusExMachina","Shrug It Off","Feel No Pain","Shrug It Off","Abandon+1","Pummel","Fire Breathing","Hemokinesis","Armaments+1","True Grit+1"],"relics":["Burning Blood","REME_ComplimentaryCards","ReplayTheSpireMod:TigerMarble","Orichalcum","Akabeko"],"acts_visited":["Exordium"],"potions_floor_usage":[16,16],"damage_taken":[{"damage":12.0,"enemies":"Small Slimes","floor":1.0,"turns":3.0},{"damage":0.0,"enemies":"Cultist","floor":4.0,"turns":2.0},{"damage":1.0,"enemies":"2 Louse","floor":5.0,"turns":3.0},{"damage":6.0,"enemies":"2 Fungi Beasts","floor":7.0,"turns":5.0},{"damage":8.0,"enemies":"Blue Slaver","floor":8.0,"turns":6.0},{"damage":49.0,"enemies":"Replay:BlueRogue","floor":10.0,"turns":14.0},{"damage":2.0,"enemies":"Exordium Wildlife","floor":11.0,"turns":2.0},{"damage":8.0,"enemies":"Large Slime","floor":12.0,"turns":6.0},{"damage":2.0,"enemies":"Lots of Slimes","floor":14.0,"turns":4.0},{"damage":30,"enemies":"The Guardian","floor":16,"turns":6}],"seed_played":"-2137529678379316182","potions_obtained":[{"floor":1.0,"key":"SkillPotion"},{"floor":7.0,"key":"Swift Potion"},{"floor":12.0,"key":"AttackPotion"}],"is_trial":false,"path_per_floor":["M","$","?","M","M","R","M","M","T","E","M","M","R","M","R","B"],"character_chosen":"IRONCLAD","items_purchased":["Feel No Pain","ReplayTheSpireMod:TigerMarble","Shrug It Off"],"campfire_rested":0,"item_purchase_floors":[2,2,2],"current_hp_per_floor":[62,62,62,68,68,68,68,66,66,23,27,25,25,29,29,0,0],"gold":210,"neow_bonus":"TWO_FIFTY_GOLD","is_daily":false,"chose_seed":false,"campfire_upgraded":3,"win_rate":0.0,"timestamp":1607746267,"path_taken":["M","$","?","M","M","R","M","M","T","E","M","M","R","M","R","BOSS"],"items_purchased_type":["Card","Relic","Card"],"build_version":"2020-11-30","purchased_purges":0,"victory":false,"max_hp_per_floor":[68,68,68,68,68,68,68,68,68,68,68,68,68,68,68,68,68],"card_choices":[{"not_picked":["Run Through","REME_SingleHolding"],"picked":"Shrug It Off","floor":1.0},{"not_picked":["Sword Boomerang","Fire Breathing"],"picked":"Abandon","floor":4.0},{"not_picked":["Wild Strike","Pommel Strike"],"picked":"Pummel","floor":5.0},{"not_picked":["Sword Boomerang","ReplayTheSpireMod:Limb From Limb","Shrug It Off"],"picked":"SKIP","floor":7.0},{"not_picked":["Anger","Berserk"],"picked":"Fire Breathing","floor":8.0},{"not_picked":["Thunderclap","Flex"],"picked":"Hemokinesis","floor":10.0},{"not_picked":["Sever Soul","ReplayTheSpireMod:Muscle Training","True Grit"],"picked":"SKIP","floor":11.0},{"not_picked":["Seeing Red","Life Link"],"picked":"Armaments","floor":12.0},{"not_picked":["Life Link","Armaments"],"picked":"True Grit","floor":14.0}],"player_experience":539502,"relics_obtained":[{"floor":9.0,"key":"Orichalcum"},{"floor":10.0,"key":"Akabeko"}],"event_choices":[{"cards_removed":["Strike_R"],"damage_healed":0.0,"max_hp_gain":0.0,"max_hp_loss":0.0,"gold_gain":0.0,"event_name":"Purifier","player_choice":"Purged","floor":3.0,"gold_loss":0.0,"damage_taken":0.0}],"is_beta":false,"boss_relics":[],"items_purged_floors":[],"is_endless":false,"potions_floor_spawned":[1,7,12,14],"killed_by":"The Guardian","ascension_level":19}}