{"host":"udzsrhbqdxqtlypj","time":1607795017,"event":{"mods":["BaseMod","Minty Spire (QoL Compilation)","Relic Stats"],"gold_per_floor":[119,134,134,153,53,53,80,80,80,80,80,94,120,177,177,282,282,292,292,105,105,116,116,145,145,145,145,76,86,119,134,134,230,230,244,244,263,277,111,111,111,138,212,225,239,270,270,57,57,57,57,57,9,39,39],"floor_reached":56,"playtime":5532,"items_purged":["Strike_G","Pain","Strike_G"],"score":1752,"play_id":"79864052-14df-458b-8177-9c062836a6d7","local_time":"20201212114337","is_ascension_mode":true,"campfire_choices":[{"data":"Catalyst","floor":6,"key":"SMITH"},{"data":"Crippling Poison","floor":8,"key":"SMITH"},{"data":"Deadly Poison","floor":11,"key":"SMITH"},{"data":"Well Laid Plans","floor":15,"key":"SMITH"},{"data":"Malaise","floor":23,"key":"SMITH"},{"data":"Good Instincts","floor":25,"key":"SMITH"},{"data":"Calculated Gamble","floor":32,"key":"SMITH"},{"floor":40,"key":"REST"},{"floor":47,"key":"RECALL"},{"data":"Sadistic Nature","floor":49,"key":"SMITH"},{"data":"Tools of the Trade","floor":52,"key":"SMITH"}],"circlet_count":0,"master_deck":["AscendersBane","Strike_G","Strike_G","Defend_G","Defend_G","Defend_G","Defend_G","Survivor","Neutralize","Bouncing Flask+1","Catalyst+1","Deadly Poison+1","Crippling Poison+1","Deadly Poison","Well Laid Plans+1","Malaise+1","Good Instincts+1","Calculated Gamble+1","Storm of Steel","Deflect","Tools of the Trade+1","Reflex+1","Chrysalis","Sadistic Nature+1","Backflip+1","Catalyst+1","Dark Shackles","Footwork"],"relics":["Ring of the Snake","FossilizedHelix","StrikeDummy","Juzu Bracelet","Pantograph","Incense Burner","Runic Pyramid","WarpedTongs","Mango","Matryoshka","Omamori","Velvet Choker","Ginger","Anchor","Calipers","White Beast Statue"],"acts_visited":["Exordium","TheCity","TheBeyond","TheEnding"],"potions_floor_usage":[24,24,31,33,35,50,54,55],"damage_taken":[{"damage":0,"enemies":"Jaw Worm","floor":1,"turns":5},{"damage":0,"enemies":"2 Louse","floor":2,"turns":3},{"damage":0,"enemies":"Cultist","floor":4,"turns":4},{"damage":2,"enemies":"Lagavulin","floor":7,"turns":4},{"damage":0,"enemies":"Looter","floor":12,"turns":3},{"damage":24,"enemies":"3 Sentries","floor":13,"turns":5},{"damage":0,"enemies":"Lagavulin Event","floor":14,"turns":3},{"damage":14,"enemies":"Hexaghost","floor":16,"turns":7},{"damage":6,"enemies":"Chosen","floor":18,"turns":3},{"damage":1,"enemies":"2 Thieves","floor":22,"turns":5},{"damage":15,"enemies":"Slavers","floor":24,"turns":5},{"damage":0,"enemies":"3 Cultists","floor":29,"turns":5},{"damage":1,"enemies":"Book of Stabbing","floor":30,"turns":6},{"damage":4,"enemies":"Sentry and Sphere","floor":31,"turns":5},{"damage":27,"enemies":"Collector","floor":33,"turns":6},{"damage":11,"enemies":"3 Darklings","floor":35,"turns":5},{"damage":0,"enemies":"3 Shapes","floor":37,"turns":4},{"damage":21,"enemies":"3 Darklings","floor":38,"turns":5},{"damage":0,"enemies":"Giant Head","floor":42,"turns":6},{"damage":0,"enemies":"Sphere and 2 Shapes","floor":44,"turns":4},{"damage":0,"enemies":"Transient","floor":45,"turns":5},{"damage":0,"enemies":"Nemesis","floor":46,"turns":5},{"damage":15,"enemies":"Awakened One","floor":50,"turns":19},{"damage":53,"enemies":"Shield and Spear","floor":54,"turns":8},{"damage":7,"enemies":"The Heart","floor":55,"turns":6}],"seed_played":"-192507177271452995","potions_obtained":[{"floor":2,"key":"DuplicationPotion"},{"floor":12,"key":"Explosive Potion"},{"floor":16,"key":"AttackPotion"},{"floor":30,"key":"Weak Potion"},{"floor":31,"key":"DistilledChaos"},{"floor":35,"key":"AttackPotion"},{"floor":42,"key":"Weak Potion"}],"is_trial":false,"path_per_floor":["M","M","?","M","$","R","E","R","T","?","R","M","E","?","R","B",null,"M","?","$","?","M","R","E","R","T","?","$","M","E","M","R","B",null,"M","?","M","M","$","R","?","E","T","M","M","E","R","$","R","B",null,"R","$","E","B",null],"character_chosen":"THE_SILENT","items_purchased":["Deadly Poison","Good Instincts","Calculated Gamble","Sadistic Nature","Dark Shackles","Poison Potion"],"campfire_rested":1,"item_purchase_floors":[5,20,28,39,48,53],"current_hp_per_floor":[63,63,56,56,56,56,54,54,54,54,54,54,30,30,30,41,58,52,52,52,52,51,51,50,50,50,38,38,38,37,33,33,31,66,55,55,55,34,34,57,57,57,57,57,57,57,57,57,57,62,73,73,73,20,38],"gold":39,"neow_bonus":"ONE_RARE_RELIC","is_daily":false,"chose_seed":false,"campfire_upgraded":9,"win_rate":0.0,"timestamp":1607795017,"path_taken":["M","M","?","M","$","R","E","R","T","?","R","M","E","?","R","BOSS","M","?","$","?","M","R","E","R","T","?","?","M","E","M","R","BOSS","M","?","M","M","$","R","?","E","T","M","M","E","R","$","R","BOSS","R","$","E","BOSS"],"items_purchased_type":["Card","Card","Card","Card","Card","Potion"],"build_version":"2020-11-30","purchased_purges":3,"victory":true,"max_hp_per_floor":[63,63,63,63,63,63,63,63,63,63,63,63,63,63,63,63,63,63,63,63,63,63,63,77,77,77,77,77,77,77,77,77,77,77,77,77,77,77,77,77,77,77,77,77,77,77,77,77,77,77,77,77,77,77,77],"relic_stats":{"counters":[25,136],"Pantograph":95,"Juzu Bracelet":3,"Ginger":[2],"obtain_stats":[{"Calipers":46,"Velvet Choker":34,"Mango":24,"Juzu Bracelet":9,"Incense Burner":14,"Omamori":30,"Ginger":42,"White Beast Statue":54,"WarpedTongs":19,"Anchor":43,"Matryoshka":26,"Pantograph":13,"StrikeDummy":7,"FossilizedHelix":0,"Ring of the Snake":0,"Runic Pyramid":17},{"Calipers":22,"Velvet Choker":15,"Mango":11,"Juzu Bracelet":4,"Incense Burner":7,"Omamori":13,"Ginger":19,"White Beast Statue":24,"WarpedTongs":9,"Anchor":19,"Matryoshka":11,"Pantograph":6,"StrikeDummy":4,"FossilizedHelix":0,"Ring of the Snake":0,"Runic Pyramid":8},{"Calipers":103,"Velvet Choker":69,"Mango":47,"Juzu Bracelet":16,"Incense Burner":27,"Omamori":58,"Ginger":89,"White Beast Statue":130,"WarpedTongs":37,"Anchor":89,"Matryoshka":47,"Pantograph":24,"StrikeDummy":16,"FossilizedHelix":0,"Ring of the Snake":0,"Runic Pyramid":34}],"Ring of the Snake":[50],"WarpedTongs":[96]},"card_choices":[{"not_picked":["Bane","Prepared"],"picked":"Bouncing Flask","floor":1},{"not_picked":["Expertise","Backflip","Prepared"],"picked":"SKIP","floor":2},{"not_picked":["Finisher","Expertise"],"picked":"Catalyst","floor":4},{"not_picked":["Infinite Blades","Backflip"],"picked":"Crippling Poison","floor":7},{"not_picked":["A Thousand Cuts","Quick Slash"],"picked":"Deadly Poison","floor":12},{"not_picked":["Bane","Dagger Spray"],"picked":"Well Laid Plans","floor":13},{"not_picked":["Unload","After Image"],"picked":"Malaise","floor":16},{"not_picked":["Acrobatics","Quick Slash","Underhanded Strike"],"picked":"SKIP","floor":18},{"not_picked":["Blade Dance","Slice","Dodge and Roll"],"picked":"SKIP","floor":22},{"not_picked":["Blade Dance","Distraction","Eviscerate"],"picked":"SKIP","floor":24},{"not_picked":["Blade Dance","Bane","Dash"],"picked":"SKIP","floor":29},{"not_picked":["Sucker Punch","Outmaneuver"],"picked":"Storm of Steel","floor":30},{"not_picked":["Finisher+1","Bane"],"picked":"Deflect","floor":31},{"not_picked":["Unload","Storm of Steel"],"picked":"Tools of the Trade","floor":33},{"not_picked":["Distraction+1","Quick Slash"],"picked":"Reflex+1","floor":35},{"not_picked":["Metamorphosis","Panache"],"picked":"Chrysalis","floor":36},{"not_picked":["Backflip","Caltrops","Heel Hook+1"],"picked":"SKIP","floor":37},{"not_picked":["Eviscerate+1","Quick Slash+1","Blur"],"picked":"SKIP","floor":38},{"not_picked":["Dagger Spray","Grand Finale","Predator"],"picked":"SKIP","floor":42},{"not_picked":["Dagger Throw","Eviscerate+1","Bane+1"],"picked":"SKIP","floor":44},{"not_picked":["Expertise+1","Poisoned Stab"],"picked":"Backflip+1","floor":45},{"not_picked":["Cloak And Dagger+1","Unload"],"picked":"Catalyst+1","floor":46},{"not_picked":["Bane+1","Poisoned Stab"],"picked":"Footwork","floor":54}],"player_experience":2592115,"relics_obtained":[{"floor":7,"key":"StrikeDummy"},{"floor":9,"key":"Juzu Bracelet"},{"floor":13,"key":"Pantograph"},{"floor":14,"key":"Incense Burner"},{"floor":24,"key":"Mango"},{"floor":26,"key":"Matryoshka"},{"floor":30,"key":"Omamori"},{"floor":42,"key":"Ginger"},{"floor":43,"key":"Anchor"},{"floor":46,"key":"Calipers"},{"floor":54,"key":"White Beast Statue"}],"event_choices":[{"cards_removed":["Defend_G"],"damage_healed":0,"gold_gain":0,"player_choice":"Card Removal","damage_taken":7,"max_hp_gain":0,"max_hp_loss":0,"event_name":"Golden Wing","floor":3,"gold_loss":0},{"damage_healed":0,"gold_gain":0,"player_choice":"Upgraded","damage_taken":0,"max_hp_gain":0,"max_hp_loss":0,"event_name":"Upgrade Shrine","floor":10,"gold_loss":0,"cards_upgraded":["Bouncing Flask"]},{"damage_healed":0,"gold_gain":0,"player_choice":"Searched \u00271\u0027 times","damage_taken":0,"max_hp_gain":0,"max_hp_loss":0,"event_name":"Dead Adventurer","floor":14,"gold_loss":0},{"damage_healed":0,"gold_gain":0,"player_choice":"Rummage","damage_taken":0,"relics_obtained":["WarpedTongs"],"max_hp_gain":0,"max_hp_loss":0,"event_name":"Accursed Blacksmith","floor":19,"gold_loss":0,"cards_obtained":["Pain"]},{"damage_healed":0,"gold_gain":0,"player_choice":"0 cards matched","damage_taken":0,"max_hp_gain":0,"max_hp_loss":0,"event_name":"Match and Keep!","floor":21,"gold_loss":0,"cards_obtained":[]},{"damage_healed":0,"gold_gain":0,"player_choice":"POTION ","damage_taken":12,"max_hp_gain":0,"max_hp_loss":0,"event_name":"Knowing Skull","floor":27,"potions_obtained":["SteroidPotion"],"gold_loss":0,"cards_obtained":[]},{"damage_healed":0,"gold_gain":0,"player_choice":"Memory 1","damage_taken":0,"max_hp_gain":0,"max_hp_loss":0,"event_name":"SensoryStone","floor":36,"gold_loss":0},{"cards_removed":["Strike_G"],"damage_healed":0,"gold_gain":0,"player_choice":"Removed Attack","damage_taken":0,"max_hp_gain":0,"max_hp_loss":0,"event_name":"Falling","floor":41,"gold_loss":0}],"is_beta":false,"boss_relics":[{"not_picked":["Astrolabe","Pandora\u0027s Box"],"picked":"Runic Pyramid"},{"not_picked":["Black Star","Coffee Dripper"],"picked":"Velvet Choker"}],"items_purged_floors":[5,20,48],"is_endless":false,"potions_floor_spawned":[2,12,16,30,31,35,42,44,45],"ascension_level":10}}