{"host":"b3ffc6bdvud3tp8m","time":1607813655,"event":{"mods":["AchievementEnabler","BaseMod","Colored Map","Colored Powertips","Highlight Path","Minty Spire (QoL Compilation)","Rare Cards Sparkle","SuperFastMode","slay the spire mod where everything is the same but ironclad has a cowboy hat"],"gold_per_floor":[119,119,134,147,160,160,171,171,245,265,279,289,307,332,332,435,435,455,455,482,499,598,598,625,640,689,704,722,270,185,210,210,306,306,318,46,58,280,280,280,298,311,335,350,350,350,350,372,384,396,408,420,45,70,70],"floor_reached":56,"playtime":6263,"items_purged":["Strike_R","Strike_R"],"score":1170,"play_id":"8cd2ce0e-5c87-4765-ae0e-3182b968330a","local_time":"20201212225415","is_ascension_mode":false,"campfire_choices":[{"data":"Bash","floor":6,"key":"SMITH"},{"data":"Dual Wield","floor":8,"key":"SMITH"},{"data":"Warcry","floor":15,"key":"SMITH"},{"floor":23,"key":"REST"},{"data":"Barricade","floor":32,"key":"SMITH"},{"data":"Entrench","floor":40,"key":"SMITH"},{"floor":45,"key":"RECALL"},{"floor":47,"key":"DIG"},{"floor":49,"key":"REST"},{"floor":52,"key":"DIG"}],"circlet_count":0,"master_deck":["Strike_R","Defend_R","Defend_R","Defend_R","Defend_R","Bash+1","Dropkick","Dual Wield+1","Dropkick","Shrug It Off","Metallicize","Warcry+1","Fiend Fire","Bloodletting","Metallicize+1","Thunderclap+1","Barricade+1","Shrug It Off+1","Entrench+1","Burning Pact","Warcry","Secret Weapon","Dropkick+1"],"relics":["Burning Blood","Shuriken","Shovel","Runic Pyramid","Enchiridion","Red Mask","Bronze Scales","Bird Faced Urn","CaptainsWheel","StoneCalendar","Black Star","Centennial Puzzle","Bag of Marbles","MawBank","HornCleat","Champion Belt","Pocketwatch","Pantograph"],"acts_visited":["Exordium","TheCity","TheBeyond","TheEnding"],"potions_floor_usage":[14,16,16,16,16,24,25,28,33,41,41,50,50,55,55],"damage_taken":[{"damage":3,"enemies":"2 Louse","floor":1,"turns":5},{"damage":4,"enemies":"Cultist","floor":3,"turns":4},{"damage":2,"enemies":"Small Slimes","floor":4,"turns":4},{"damage":14,"enemies":"Blue Slaver","floor":5,"turns":4},{"damage":9,"enemies":"Exordium Wildlife","floor":7,"turns":6},{"damage":5,"enemies":"Looter","floor":10,"turns":2},{"damage":14,"enemies":"Blue Slaver","floor":11,"turns":3},{"damage":0,"enemies":"Large Slime","floor":12,"turns":4},{"damage":6,"enemies":"2 Fungi Beasts","floor":13,"turns":4},{"damage":6,"enemies":"3 Sentries","floor":14,"turns":14},{"damage":6,"enemies":"Slime Boss","floor":16,"turns":11},{"damage":10,"enemies":"Shell Parasite","floor":18,"turns":2},{"damage":24,"enemies":"Masked Bandits","floor":20,"turns":4},{"damage":6,"enemies":"2 Thieves","floor":21,"turns":3},{"damage":7,"enemies":"Book of Stabbing","floor":24,"turns":4},{"damage":12,"enemies":"Snecko","floor":25,"turns":4},{"damage":4,"enemies":"Centurion and Healer","floor":27,"turns":5},{"damage":3,"enemies":"Chosen and Byrds","floor":28,"turns":4},{"damage":21,"enemies":"Gremlin Leader","floor":31,"turns":4},{"damage":11,"enemies":"Automaton","floor":33,"turns":6},{"damage":8,"enemies":"3 Darklings","floor":35,"turns":6},{"damage":28,"enemies":"3 Shapes","floor":37,"turns":7},{"damage":52,"enemies":"Transient","floor":41,"turns":5},{"damage":14,"enemies":"4 Shapes","floor":42,"turns":6},{"damage":0,"enemies":"Spire Growth","floor":44,"turns":6},{"damage":6,"enemies":"3 Darklings","floor":48,"turns":6},{"damage":19,"enemies":"Donu and Deca","floor":50,"turns":7},{"damage":17,"enemies":"Shield and Spear","floor":54,"turns":6},{"damage":29,"enemies":"The Heart","floor":55,"turns":11}],"seed_played":"9199351267290153084","potions_obtained":[{"floor":2,"key":"CultistPotion"},{"floor":2,"key":"PowerPotion"},{"floor":2,"key":"DistilledChaos"},{"floor":5,"key":"EntropicBrew"},{"floor":7,"key":"BloodPotion"},{"floor":10,"key":"HeartOfIron"},{"floor":14,"key":"Regen Potion"},{"floor":20,"key":"Energy Potion"},{"floor":21,"key":"ColorlessPotion"},{"floor":25,"key":"HeartOfIron"},{"floor":28,"key":"Weak Potion"},{"floor":33,"key":"Energy Potion"},{"floor":44,"key":"AttackPotion"},{"floor":48,"key":"Block Potion"},{"floor":54,"key":"Block Potion"}],"is_trial":false,"path_per_floor":["M","?","M","M","M","R","M","R","T","M","M","M","M","E","R","B",null,"M","?","?","M","?","R","E","M","T","M","M","$","?","E","R","B",null,"M","$","M","?","?","R","M","M","T","M","R","?","R","M","R","B",null,"R","$","E","B",null],"character_chosen":"IRONCLAD","items_purchased":["Entrench","Bird Faced Urn","Warcry","Centennial Puzzle","Champion Belt","DuplicationPotion"],"campfire_rested":2,"item_purchase_floors":[29,29,36,36,53,53],"current_hp_per_floor":[72,72,72,72,64,64,61,61,61,62,54,60,60,60,60,72,72,68,52,34,34,34,55,54,48,48,50,53,53,53,50,50,57,72,72,72,53,53,53,53,27,27,27,43,43,43,43,51,72,61,72,72,72,63,51],"gold":70,"neow_bonus":"REMOVE_TWO","is_daily":false,"chose_seed":false,"campfire_upgraded":5,"win_rate":0.0,"timestamp":1607813655,"path_taken":["M","?","M","M","M","R","M","R","T","M","?","M","?","E","R","BOSS","M","?","?","M","?","R","E","M","T","?","M","$","?","E","R","BOSS","M","$","M","?","?","R","M","M","T","M","R","?","R","M","R","BOSS","R","$","E","BOSS"],"items_purchased_type":["Card","Relic","Card","Relic","Relic","Potion"],"build_version":"2020-11-30","purchased_purges":2,"victory":true,"max_hp_per_floor":[72,72,72,72,72,72,72,72,72,72,72,72,72,72,72,72,72,72,72,72,72,72,72,72,72,72,72,72,72,72,72,72,72,72,72,72,72,72,72,72,72,72,72,72,72,72,72,72,72,72,72,72,72,72,72],"card_choices":[{"not_picked":["Body Slam","Headbutt"],"picked":"Dropkick","floor":1},{"not_picked":["Pummel","Warcry"],"picked":"Dual Wield","floor":3},{"not_picked":["Clash","Burning Pact"],"picked":"Dropkick","floor":4},{"not_picked":["Reckless Charge","Clash","Anger"],"picked":"SKIP","floor":5},{"not_picked":["Cleave","Clash","Immolate"],"picked":"SKIP","floor":7},{"not_picked":["Bloodletting","Sword Boomerang","Perfected Strike"],"picked":"SKIP","floor":10},{"not_picked":["Flex","Perfected Strike"],"picked":"Shrug It Off","floor":11},{"not_picked":["Pummel","Clash","Intimidate"],"picked":"SKIP","floor":12},{"not_picked":["Sword Boomerang","Reckless Charge"],"picked":"Metallicize","floor":13},{"not_picked":["Sentinel","Corruption"],"picked":"Warcry","floor":14},{"not_picked":["Limit Break","Juggernaut"],"picked":"Fiend Fire","floor":16},{"not_picked":["Havoc","Anger"],"picked":"Bloodletting","floor":18},{"not_picked":["Reckless Charge","Shrug It Off"],"picked":"Metallicize+1","floor":20},{"not_picked":["Combust","Shrug It Off"],"picked":"Thunderclap+1","floor":21},{"not_picked":["Spot Weakness","Clash"],"picked":"Barricade","floor":24},{"not_picked":["Flex","Clash"],"picked":"Shrug It Off+1","floor":25},{"not_picked":["Uppercut+1","Inflame","Whirlwind"],"picked":"SKIP","floor":27},{"not_picked":["Flex","Hemokinesis","Wild Strike"],"picked":"SKIP","floor":28},{"not_picked":["Intimidate","Iron Wave"],"picked":"Burning Pact","floor":31},{"not_picked":["Sentinel","Headbutt","Combust+1"],"picked":"SKIP","floor":35},{"not_picked":["Cleave","Thunderclap","Anger"],"picked":"SKIP","floor":37},{"not_picked":["Flash of Steel","Chrysalis"],"picked":"Secret Weapon","floor":39},{"not_picked":["Iron Wave","Rampage+1","Headbutt+1"],"picked":"SKIP","floor":41},{"not_picked":["Rampage","Iron Wave+1"],"picked":"Dropkick+1","floor":42},{"not_picked":["Clothesline","Armaments","Heavy Blade+1"],"picked":"SKIP","floor":44},{"not_picked":["Entrench","Sword Boomerang","Feel No Pain+1"],"picked":"SKIP","floor":48},{"not_picked":["Double Tap","Clash","Thunderclap+1"],"picked":"SKIP","floor":54}],"player_experience":110727,"relics_obtained":[{"floor":9,"key":"Shuriken"},{"floor":14,"key":"Shovel"},{"floor":19,"key":"Enchiridion"},{"floor":20,"key":"Red Mask"},{"floor":24,"key":"Bronze Scales"},{"floor":31,"key":"StoneCalendar"},{"floor":43,"key":"Bag of Marbles"},{"floor":47,"key":"MawBank"},{"floor":52,"key":"HornCleat"},{"floor":54,"key":"Pocketwatch"},{"floor":54,"key":"Pantograph"}],"event_choices":[{"damage_healed":0,"gold_gain":0,"player_choice":"Got Potions","damage_taken":0,"max_hp_gain":0,"max_hp_loss":0,"event_name":"Lab","floor":2,"gold_loss":0},{"damage_healed":0,"gold_gain":0,"player_choice":"Obtained Book","damage_taken":16,"max_hp_gain":0,"max_hp_loss":0,"event_name":"Cursed Tome","floor":19,"gold_loss":0},{"damage_healed":0,"gold_gain":0,"player_choice":"Fought Bandits","damage_taken":0,"max_hp_gain":0,"max_hp_loss":0,"event_name":"Masked Bandits","floor":20,"gold_loss":0},{"damage_healed":0,"gold_gain":99,"player_choice":"Stole From Cult","damage_taken":0,"max_hp_gain":0,"max_hp_loss":0,"event_name":"Nest","floor":22,"gold_loss":0},{"damage_healed":0,"gold_gain":0,"player_choice":"Obtained Relic","damage_taken":0,"relics_obtained":["CaptainsWheel"],"max_hp_gain":0,"max_hp_loss":0,"event_name":"Addict","floor":30,"gold_loss":85},{"damage_healed":0,"gold_gain":222,"player_choice":"Wore Mask","damage_taken":0,"max_hp_gain":0,"max_hp_loss":0,"event_name":"Tomb of Lord Red Mask","floor":38,"gold_loss":0},{"damage_healed":0,"gold_gain":0,"player_choice":"Memory 1","damage_taken":0,"max_hp_gain":0,"max_hp_loss":0,"event_name":"SensoryStone","floor":39,"gold_loss":0},{"damage_healed":0,"gold_gain":0,"player_choice":"Ignored","damage_taken":0,"max_hp_gain":0,"max_hp_loss":0,"event_name":"Mysterious Sphere","floor":46,"gold_loss":0}],"is_beta":false,"boss_relics":[{"not_picked":["SlaversCollar","Velvet Choker"],"picked":"Runic Pyramid"},{"not_picked":["Calling Bell","Philosopher\u0027s Stone"],"picked":"Black Star"}],"items_purged_floors":[29,36],"is_endless":false,"potions_floor_spawned":[5,7,10,11,14,20,21,25,28,33,44,48,54],"ascension_level":0}}