{"host":"6jcxerjfmuawfds2","time":1607767797,"event":{"mods":["BaseMod","Minty Spire (QoL Compilation)","StSLib"],"gold_per_floor":[119,21,36,36,51,51,61,136,161,61,61,61,61,89,89,185,185,199,213,213,40,55,83,83,99,124,140,170,170,170,0,0,103,103,117,117,127,52,52,52,81,81,106,136,136,163,163,180,180,180],"floor_reached":51,"playtime":1707,"items_purged":["Strike_P","Defend_P","Strike_P","Strike_P+1"],"score":931,"play_id":"220586d3-5bae-43fa-b9f6-dc247f9ec8c7","local_time":"20201212190957","is_ascension_mode":true,"campfire_choices":[{"data":"Ragnarok","floor":6,"key":"SMITH"},{"data":"Eruption","floor":12,"key":"SMITH"},{"data":"Evaluate","floor":15,"key":"SMITH"},{"floor":24,"key":"REST"},{"data":"Devotion","floor":29,"key":"SMITH"},{"data":"Prostrate","floor":32,"key":"SMITH"},{"data":"Panache","floor":40,"key":"SMITH"},{"data":"Consecrate","floor":42,"key":"SMITH"},{"floor":45,"key":"REST"},{"floor":49,"key":"REST"}],"circlet_count":0,"master_deck":["Defend_P+1","Defend_P+1","Defend_P+1","Eruption+1","Vigilance+1","Ragnarok+1","Consecrate+1","Prostrate+1","Evaluate+1","Devotion+1","Swivel+1","Panache+1"],"relics":["HolyWater","Bag of Preparation","Orichalcum","Enchiridion","Bag of Marbles","Strawberry","Blood Vial","Membership Card","Runic Pyramid","Omamori","Centennial Puzzle","Ornamental Fan","Thread and Needle"],"acts_visited":["Exordium","TheCity","TheBeyond"],"potions_floor_usage":[14,14,16,23,33,37,41,41,46],"damage_taken":[{"damage":0,"enemies":"Small Slimes","floor":1,"turns":2},{"damage":0,"enemies":"Cultist","floor":3,"turns":2},{"damage":0,"enemies":"2 Louse","floor":5,"turns":1},{"damage":18,"enemies":"2 Fungi Beasts","floor":7,"turns":3},{"damage":0,"enemies":"Gremlin Nob","floor":14,"turns":3},{"damage":7,"enemies":"The Guardian","floor":16,"turns":8},{"damage":6,"enemies":"2 Thieves","floor":18,"turns":2},{"damage":0,"enemies":"3 Byrds","floor":19,"turns":4},{"damage":7,"enemies":"Centurion and Healer","floor":22,"turns":6},{"damage":24,"enemies":"Slavers","floor":23,"turns":5},{"damage":0,"enemies":"3 Cultists","floor":25,"turns":3},{"damage":0,"enemies":"Cultist and Chosen","floor":27,"turns":3},{"damage":3,"enemies":"Gremlin Leader","floor":28,"turns":5},{"damage":22,"enemies":"Automaton","floor":33,"turns":9},{"damage":0,"enemies":"Orb Walker","floor":35,"turns":1},{"damage":6,"enemies":"3 Darklings","floor":37,"turns":3},{"damage":2,"enemies":"Reptomancer","floor":41,"turns":5},{"damage":27,"enemies":"Giant Head","floor":44,"turns":6},{"damage":23,"enemies":"Reptomancer","floor":46,"turns":4},{"damage":0,"enemies":"Jaw Worm Horde","floor":48,"turns":3},{"damage":4,"enemies":"Donu and Deca","floor":50,"turns":6}],"seed_played":"-7944857898535161838","potions_obtained":[{"floor":1,"key":"Energy Potion"},{"floor":5,"key":"Block Potion"},{"floor":7,"key":"BottledMiracle"},{"floor":22,"key":"LiquidMemories"},{"floor":23,"key":"LiquidBronze"},{"floor":33,"key":"Explosive Potion"},{"floor":41,"key":"Swift Potion"}],"is_trial":false,"path_per_floor":["M","$","M","?","M","R","M","?","T","$","?","R","?","E","R","B",null,"M","M","?","$","M","E","R","M","T","M","E","R","?","$","R","B",null,"M","?","M","$","?","R","E","R","T","E","R","E","?","M","R","B",null],"character_chosen":"WATCHER","items_purchased":["Consecrate","Weak Potion","Membership Card","BlessingOfTheForge"],"campfire_rested":3,"item_purchase_floors":[2,21,31,31],"current_hp_per_floor":[72,72,72,72,72,72,54,43,43,43,36,36,36,36,36,29,72,66,66,50,50,43,19,40,40,47,47,44,44,44,44,44,24,79,79,75,69,69,69,69,69,69,69,44,66,45,45,47,69,67],"gold":180,"neow_bonus":"ONE_RANDOM_RARE_CARD","is_daily":false,"chose_seed":false,"campfire_upgraded":7,"win_rate":0.0,"timestamp":1607767797,"path_taken":["M","$","M","?","M","R","?","?","T","$","?","R","?","E","R","BOSS","M","M","?","$","M","E","R","M","T","M","E","R","?","$","R","BOSS","M","?","M","$","?","R","E","R","T","E","R","E","?","?","R","BOSS"],"items_purchased_type":["Card","Potion","Relic","Potion"],"build_version":"2020-11-30","purchased_purges":4,"victory":true,"max_hp_per_floor":[72,72,72,72,72,72,72,72,72,72,72,72,72,72,72,72,72,72,72,72,72,72,72,72,72,79,79,79,79,79,79,79,79,79,79,75,75,75,75,75,75,75,75,75,75,75,75,75,75,75],"card_choices":[{"not_picked":["Perseverance","Study","CrushJoints"],"picked":"SKIP","floor":1},{"not_picked":["Protect","SashWhip"],"picked":"Prostrate","floor":3},{"not_picked":["CrushJoints","Consecrate","JustLucky"],"picked":"SKIP","floor":5},{"not_picked":["EmptyFist","Indignation","EmptyBody"],"picked":"SKIP","floor":7},{"not_picked":["ForeignInfluence","Crescendo"],"picked":"Evaluate","floor":14},{"not_picked":["Blasphemy","MasterReality"],"picked":"Devotion","floor":16},{"not_picked":["FollowUp","Worship"],"picked":"Swivel+1","floor":18},{"not_picked":["ThirdEye","MentalFortress","ClearTheMind"],"picked":"SKIP","floor":19},{"not_picked":["Consecrate","EmptyMind","Worship"],"picked":"SKIP","floor":22},{"not_picked":["ThirdEye","BowlingBash+1","CutThroughFate+1"],"picked":"SKIP","floor":23},{"not_picked":["BowlingBash","ClearTheMind","FlurryOfBlows"],"picked":"SKIP","floor":25},{"not_picked":["SashWhip","Adaptation+1","JustLucky"],"picked":"SKIP","floor":27},{"not_picked":["Alpha","EmptyMind","ThirdEye"],"picked":"SKIP","floor":28},{"not_picked":["Crescendo+1","Evaluate+1","CrushJoints"],"picked":"SKIP","floor":35},{"not_picked":["ClearTheMind","Weave+1","FlurryOfBlows"],"picked":"SKIP","floor":37},{"not_picked":["PanicButton","Bandage Up"],"picked":"Panache","floor":39},{"not_picked":["Crescendo+1","BowlingBash","Weave"],"picked":"SKIP","floor":41},{"not_picked":["Evaluate+1","ReachHeaven+1","Judgement"],"picked":"SKIP","floor":44},{"not_picked":["JustLucky","Study+1","FollowUp+1"],"picked":"SKIP","floor":46},{"not_picked":["Worship","FlurryOfBlows","Prostrate"],"picked":"SKIP","floor":48}],"player_experience":124134,"relics_obtained":[{"floor":9,"key":"Bag of Preparation"},{"floor":14,"key":"Orichalcum"},{"floor":20,"key":"Enchiridion"},{"floor":23,"key":"Bag of Marbles"},{"floor":26,"key":"Strawberry"},{"floor":28,"key":"Blood Vial"},{"floor":41,"key":"Omamori"},{"floor":43,"key":"Centennial Puzzle"},{"floor":44,"key":"Ornamental Fan"},{"floor":46,"key":"Thread and Needle"}],"event_choices":[{"damage_healed":0,"gold_gain":0,"player_choice":"Full Heal","damage_taken":0,"max_hp_gain":0,"max_hp_loss":0,"event_name":"Wheel of Change","floor":4,"gold_loss":0},{"damage_healed":0,"gold_gain":75,"player_choice":"Gather Gold","damage_taken":11,"max_hp_gain":0,"max_hp_loss":0,"event_name":"World of Goop","floor":8,"gold_loss":0},{"cards_removed":["Strike_P"],"damage_healed":0,"gold_gain":0,"player_choice":"Card Removal","damage_taken":7,"max_hp_gain":0,"max_hp_loss":0,"event_name":"Golden Wing","floor":11,"gold_loss":0},{"damage_healed":0,"gold_gain":0,"player_choice":"Ignored","damage_taken":0,"max_hp_gain":0,"max_hp_loss":0,"event_name":"Liars Game","floor":13,"gold_loss":0},{"damage_healed":0,"gold_gain":0,"player_choice":"Obtained Book","damage_taken":16,"max_hp_gain":0,"max_hp_loss":0,"event_name":"Cursed Tome","floor":20,"gold_loss":0},{"damage_healed":0,"gold_gain":0,"player_choice":"Simplicity","damage_taken":0,"max_hp_gain":0,"max_hp_loss":0,"event_name":"Back to Basics","floor":30,"gold_loss":0,"cards_upgraded":["Strike_P","Defend_P","Defend_P","Defend_P"]},{"damage_healed":0,"gold_gain":0,"player_choice":"Max HP","damage_taken":0,"max_hp_gain":0,"max_hp_loss":4,"event_name":"Winding Halls","floor":36,"gold_loss":0},{"damage_healed":0,"gold_gain":0,"player_choice":"Memory 1","damage_taken":0,"max_hp_gain":0,"max_hp_loss":0,"event_name":"SensoryStone","floor":39,"gold_loss":0},{"damage_healed":0,"gold_gain":0,"player_choice":"Forge","damage_taken":0,"max_hp_gain":0,"max_hp_loss":0,"event_name":"Accursed Blacksmith","floor":47,"gold_loss":0,"cards_upgraded":["Vigilance"]}],"is_beta":false,"boss_relics":[{"not_picked":["Sozu","Runic Dome"],"picked":"HolyWater"},{"not_picked":["VioletLotus","Pandora\u0027s Box"],"picked":"Runic Pyramid"}],"items_purged_floors":[2,10,21,38],"is_endless":false,"potions_floor_spawned":[1,5,7,22,23,33,41],"ascension_level":1}}