{"host":"7tvb1em0d2fx72q7","time":1607751575,"event":{"mods":["BaseMod","Challenge The Spire","Minty Spire (QoL Compilation)","StSLib","everything is the same but u backflip on backflip"],"gold_per_floor":[112,128,139,150,300,300,319,6,6,41,41,57,57,75,75,165,165,188,188,188,207,207,207,23,57,126,126,126],"floor_reached":27,"playtime":1829,"items_purged":["Doubt","Aggregate"],"score":466,"play_id":"6352ef16-70c0-4b6d-89d8-2f42b14280b8","local_time":"20201212003935","is_ascension_mode":true,"campfire_choices":[{"data":"Consume","floor":6,"key":"SMITH"},{"floor":13,"key":"REST"},{"data":"Defragment","floor":15,"key":"SMITH"},{"data":"Creative AI","floor":23,"key":"SMITH"}],"circlet_count":0,"master_deck":["AscendersBane","Zap","Dualcast","Doom and Gloom","Leap","Cold Snap","Consume+1","Cold Snap","Defragment+1","Buffer","Redo","Static Discharge","Creative AI+1","Static Discharge","Buffer","Stack","Lockon","Loop","Thunder Strike","Cold Snap","Redo","Creative AI","Recycle+1","Storm","Glacier"],"relics":["Cracked Core","Vajra","DataDisk","Mummified Hand","Kunai","Golden Idol","Pandora\u0027s Box","InkBottle","Molten Egg 2"],"acts_visited":["Exordium","TheCity"],"potions_floor_usage":[27],"damage_taken":[{"damage":1,"enemies":"Cultist","floor":1,"turns":3},{"damage":8,"enemies":"2 Louse","floor":2,"turns":2},{"damage":0,"enemies":"Jaw Worm","floor":3,"turns":3},{"damage":11,"enemies":"3 Louse","floor":4,"turns":3},{"damage":8,"enemies":"Red Slaver","floor":7,"turns":4},{"damage":18,"enemies":"Lagavulin","floor":10,"turns":6},{"damage":7,"enemies":"Blue Slaver","floor":12,"turns":3},{"damage":5,"enemies":"Looter","floor":14,"turns":3},{"damage":7,"enemies":"Hexaghost","floor":16,"turns":9},{"damage":4,"enemies":"3 Byrds","floor":18,"turns":8},{"damage":22,"enemies":"2 Thieves","floor":21,"turns":3},{"damage":34,"enemies":"Gremlin Leader","floor":25,"turns":5},{"damage":14,"enemies":"Colosseum Slavers","floor":27,"turns":5},{"damage":14,"enemies":"Colosseum Nobs","floor":27,"turns":3}],"seed_played":"-6875596591975784320","potions_obtained":[{"floor":3,"key":"Dexterity Potion"},{"floor":10,"key":"ColorlessPotion"},{"floor":12,"key":"Energy Potion"},{"floor":18,"key":"FairyPotion"}],"is_trial":false,"path_per_floor":["M","M","M","M","?","R","M","$","T","E","?","M","R","M","R","B",null,"M","?","?","M","?","R","$","E","T","?"],"character_chosen":"DEFECT","items_purchased":["DataDisk","Defragment","Storm"],"campfire_rested":1,"item_purchase_floors":[8,8,24],"current_hp_per_floor":[63,55,55,44,44,44,36,36,36,18,18,11,30,25,25,18,53,49,49,49,27,27,27,27,19,19,0,0],"gold":126,"neow_bonus":"RANDOM_COMMON_RELIC","is_daily":false,"chose_seed":false,"campfire_upgraded":3,"win_rate":0.0,"timestamp":1607751575,"path_taken":["M","M","M","M","?","R","M","$","T","E","?","M","R","M","R","BOSS","M","?","?","?","?","R","$","E","T","?"],"items_purchased_type":["Relic","Card","Card"],"build_version":"2020-11-30","purchased_purges":2,"victory":false,"max_hp_per_floor":[71,71,71,71,71,71,71,71,71,71,64,64,64,64,64,64,64,64,64,64,64,64,64,64,64,64,64,64],"card_choices":[{"not_picked":["Hologram","Chaos"],"picked":"Doom and Gloom","floor":1},{"not_picked":["Redo","Gash"],"picked":"Leap","floor":2},{"not_picked":["Steam Power","Rebound"],"picked":"Cold Snap","floor":3},{"not_picked":["Conserve Battery","Loop"],"picked":"Consume","floor":4},{"not_picked":["Sweeping Beam","Consume"],"picked":"Cold Snap","floor":7},{"not_picked":["Blizzard","Consume"],"picked":"Buffer","floor":10},{"not_picked":["Streamline","Darkness"],"picked":"Redo","floor":12},{"not_picked":["Aggregate","Go for the Eyes"],"picked":"Static Discharge","floor":14},{"not_picked":["Machine Learning","Rainbow"],"picked":"Creative AI","floor":16},{"not_picked":["Beam Cell","Rebound"],"picked":"Redo","floor":18},{"not_picked":["Genetic Algorithm","Skim+1"],"picked":"Recycle+1","floor":21},{"not_picked":["Force Field","Melter"],"picked":"Glacier","floor":25}],"player_experience":1828735,"relics_obtained":[{"floor":9,"key":"Mummified Hand"},{"floor":10,"key":"Kunai"},{"floor":25,"key":"InkBottle"},{"floor":26,"key":"Molten Egg 2"}],"event_choices":[{"damage_healed":0,"gold_gain":150,"player_choice":"AGREE","damage_taken":0,"max_hp_gain":0,"max_hp_loss":0,"event_name":"Liars Game","floor":5,"gold_loss":0,"cards_obtained":["Doubt"]},{"damage_healed":0,"gold_gain":0,"player_choice":"Lose Max HP","damage_taken":0,"relics_obtained":["Golden Idol"],"max_hp_gain":0,"max_hp_loss":7,"event_name":"Golden Idol","floor":11,"gold_loss":0},{"damage_healed":0,"gold_gain":0,"player_choice":"Ignored","damage_taken":0,"max_hp_gain":0,"max_hp_loss":0,"event_name":"The Mausoleum","floor":19,"gold_loss":0},{"damage_healed":0,"gold_gain":0,"player_choice":"Copied","damage_taken":0,"max_hp_gain":0,"max_hp_loss":0,"event_name":"Duplicator","floor":20,"gold_loss":0,"cards_obtained":["Creative AI"]},{"damage_healed":0,"gold_gain":0,"player_choice":"Ignored","damage_taken":0,"max_hp_gain":0,"max_hp_loss":0,"event_name":"Vampires","floor":22,"gold_loss":0},{"damage_healed":0,"gold_gain":0,"player_choice":"Fight","damage_taken":0,"max_hp_gain":0,"max_hp_loss":0,"event_name":"Colosseum","floor":27,"gold_loss":0},{"damage_healed":0,"gold_gain":0,"player_choice":"Fought Nobs","damage_taken":0,"max_hp_gain":0,"max_hp_loss":0,"event_name":"Colosseum","floor":27,"gold_loss":0}],"is_beta":false,"boss_relics":[{"not_picked":["Calling Bell","Runic Pyramid"],"picked":"Pandora\u0027s Box"}],"items_purged_floors":[8,24],"is_endless":false,"potions_floor_spawned":[3,10,12,14,18,27],"killed_by":"Colosseum Nobs","ascension_level":20}}