{"host":"rmsq46plbpwfbxcc","time":1607794793,"event":{"mods":["AchievementEnabler","BaseMod","Colored Map","DeckTracker","Minty Spire (QoL Compilation)","Permanent Neow","SuperFastMode"],"gold_per_floor":[359,509,509,521,174,174,208,228,228,241,90,114,114,143,143,222,222,242,261,261,278,298,298,198,198,223,237,268,285,285,319,319,396,396,409,421,65,65,90,90,90,101,147,147,177,189,221,236,236,236],"floor_reached":51,"playtime":2077,"items_purged":["Doubt","Strike_G"],"score":1479,"play_id":"c166f474-5800-4b16-832e-85e764409380","local_time":"20201213023953","is_ascension_mode":true,"campfire_choices":[{"data":"Apotheosis","floor":6.0,"key":"SMITH"},{"data":"Envenom","floor":13.0,"key":"SMITH"},{"data":"Phantasmal Killer","floor":15.0,"key":"SMITH"},{"data":"After Image","floor":23.0,"key":"SMITH"},{"data":"Accuracy","floor":25.0,"key":"SMITH"},{"data":"Footwork","floor":30.0,"key":"SMITH"},{"data":"Blade Dance","floor":32.0,"key":"SMITH"},{"data":"After Image","floor":40.0,"key":"SMITH"},{"data":"Tactician","floor":44.0,"key":"SMITH"},{"floor":49.0,"key":"RECALL"}],"circlet_count":0,"master_deck":["AscendersBane","Strike_G","Strike_G","Strike_G","Defend_G","Defend_G","Defend_G","Defend_G","Survivor","Neutralize","Deadly Poison","Bane","Apotheosis+1","Blade Dance+1","PiercingWail","PiercingWail","Envenom+1","Phantasmal Killer+1","After Image+1","Footwork+1","Backflip","Blade Dance","Accuracy+1","Blur","After Image+1","Infinite Blades+1","Trip","Tactician+1"],"relics":["Ring of the Snake","Torii","TungstenRod","Odd Mushroom","Snake Skull","Coffee Dripper","Bronze Scales","Mango","Pen Nib","WristBlade","Bottled Lightning","Ice Cream","Centennial Puzzle","Gremlin Horn","Paper Crane"],"acts_visited":["Exordium","TheCity","TheBeyond"],"potions_floor_usage":[50],"damage_taken":[{"damage":4.0,"enemies":"Jaw Worm","floor":1.0,"turns":7.0},{"damage":2.0,"enemies":"2 Louse","floor":4.0,"turns":4.0},{"damage":23.0,"enemies":"3 Sentries","floor":7.0,"turns":9.0},{"damage":0.0,"enemies":"Small Slimes","floor":8.0,"turns":3.0},{"damage":0.0,"enemies":"Red Slaver","floor":10.0,"turns":4.0},{"damage":0.0,"enemies":"The Mushroom Lair","floor":12.0,"turns":5.0},{"damage":0.0,"enemies":"Gremlin Nob","floor":14.0,"turns":4.0},{"damage":19.0,"enemies":"Slime Boss","floor":16.0,"turns":11.0},{"damage":0.0,"enemies":"3 Byrds","floor":18.0,"turns":5.0},{"damage":10.0,"enemies":"Spheric Guardian","floor":19.0,"turns":4.0},{"damage":0.0,"enemies":"Centurion and Healer","floor":21.0,"turns":7.0},{"damage":12.0,"enemies":"Chosen and Byrds","floor":22.0,"turns":5.0},{"damage":0.0,"enemies":"Shelled Parasite and Fungi","floor":27.0,"turns":5.0},{"damage":0.0,"enemies":"Gremlin Leader","floor":28.0,"turns":5.0},{"damage":11.0,"enemies":"Centurion and Healer","floor":29.0,"turns":5.0},{"damage":13.0,"enemies":"Slavers","floor":31.0,"turns":8.0},{"damage":14.0,"enemies":"Champ","floor":33.0,"turns":8.0},{"damage":0.0,"enemies":"3 Shapes","floor":35.0,"turns":6.0},{"damage":0.0,"enemies":"Orb Walker","floor":36.0,"turns":4.0},{"damage":0.0,"enemies":"Mind Bloom Boss Battle","floor":39.0,"turns":3.0},{"damage":0.0,"enemies":"3 Darklings","floor":42.0,"turns":6.0},{"damage":0.0,"enemies":"Nemesis","floor":45.0,"turns":7.0},{"damage":0.0,"enemies":"4 Shapes","floor":46.0,"turns":5.0},{"damage":7.0,"enemies":"Reptomancer","floor":47.0,"turns":4.0},{"damage":5.0,"enemies":"Writhing Mass","floor":48.0,"turns":6.0},{"damage":31,"enemies":"Time Eater","floor":50,"turns":10}],"seed_played":"-6640885024851647366","potions_obtained":[{"floor":4.0,"key":"Ancient Potion"},{"floor":7.0,"key":"AttackPotion"},{"floor":10.0,"key":"DuplicationPotion"},{"floor":12.0,"key":"Block Potion"},{"floor":21.0,"key":"DistilledChaos"},{"floor":28.0,"key":"Swift Potion"},{"floor":29.0,"key":"CunningPotion"},{"floor":33.0,"key":"LiquidMemories"},{"floor":35.0,"key":"PowerPotion"},{"floor":39.0,"key":"ColorlessPotion"},{"floor":45.0,"key":"SkillPotion"}],"is_trial":false,"path_per_floor":["M","?","?","M","$","R","E","M","T","M","$","?","R","E","R","B",null,"M","M","?","M","M","R","$","R","T","M","E","M","R","E","R","B",null,"M","M","$","?","?","R","?","M","T","R","E","M","E","M","R","B",null],"character_chosen":"THE_SILENT","items_purchased":["Apotheosis","Blade Dance","Envenom","Bottled Lightning","Trip"],"campfire_rested":0,"item_purchase_floors":[5,5,11,37,37],"current_hp_per_floor":[55,55,60,58,58,58,35,35,35,35,35,35,35,35,35,16,53,53,43,43,43,31,31,31,31,31,31,45,34,34,21,21,7,61,61,61,61,61,61,61,61,61,61,61,61,61,54,49,49,18],"gold":236,"neow_bonus":"TWO_FIFTY_GOLD","is_daily":false,"chose_seed":false,"campfire_upgraded":9,"win_rate":0.0,"timestamp":1607794793,"path_taken":["M","?","?","M","$","R","E","M","T","M","$","?","R","E","R","BOSS","M","M","?","M","M","R","$","R","T","M","E","M","R","E","R","BOSS","M","M","$","?","?","R","?","?","T","R","E","M","E","M","R","BOSS"],"items_purchased_type":["Card","Card","Card","Relic","Card"],"build_version":"2020-11-30","purchased_purges":2,"victory":true,"max_hp_per_floor":[60,60,65,65,65,65,65,65,65,65,65,65,65,65,65,65,65,65,65,65,65,65,65,65,65,65,65,79,79,79,79,79,79,79,79,79,79,79,79,79,79,79,79,79,79,79,79,79,79,79],"card_choices":[{"not_picked":["Outmaneuver","Backflip"],"picked":"Deadly Poison","floor":1.0},{"not_picked":["Expertise","Bouncing Flask"],"picked":"Bane","floor":4.0},{"not_picked":["Unload","Poisoned Stab","Underhanded Strike"],"picked":"SKIP","floor":7.0},{"not_picked":["Poisoned Stab","Acrobatics"],"picked":"PiercingWail","floor":8.0},{"not_picked":["Quick Slash","Tools of the Trade"],"picked":"PiercingWail","floor":10.0},{"not_picked":["Poisoned Stab","Flechettes"],"picked":"Phantasmal Killer","floor":14.0},{"not_picked":["Adrenaline","Venomology"],"picked":"After Image","floor":16.0},{"not_picked":["Leg Sweep","Crippling Poison"],"picked":"Footwork","floor":18.0},{"not_picked":["Acrobatics","PiercingWail"],"picked":"Backflip","floor":19.0},{"not_picked":["Well Laid Plans","Deflect"],"picked":"Blade Dance","floor":21.0},{"not_picked":["Bane","Sucker Punch"],"picked":"Accuracy","floor":22.0},{"not_picked":["Bane","Calculated Gamble","Distraction"],"picked":"SKIP","floor":27.0},{"not_picked":["Prepared+1","Dagger Spray"],"picked":"Blur","floor":28.0},{"not_picked":["Blur","Quick Slash","Skewer"],"picked":"SKIP","floor":29.0},{"not_picked":["Outmaneuver","Bane+1","Dash+1"],"picked":"SKIP","floor":31.0},{"not_picked":["Storm of Steel","Phantasmal Killer"],"picked":"After Image","floor":33.0},{"not_picked":["Concentrate","Quick Slash","Endless Agony"],"picked":"SKIP","floor":35.0},{"not_picked":["Riddle With Holes","Poisoned Stab"],"picked":"Infinite Blades+1","floor":36.0},{"not_picked":["Endless Agony+1","Dash+1"],"picked":"Tactician","floor":42.0},{"not_picked":["Flying Knee","Blade Dance+1","Backflip"],"picked":"SKIP","floor":45.0},{"not_picked":["Crippling Poison","Sucker Punch","Eviscerate"],"picked":"SKIP","floor":46.0},{"not_picked":["Bane","Setup+1","Dodge and Roll"],"picked":"SKIP","floor":47.0},{"not_picked":["Infinite Blades","Concentrate+1","Deadly Poison"],"picked":"SKIP","floor":48.0}],"player_experience":1324245,"relics_obtained":[{"floor":7.0,"key":"Torii"},{"floor":9.0,"key":"TungstenRod"},{"floor":12.0,"key":"Odd Mushroom"},{"floor":14.0,"key":"Snake Skull"},{"floor":26.0,"key":"Bronze Scales"},{"floor":28.0,"key":"Mango"},{"floor":31.0,"key":"Pen Nib"},{"floor":39.0,"key":"Ice Cream"},{"floor":43.0,"key":"Centennial Puzzle"},{"floor":45.0,"key":"Gremlin Horn"},{"floor":47.0,"key":"Paper Crane"}],"event_choices":[{"damage_healed":0.0,"max_hp_gain":0.0,"max_hp_loss":0.0,"gold_gain":150.0,"event_name":"Liars Game","player_choice":"AGREE","floor":2.0,"gold_loss":0.0,"damage_taken":0.0,"cards_obtained":["Doubt"]},{"damage_healed":0.0,"max_hp_gain":5.0,"max_hp_loss":0.0,"gold_gain":0.0,"event_name":"Big Fish","player_choice":"Donut","floor":3.0,"gold_loss":0.0,"damage_taken":0.0},{"damage_healed":0.0,"max_hp_gain":0.0,"max_hp_loss":0.0,"gold_gain":0.0,"event_name":"Mushrooms","player_choice":"Fought Mushrooms","floor":12.0,"gold_loss":0.0,"damage_taken":0.0},{"damage_healed":0.0,"max_hp_gain":0.0,"max_hp_loss":0.0,"gold_gain":0.0,"event_name":"Ghosts","player_choice":"Ignored","floor":20.0,"gold_loss":0.0,"damage_taken":0.0},{"cards_removed":["Strike_G"],"damage_healed":0.0,"max_hp_gain":0.0,"max_hp_loss":0.0,"gold_gain":0.0,"event_name":"Falling","player_choice":"Removed Attack","floor":38.0,"gold_loss":0.0,"damage_taken":0.0},{"damage_healed":0.0,"max_hp_gain":0.0,"max_hp_loss":0.0,"gold_gain":0.0,"event_name":"MindBloom","player_choice":"Fight","floor":39.0,"gold_loss":0.0,"damage_taken":0.0},{"cards_removed":["Defend_G"],"damage_healed":0.0,"max_hp_gain":0.0,"max_hp_loss":0.0,"gold_gain":0.0,"event_name":"Wheel of Change","player_choice":"Card Removal","floor":41.0,"gold_loss":0.0,"damage_taken":0.0}],"is_beta":false,"boss_relics":[{"not_picked":["Black Star","Busted Crown"],"picked":"Coffee Dripper"},{"not_picked":["Astrolabe","Philosopher\u0027s Stone"],"picked":"WristBlade"}],"items_purged_floors":[5,24],"is_endless":false,"potions_floor_spawned":[4,7,10,12,21,28,29,33,35,36,39,45],"ascension_level":16}}