{"host":"2nhpogk5xa0u9xre","time":1607741882,"event":{"mods":["Aspiration","BaseMod","Colored Powertips","Googly Eyes","Hubris","Infinite Spire","Minty Spire (QoL Compilation)","Rare Cards Sparkle","Replay The Spire","StSLib","The Construct","The Hayseed","The Hierophant","The Runesmith","everything is the same but u backflip on backflip"],"gold_per_floor":[119,119,133,308,229,257,257],"floor_reached":6,"playtime":107,"items_purged":[],"score":44,"play_id":"8c6840f5-3ae4-4116-8d47-619db6d8311a","local_time":"20201211215802","is_ascension_mode":false,"campfire_choices":[],"circlet_count":0,"master_deck":["Runesmith:Strike_RS","Runesmith:Strike_RS","Runesmith:Strike_RS","Runesmith:Strike_RS","Runesmith:Defend_RS","Runesmith:Defend_RS","Runesmith:Defend_RS","Runesmith:Defend_RS","Runesmith:CraftFirestone+1","Runesmith:Fortify","Runesmith:EarthShield","Runesmith:HammerThrow","Doubt","Runesmith:Permafrost","Runesmith:CraftVitae"],"relics":["Runesmith:BrokenRuby","NeowsBlessing","aspiration:SeaSaltIceCream"],"acts_visited":["Exordium"],"potions_floor_usage":[],"damage_taken":[{"damage":0,"enemies":"2 Louse","floor":1,"turns":1},{"damage":0,"enemies":"Small Slimes","floor":3,"turns":2},{"damage":9,"enemies":"3 Sentries","floor":6,"turns":2}],"seed_played":"5838263355335954977","potions_obtained":[{"floor":1,"key":"Strength Potion"},{"floor":3,"key":"Block Potion"},{"floor":6,"key":"FearPotion"}],"is_trial":false,"path_per_floor":["M","?","M","?","$","E"],"character_chosen":"RUNESMITH_CLASS","items_purchased":["Runesmith:Permafrost"],"campfire_rested":0,"item_purchase_floors":[5],"current_hp_per_floor":[70,70,70,70,70,61,61],"gold":257,"neow_bonus":"THREE_ENEMY_KILL","is_daily":false,"chose_seed":false,"campfire_upgraded":0,"win_rate":0.0,"timestamp":1607741882,"path_taken":["M","?","M","?","?","E"],"items_purchased_type":["Card"],"build_version":"2020-11-30","purchased_purges":0,"victory":false,"max_hp_per_floor":[70,70,70,70,70,70,70],"card_choices":[{"not_picked":["Runesmith:Attraction","aspiration:UnbridledHammer"],"picked":"Runesmith:EarthShield","floor":1},{"not_picked":["Runesmith:RuneHurl","Runesmith:EarthShield"],"picked":"Runesmith:HammerThrow","floor":3},{"not_picked":["Runesmith:ElementalConversion","Runesmith:UnstableHammer"],"picked":"Runesmith:CraftVitae","floor":6}],"player_experience":184909,"relics_obtained":[{"floor":6,"key":"aspiration:SeaSaltIceCream"}],"event_choices":[{"damage_healed":0,"gold_gain":175,"player_choice":"AGREE","damage_taken":0,"max_hp_gain":0,"max_hp_loss":0,"event_name":"Liars Game","floor":4,"gold_loss":0,"cards_obtained":["Doubt"]}],"is_beta":false,"boss_relics":[],"items_purged_floors":[],"is_endless":false,"potions_floor_spawned":[1,3,6],"killed_by":"3 Sentries","ascension_level":0}}