{"host":"zyn2zcp8fez1ptuq","time":1607801986,"event":{"mods":["BaseMod","BetterRewards","Downfall","Hermit","Hubris","Infinite Spire","Minty Spire (QoL Compilation)","Replay The Spire","Robot Space Explorer","Shade Mod","Shop Mod","StSLib","The Animator","The Cursed","The Jungle","The Necromancer"],"gold_per_floor":[115,76,86,161,161,205,205,244,271,287,30,50,63,88,88,207,207,225,213,254,254,274,35,53,84,84,43,57,73,73,92,92,213,213,226,226,249,274,6,50,50,71,119,119,119,143,143,42,42,42],"floor_reached":51,"playtime":3631,"items_purged":["Strike_G"],"score":786,"play_id":"6f34d268-9f3f-4694-ae85-a408bc9579f6","local_time":"20201212143946","is_ascension_mode":false,"campfire_choices":[{"data":"Noxious Fumes","floor":7,"key":"SMITH"},{"data":"Footwork","floor":15,"key":"SMITH"},{"floor":30,"key":"REST"},{"floor":32,"key":"REST"},{"data":"1","floor":41,"key":"LIFT"},{"floor":47,"key":"REST"},{"data":"hubris:InfiniteBlow+14","floor":49,"key":"SMITH"}],"circlet_count":0,"master_deck":["Strike_G","Strike_G","Strike_G","Strike_G","Defend_G+1","Defend_G+1","Defend_G","Defend_G","Defend_G","Survivor+1","Neutralize","ReplayTheSpireMod:Scrap Shanks","Noxious Fumes+1","Bane","Injury","Footwork+1","Slice","Leg Sweep","Infinite Blades","Infinite Blades","Deadly Poison","Sucker Punch","Masterful Stab","Deadly Poison","A Thousand Cuts","Quick Slash","PiercingWail","Leg Sweep+1","hubris:InfiniteBlow+15","Flying Knee","Dagger Spray","Dagger Spray","Heel Hook","Caltrops","Mind Blast+1","Dodge and Roll","Toxin Wave+1","Catalyst+1","ReplayTheSpireMod:Scrap Shanks+1","Replay:Bag of Tricks","Backflip+1","Flying Knee","Atom Bomb","Toxin Wave+1","The Bomb","Violence","Toxin Wave+1","Endless Agony+1","ReplayTheSpireMod:Exploit Weakness","expansioncontent:LastStand","Deflect+1","Dash+1","Pot Of Greed","Pot Of Greed","Pot Of Greed","Pot Of Greed","Pot Of Greed","Madness","Madness","Dash+1","Acrobatics+1"],"relics":["Ring of the Snake","NeowsBlessing","Golden Idol","Replay:Rubber Ducky","MealTicket","Gremlin Food","Blue Doll","Velvet Choker","Red Mask","hubris:RunicObelisk","hubris:64BitClover","Pantograph","hubris:Backtick","hubris:TinFlute","Girya","HandDrill","infinitespire:Lychee Nut","Grinning Jar"],"acts_visited":["Exordium","TheCity","TheBeyond"],"potions_floor_usage":[16,16,18,25,29,37,38,46],"damage_taken":[{"damage":0,"enemies":"Jaw Worm","floor":1,"turns":1},{"damage":0,"enemies":"2 Louse","floor":3,"turns":2},{"damage":0,"enemies":"3 Sentries","floor":6,"turns":1},{"damage":2,"enemies":"Lagavulin","floor":8,"turns":9},{"damage":0,"enemies":"Cultist","floor":10,"turns":4},{"damage":3,"enemies":"3 Louse","floor":12,"turns":3},{"damage":0,"enemies":"2 Fungi Beasts","floor":13,"turns":4},{"damage":0,"enemies":"Looter","floor":14,"turns":4},{"damage":26,"enemies":"Hexaghost","floor":16,"turns":9},{"damage":6,"enemies":"3 Byrds","floor":18,"turns":4},{"damage":0,"enemies":"2 Thieves","floor":19,"turns":4},{"damage":44,"enemies":"Masked Bandits","floor":20,"turns":6},{"damage":4,"enemies":"Snake Plant","floor":22,"turns":4},{"damage":0,"enemies":"3 Cultists","floor":24,"turns":4},{"damage":17,"enemies":"Gremlin Leader","floor":25,"turns":5},{"damage":9,"enemies":"Centurion and Healer","floor":28,"turns":5},{"damage":0,"enemies":"Snake Plant","floor":29,"turns":4},{"damage":0,"enemies":"Snecko","floor":31,"turns":1},{"damage":30,"enemies":"Automaton","floor":33,"turns":6},{"damage":10,"enemies":"3 Shapes","floor":35,"turns":3},{"damage":0,"enemies":"3 Darklings","floor":37,"turns":6},{"damage":13,"enemies":"Sphere and 2 Shapes","floor":38,"turns":4},{"damage":38,"enemies":"Reptomancer","floor":40,"turns":5},{"damage":0,"enemies":"Jaw Worm Horde","floor":42,"turns":3},{"damage":10,"enemies":"Transient","floor":46,"turns":5},{"damage":46,"enemies":"Donu and Deca","floor":50,"turns":8}],"seed_played":"9072066371694580585","potions_obtained":[{"floor":1,"key":"Doom Potion"},{"floor":10,"key":"Elixir"},{"floor":12,"key":"Guardian:BlockOnCardUsePotion"},{"floor":13,"key":"BlessingOfTheForge"},{"floor":14,"key":"Block Potion"},{"floor":20,"key":"Explosive Potion"},{"floor":28,"key":"PowerPotion"},{"floor":31,"key":"Dexterity Potion"},{"floor":33,"key":"Energy Potion"},{"floor":35,"key":"Swift Potion"},{"floor":40,"key":"LiquidMemories"}],"is_trial":false,"path_per_floor":["M","$","M","?","?","E","R","E","T","M","$","M","M","M","R","B",null,"M","M","?","AVR","M","$","M","E","T","$","M","M","R","M","R","B",null,"M","?","M","M","$","E","R","M","T","?","?","M","R","$","R","B",null],"character_chosen":"THE_SILENT","items_purchased":["Noxious Fumes","Infinite Blades","Deadly Poison","Blue Doll","Dagger Spray","Heel Hook","Caltrops","Mind Blast+1","Dodge and Roll","ReplayTheSpireMod:Scrap Shanks+1","ReplayTheSpireMod:Exploit Weakness","HandDrill","expansioncontent:LastStand","Acrobatics+1"],"campfire_rested":3,"item_purchase_floors":[2,11,11,11,23,23,23,23,23,27,39,39,39,48],"current_hp_per_floor":[70,70,70,59,59,59,59,57,57,57,70,67,67,67,67,41,70,64,64,20,20,16,31,31,14,14,29,20,20,41,41,62,40,70,60,55,55,42,57,19,19,24,24,17,17,13,28,43,43,9],"gold":42,"neow_bonus":"THREE_ENEMY_KILL","is_daily":false,"chose_seed":false,"campfire_upgraded":3,"win_rate":0.0,"timestamp":1607801986,"path_taken":["M","$","M","?","?","E","R","E","T","M","$","M","M","M","R","BOSS","M","M","?","AVR","M","?","M","E","T","$","?","M","R","M","R","BOSS","M","?","M","M","$","E","R","M","T","?","?","M","R","?","R","BOSS"],"items_purchased_type":["Card","Card","Card","Relic","Card","Card","Card","Card","Card","Card","Card","Relic","Card","Card"],"build_version":"2020-11-30","purchased_purges":1,"victory":true,"max_hp_per_floor":[70,70,70,70,70,70,70,70,70,70,70,70,70,70,70,70,70,70,70,70,70,70,70,70,70,70,70,70,70,70,70,70,70,70,70,70,70,70,70,52,52,52,52,52,52,52,52,52,52,52],"card_choices":[{"not_picked":["Underhanded Strike","Dodge and Roll"],"picked":"ReplayTheSpireMod:Scrap Shanks","floor":1},{"not_picked":["Acrobatics","Dagger Spray"],"picked":"Bane","floor":3},{"not_picked":["Underhanded Strike","ReplayTheSpireMod:Tripwire"],"picked":"Footwork","floor":6},{"not_picked":["Phantasmal Killer","Escape Plan"],"picked":"Slice","floor":8},{"not_picked":["Eviscerate","hubris:SlightOfHand"],"picked":"Leg Sweep","floor":10},{"not_picked":["Dagger Throw","Quick Slash"],"picked":"Sucker Punch","floor":12},{"not_picked":["hubris:SlightOfHand","Quick Slash"],"picked":"Masterful Stab","floor":13},{"not_picked":["Infinite Blades","Acrobatics"],"picked":"Deadly Poison","floor":14},{"not_picked":["ReplayTheSpireMod:Necrosis","Adrenaline"],"picked":"A Thousand Cuts","floor":16},{"not_picked":["Riddle With Holes","Calculated Gamble+1"],"picked":"Quick Slash","floor":18},{"not_picked":["Poisoned Stab","Fluid Movement"],"picked":"PiercingWail","floor":19},{"not_picked":["Deadly Poison","Predator"],"picked":"Leg Sweep+1","floor":20},{"not_picked":["Cloak And Dagger+1","Deadly Poison"],"picked":"Flying Knee","floor":22},{"not_picked":["Accuracy","Dash"],"picked":"Toxin Wave+1","floor":24},{"not_picked":["Quick Slash","hubris:SlightOfHand"],"picked":"Catalyst+1","floor":25},{"not_picked":["Footwork","Prepared+1"],"picked":"Replay:Bag of Tricks","floor":28},{"not_picked":["Infinite Blades+1","Flechettes+1"],"picked":"Backflip+1","floor":29},{"not_picked":["Dagger Spray","Slice"],"picked":"Flying Knee","floor":31},{"not_picked":["ReplayTheSpireMod:Necrosis","Burst"],"picked":"Atom Bomb","floor":33},{"not_picked":["hubris:SlightOfHand","Expertise"],"picked":"Toxin Wave+1","floor":35},{"not_picked":["Replay:SS_fish_2","Forethought"],"picked":"The Bomb","floor":36},{"not_picked":["Master of Strategy","expansioncontent:SlimeTackle"],"picked":"Violence","floor":36},{"not_picked":["Outmaneuver+1","Flying Knee+1"],"picked":"Toxin Wave+1","floor":37},{"not_picked":["Dodge and Roll","Backflip+1"],"picked":"Endless Agony+1","floor":38},{"not_picked":["ReplayTheSpireMod:Scrap Shanks","hubris:SlightOfHand"],"picked":"Deflect+1","floor":40},{"not_picked":["Noxious Fumes","Acrobatics+1"],"picked":"Dash+1","floor":42},{"not_picked":["Flechettes+1","Catalyst"],"picked":"Dash+1","floor":46}],"player_experience":465849,"relics_obtained":[{"floor":6,"key":"Replay:Rubber Ducky"},{"floor":8,"key":"MealTicket"},{"floor":9,"key":"Gremlin Food"},{"floor":20,"key":"Red Mask"},{"floor":25,"key":"Pantograph"},{"floor":35,"key":"Girya"},{"floor":40,"key":"infinitespire:Lychee Nut"},{"floor":43,"key":"Grinning Jar"}],"event_choices":[{"damage_healed":0,"gold_gain":75,"player_choice":"Gather Gold","damage_taken":11,"max_hp_gain":0,"max_hp_loss":0,"event_name":"World of Goop","floor":4,"gold_loss":0},{"damage_healed":0,"gold_gain":0,"player_choice":"Take Wound","damage_taken":0,"relics_obtained":["Golden Idol"],"max_hp_gain":0,"max_hp_loss":0,"event_name":"Golden Idol","floor":5,"gold_loss":0,"cards_obtained":["Injury"]},{"damage_healed":0,"gold_gain":0,"player_choice":"Fought Bandits","damage_taken":0,"max_hp_gain":0,"max_hp_loss":0,"event_name":"Masked Bandits","floor":20,"gold_loss":0},{"damage_healed":0,"gold_gain":0,"player_choice":"Memory 2","damage_taken":5,"max_hp_gain":0,"max_hp_loss":0,"event_name":"SensoryStone","floor":36,"gold_loss":0},{"damage_healed":0,"gold_gain":0,"player_choice":"Embrace Madness","damage_taken":7,"max_hp_gain":0,"max_hp_loss":0,"event_name":"Winding Halls","floor":44,"gold_loss":0,"cards_obtained":["Madness","Madness"]}],"is_beta":false,"boss_relics":[{"not_picked":["Black Star","SlaversCollar"],"picked":"Velvet Choker"},{"not_picked":["hubris:Stopwatch","hubris:VirtuousBlindfold"],"picked":"hubris:Backtick"}],"items_purged_floors":[48],"is_endless":false,"potions_floor_spawned":[1,10,12,13,14,20,28,31,33,35,40],"ascension_level":0}}