{"host":"r4fdjn7z3inifdxd","time":1607813221,"event":{"mods":["BaseMod","Minty Spire (QoL Compilation)"],"gold_per_floor":[117,267,30,44,44,72,89,89,135,166,166,166,204,67,67,156,156,177,196,196,215,231,231,247,247,301,335,0,0,25,49,49,49,49],"floor_reached":33,"playtime":1971,"items_purged":["Doubt","Strike_P"],"score":712,"play_id":"d6c69615-e87f-4b32-a805-5e1b1e5e0456","local_time":"20201213054701","is_ascension_mode":true,"campfire_choices":[{"data":"Eruption","floor":8.0,"key":"SMITH"},{"data":"1","floor":15.0,"key":"LIFT"},{"floor":23.0,"key":"REST"},{"data":"2","floor":25.0,"key":"LIFT"},{"floor":32,"key":"REST"}],"circlet_count":0,"master_deck":["AscendersBane","Strike_P+1","Strike_P+1","Defend_P+1","Defend_P+1","Defend_P+1","Defend_P+1","Eruption+1","Vigilance","Consecrate","FollowUp","CarveReality","CutThroughFate","Evaluate","Protect+1","FearNoEvil","ReachHeaven","Ragnarok+1","Indignation","CutThroughFate","Collect","FollowUp","EmptyFist","InnerPeace+1","FollowUp","EmptyBody"],"relics":["PureWater","NeowsBlessing","Oddly Smooth Stone","Bag of Marbles","Girya","Ancient Tea Set","Bird Faced Urn","Golden Idol","Bronze Scales","Runic Pyramid","Art of War","War Paint","Meat on the Bone"],"acts_visited":["Exordium","TheCity"],"potions_floor_usage":[30,33],"damage_taken":[{"damage":0.0,"enemies":"2 Louse","floor":1.0,"turns":1.0},{"damage":0.0,"enemies":"Small Slimes","floor":4.0,"turns":1.0},{"damage":0.0,"enemies":"Gremlin Nob","floor":6.0,"turns":1.0},{"damage":0.0,"enemies":"Jaw Worm","floor":7.0,"turns":3.0},{"damage":32.0,"enemies":"3 Sentries","floor":10.0,"turns":8.0},{"damage":0.0,"enemies":"Lagavulin","floor":13.0,"turns":4.0},{"damage":0.0,"enemies":"Slime Boss","floor":16.0,"turns":3.0},{"damage":11.0,"enemies":"2 Thieves","floor":18.0,"turns":2.0},{"damage":0.0,"enemies":"3 Byrds","floor":19.0,"turns":3.0},{"damage":12.0,"enemies":"Cultist and Chosen","floor":21.0,"turns":4.0},{"damage":6.0,"enemies":"Snake Plant","floor":22.0,"turns":3.0},{"damage":1.0,"enemies":"Centurion and Healer","floor":24.0,"turns":3.0},{"damage":3.0,"enemies":"Slavers","floor":27.0,"turns":2.0},{"damage":0,"enemies":"Snecko","floor":30,"turns":2},{"damage":24,"enemies":"Shelled Parasite and Fungi","floor":31,"turns":4},{"damage":47,"enemies":"Automaton","floor":33,"turns":6}],"seed_played":"8967101679872848630","potions_obtained":[{"floor":6.0,"key":"PowerPotion"},{"floor":7.0,"key":"Ancient Potion"},{"floor":13.0,"key":"StancePotion"},{"floor":19.0,"key":"DuplicationPotion"},{"floor":24.0,"key":"BlessingOfTheForge"},{"floor":27.0,"key":"Ancient Potion"}],"is_trial":false,"path_per_floor":["M","?","$","M","?","E","M","R","T","E","?","?","E","$","R","B",null,"M","M","?","M","M","R","M","R","T","E","$","?","M","M","R","B"],"character_chosen":"WATCHER","items_purchased":["Oddly Smooth Stone","ReachHeaven","Meat on the Bone","Strength Potion"],"campfire_rested":2,"item_purchase_floors":[3,14,28,28],"current_hp_per_floor":[61,61,61,61,50,50,50,50,50,18,18,18,18,18,18,18,51,40,40,40,28,22,40,39,39,39,36,36,36,36,24,42,0,0],"gold":49,"neow_bonus":"THREE_ENEMY_KILL","is_daily":false,"chose_seed":false,"campfire_upgraded":1,"win_rate":0.0,"timestamp":1607813221,"path_taken":["M","?","$","M","?","E","M","R","T","E","?","?","E","?","R","BOSS","BOSS","M","M","?","M","?","R","M","R","T","E","$","?","M","M","R","BOSS"],"items_purchased_type":["Relic","Card","Relic","Potion"],"build_version":"2020-11-30","purchased_purges":2,"victory":false,"max_hp_per_floor":[68,68,68,68,68,68,68,68,68,68,68,62,62,62,62,62,62,62,62,62,62,62,62,62,62,62,62,62,62,62,62,62,62,62],"card_choices":[{"not_picked":["Halt","Adaptation"],"picked":"Consecrate","floor":1.0},{"not_picked":["WindmillStrike","ClearTheMind"],"picked":"FollowUp","floor":4.0},{"not_picked":["Omniscience","CrushJoints"],"picked":"CarveReality","floor":6.0},{"not_picked":["EmptyBody","ThirdEye"],"picked":"CutThroughFate","floor":7.0},{"not_picked":["ForeignInfluence","WindmillStrike"],"picked":"Evaluate","floor":10.0},{"not_picked":["ForeignInfluence","EmptyFist"],"picked":"FearNoEvil","floor":13.0},{"not_picked":["Wish","ConjureBlade"],"picked":"Ragnarok","floor":16.0},{"not_picked":["CutThroughFate","WreathOfFlame"],"picked":"Indignation","floor":18.0},{"not_picked":["ClearTheMind","Protect"],"picked":"CutThroughFate","floor":19.0},{"not_picked":["Consecrate","Omniscience"],"picked":"Collect","floor":21.0},{"not_picked":["FlurryOfBlows","FlyingSleeves"],"picked":"FollowUp","floor":22.0},{"not_picked":["JustLucky","EmptyBody"],"picked":"EmptyFist","floor":24.0},{"not_picked":["CrushJoints","WindmillStrike"],"picked":"InnerPeace","floor":27.0},{"not_picked":["Evaluate","CarveReality"],"picked":"FollowUp","floor":30},{"not_picked":["Tantrum","CutThroughFate"],"picked":"EmptyBody","floor":31}],"player_experience":1477331,"relics_obtained":[{"floor":6.0,"key":"Girya"},{"floor":9.0,"key":"Ancient Tea Set"},{"floor":10.0,"key":"Bird Faced Urn"},{"floor":13.0,"key":"Bronze Scales"},{"floor":26.0,"key":"Art of War"},{"floor":27.0,"key":"War Paint"}],"event_choices":[{"damage_healed":0.0,"max_hp_gain":0.0,"max_hp_loss":0.0,"gold_gain":150.0,"event_name":"Liars Game","player_choice":"AGREE","floor":2.0,"gold_loss":0.0,"damage_taken":0.0,"cards_obtained":["Doubt"]},{"damage_healed":0.0,"max_hp_gain":0.0,"max_hp_loss":0.0,"gold_gain":0.0,"event_name":"Scrap Ooze","player_choice":"Success","floor":5.0,"gold_loss":0.0,"damage_taken":11.0,"relics_obtained":["Bag of Marbles"]},{"damage_healed":0.0,"max_hp_gain":0.0,"max_hp_loss":0.0,"gold_gain":0.0,"cards_transformed":["Strike_P"],"event_name":"Living Wall","player_choice":"Change","floor":11.0,"gold_loss":0.0,"damage_taken":0.0,"cards_obtained":["Protect"]},{"damage_healed":0.0,"max_hp_gain":0.0,"max_hp_loss":6.0,"gold_gain":0.0,"event_name":"Golden Idol","player_choice":"Lose Max HP","floor":12.0,"gold_loss":0.0,"damage_taken":0.0,"relics_obtained":["Golden Idol"]},{"damage_healed":0.0,"max_hp_gain":0.0,"max_hp_loss":0.0,"gold_gain":0.0,"event_name":"Upgrade Shrine","player_choice":"Upgraded","floor":20.0,"gold_loss":0.0,"damage_taken":0.0,"cards_upgraded":["Ragnarok"]},{"damage_healed":0.0,"max_hp_gain":0.0,"max_hp_loss":0.0,"gold_gain":0.0,"event_name":"Back to Basics","player_choice":"Simplicity","floor":29.0,"gold_loss":0.0,"damage_taken":0.0,"cards_upgraded":["Strike_P","Strike_P","Defend_P","Defend_P","Defend_P","Defend_P"]}],"is_beta":false,"boss_relics":[{"not_picked":["Coffee Dripper","SacredBark"],"picked":"Runic Pyramid"}],"items_purged_floors":[3,14],"is_endless":false,"potions_floor_spawned":[6,7,13,16,19,24,27],"killed_by":"Automaton","ascension_level":17}}