{"host":"pqz3xdxicu6yby95","time":1607813820,"event":{"mods":["Aspiration","BaseMod","Beaked The Cultist","Better Altar","Better Match","Better Note","Better Sensory Stone","Better Skull","Better Third Choice","Better Vampires","BetterRewards","Colored Map","Conspire","Displayed Cursed Tome","Hermit","Highlight Path","Hubris","Marked Mod","Minty Spire (QoL Compilation)","Potionbrewer","Relic Stats","Replay The Spire","Shade Mod","StSLib","The Bug Knight","The Jungle","Unceasing Turn Reminder"],"gold_per_floor":[114,114,164,50,50,50,50],"floor_reached":6,"playtime":268,"items_purged":[],"score":32,"play_id":"645d1120-73eb-43bb-ad53-94b53ca78a24","local_time":"20201212175700","is_ascension_mode":false,"campfire_choices":[],"circlet_count":0,"master_deck":["Strike_G","Strike_G","Strike_G","Strike_G","Strike_G","Defend_G","Defend_G","Defend_G","Defend_G","Defend_G","Survivor","Neutralize","Footwork","Outmaneuver"],"relics":["Ring of the Snake","Counterbalance","Pocketwatch","hubris:Towel","Ring of Fury","Ring of Greed","Tiny Chest","The Courier","Sling"],"acts_visited":["Exordium"],"potions_floor_usage":[],"damage_taken":[{"damage":1,"enemies":"Small Slimes","floor":1,"turns":4},{"damage":0,"enemies":"3 Sentries","floor":6,"turns":1}],"seed_played":"1417417343507883858","potions_obtained":[{"floor":1,"key":"SneckoOil"}],"is_trial":false,"path_per_floor":["M","?","?","$","?","E"],"character_chosen":"THE_SILENT","items_purchased":["Footwork","Pocketwatch","Sling"],"campfire_rested":0,"item_purchase_floors":[0,0,4],"current_hp_per_floor":[48,48,48,48,48,48,48],"gold":50,"neow_bonus":"","is_daily":false,"chose_seed":false,"campfire_upgraded":0,"win_rate":0.0,"timestamp":1607813820,"path_taken":["M","?","?","$","?","E"],"items_purchased_type":["Card","Relic","Relic"],"build_version":"2020-11-30","purchased_purges":0,"victory":false,"max_hp_per_floor":[70,70,70,70,70,70,70],"relic_stats":{"counters":[62,291],"Tiny Chest":0,"obtain_stats":[{"Ice Cream":37,"aspiration:PoetsPen_weak":34,"Sling":4,"Blood Vial":25,"Lizard Tail":17,"Replay:Wax Seal":29,"potionbrewer:WarMedal":45,"ReplayTheSpireMod:CursedCoin":30,"Blue Candle":17,"Counterbalance":0,"Oddly Smooth Stone":31,"Replay:Ancient Bell":17,"Akabeko":9,"WarpedTongs":21,"Du-Vu Doll":0,"potionbrewer:Torch":7,"Replay:Baseball":3,"Bird Faced Urn":12,"Bronze Scales":31,"Simple Rune":17,"hubris:PeanutButter":2,"Nloth\u0027s Gift":21,"Pocketwatch":0,"Darkstone Periapt":0,"Torii":19,"Blue Doll":30,"Sizzling Blood":2,"Juzu Bracelet":12,"Incense Burner":41,"Cursed Key":0,"conspire:InfiniteJournal":0,"SsserpentHead":49,"WristBlade":34,"Mummified Hand":8,"Gambling Chip":43,"Tiny Chest":3,"Ring of the Snake":21,"hubris:GlazedTorus":0,"NeowsBlessing":0,"Golden Idol":13,"hubris:64BitClover":24,"Thread and Needle":9,"PreservedInsect":29,"hubris:MedicalManual":0,"The Courier":3,"aspiration:SecretTechniqueScroll":17,"Ring of Greed":3,"Frozen Egg 2":38,"hubris:Towel":2,"Replay:Arrowhead":43,"Mercury Hourglass":26,"Ring of Fury":3,"Snack Pack":22,"Membership Card":37,"potionbrewer:Keyblade":0},{"Ice Cream":36,"aspiration:PoetsPen_weak":13,"Sling":61,"Blood Vial":57,"Lizard Tail":8,"Replay:Wax Seal":32,"potionbrewer:WarMedal":38,"ReplayTheSpireMod:CursedCoin":12,"Blue Candle":8,"Counterbalance":60,"Oddly Smooth Stone":12,"Replay:Ancient Bell":8,"Akabeko":4,"WarpedTongs":31,"Du-Vu Doll":0,"potionbrewer:Torch":4,"Replay:Baseball":2,"Bird Faced Urn":6,"Bronze Scales":12,"Simple Rune":8,"hubris:PeanutButter":60,"Nloth\u0027s Gift":55,"Pocketwatch":60,"Darkstone Periapt":0,"Torii":30,"Blue Doll":12,"Sizzling Blood":22,"Juzu Bracelet":27,"Incense Burner":37,"Cursed Key":0,"conspire:InfiniteJournal":41,"SsserpentHead":20,"WristBlade":34,"Mummified Hand":46,"Gambling Chip":37,"Tiny Chest":61,"Ring of the Snake":55,"hubris:GlazedTorus":59,"NeowsBlessing":60,"Golden Idol":6,"hubris:64BitClover":57,"Thread and Needle":24,"PreservedInsect":32,"hubris:MedicalManual":59,"The Courier":61,"aspiration:SecretTechniqueScroll":29,"Ring of Greed":61,"Frozen Egg 2":16,"hubris:Towel":61,"Replay:Arrowhead":18,"Mercury Hourglass":10,"Ring of Fury":61,"Snack Pack":9,"Membership Card":36,"potionbrewer:Keyblade":21},{"Ice Cream":184,"aspiration:PoetsPen_weak":65,"Sling":290,"Blood Vial":277,"Lizard Tail":40,"Replay:Wax Seal":164,"potionbrewer:WarMedal":194,"ReplayTheSpireMod:CursedCoin":60,"Blue Candle":40,"Counterbalance":286,"Oddly Smooth Stone":60,"Replay:Ancient Bell":40,"Akabeko":17,"WarpedTongs":157,"Du-Vu Doll":0,"potionbrewer:Torch":17,"Replay:Baseball":7,"Bird Faced Urn":26,"Bronze Scales":60,"Simple Rune":40,"hubris:PeanutButter":286,"Nloth\u0027s Gift":267,"Pocketwatch":286,"Darkstone Periapt":0,"Torii":153,"Blue Doll":60,"Sizzling Blood":108,"Juzu Bracelet":134,"Incense Burner":189,"Cursed Key":0,"conspire:InfiniteJournal":212,"SsserpentHead":91,"WristBlade":177,"Mummified Hand":227,"Gambling Chip":189,"Tiny Chest":290,"Ring of the Snake":267,"hubris:GlazedTorus":282,"NeowsBlessing":286,"Golden Idol":26,"hubris:64BitClover":277,"Thread and Needle":117,"PreservedInsect":164,"hubris:MedicalManual":282,"The Courier":290,"aspiration:SecretTechniqueScroll":149,"Ring of Greed":290,"Frozen Egg 2":75,"hubris:Towel":290,"Replay:Arrowhead":84,"Mercury Hourglass":51,"Ring of Fury":290,"Snack Pack":46,"Membership Card":184,"potionbrewer:Keyblade":100}],"Ring of the Snake":[44],"Pocketwatch":[6]},"card_choices":[{"not_picked":["Hidden Blade","Underhanded Strike"],"picked":"Outmaneuver","floor":1}],"player_experience":489349,"relics_obtained":[{"floor":3,"key":"Ring of Fury"},{"floor":3,"key":"Ring of Greed"},{"floor":3,"key":"Tiny Chest"},{"floor":3,"key":"The Courier"}],"event_choices":[{"cards_removed":["Voices"],"damage_healed":0,"gold_gain":0,"player_choice":"Purged","damage_taken":0,"max_hp_gain":0,"max_hp_loss":0,"event_name":"Purifier","floor":5,"gold_loss":0}],"is_beta":false,"boss_relics":[],"items_purged_floors":[],"is_endless":false,"potions_floor_spawned":[1],"killed_by":"3 Sentries","ascension_level":0}}