{"host":"91kqwblrqvon3fcz","time":1607748539,"event":{"mods":["Act Like it!","BaseMod","Elementarium","Hermit","Minty Spire (QoL Compilation)","Quick Restart","StSLib"],"gold_per_floor":[214,214,234,234,309,345,345,383,383,383,397,410,156,172,172,293,293,311,311,311,311,345,345,44,44,44,79,112,37,37,37,37,57,57],"floor_reached":33,"playtime":1037,"items_purged":["Injury"],"score":278,"play_id":"0b4cf5ea-68d1-4f38-8d48-1f317cbb93a1","local_time":"20201211204859","is_ascension_mode":true,"campfire_choices":[{"floor":7.0,"key":"REST"},{"floor":10.0,"key":"REST"},{"floor":15.0,"key":"REST"},{"data":"Limit Break","floor":23.0,"key":"SMITH"},{"floor":30.0,"key":"REST"},{"floor":32.0,"key":"REST"}],"circlet_count":0,"master_deck":["Bash","Rampage+1","Blood for Blood","Inflame","Headbutt","Limit Break+1","Thunderclap","Transmutation","Dark Embrace","Fiend Fire","Power Through","Infernal Blade","Sever Soul","Wild Strike","Perfected Strike","Demon Form","Power Through","Clothesline","Havoc","Elementarium:StickyTar","Havoc","Doubt","Limit Break","Elementarium:GildedForm","Body Slam","Pain","Shockwave+1","Dual Wield","Combust"],"relics":["Burning Blood","Golden Idol","HornCleat","Vajra","Mummified Hand","Pandora\u0027s Box","Calipers","Elementarium:GolemsHeart","Pear"],"acts_visited":["Exordium","Elementarium:Elementarium"],"potions_floor_usage":[33,33],"damage_taken":[{"damage":12.0,"enemies":"Jaw Worm","floor":1.0,"turns":3.0},{"damage":12.0,"enemies":"Small Slimes","floor":3.0,"turns":3.0},{"damage":29.0,"enemies":"Gremlin Nob","floor":6.0,"turns":5.0},{"damage":47.0,"enemies":"3 Sentries","floor":8.0,"turns":11.0},{"damage":0.0,"enemies":"Cultist","floor":11.0,"turns":4.0},{"damage":11.0,"enemies":"Looter","floor":12.0,"turns":2.0},{"damage":0.0,"enemies":"Exordium Thugs","floor":14.0,"turns":4.0},{"damage":32.0,"enemies":"Hexaghost","floor":16.0,"turns":10.0},{"damage":10.0,"enemies":"Elementarium:MUD_AND_TAR_GOLEMS","floor":18.0,"turns":3.0},{"damage":17.0,"enemies":"Elementarium:VoidCorruption","floor":22.0,"turns":5.0},{"damage":43.0,"enemies":"Elementarium:VoidBeast","floor":27.0,"turns":8.0},{"damage":8.0,"enemies":"Elementarium:CYCLONE_AND_ORB_OF_FIRE","floor":28.0,"turns":5.0},{"damage":83,"enemies":"Elementarium:GolemEmperor","floor":33,"turns":8}],"seed_played":"-8545660840182739227","potions_obtained":[{"floor":1.0,"key":"EssenceOfSteel"},{"floor":14.0,"key":"Ancient Potion"},{"floor":16.0,"key":"FearPotion"},{"floor":22.0,"key":"Weak Potion"},{"floor":27.0,"key":"Ancient Potion"},{"floor":28.0,"key":"Fruit Juice"}],"is_trial":false,"path_per_floor":["M","?","M","?","?","E","R","E","T","R","M","M","$","M","R","B",null,"M","?","?","?","M","R","$","?","T","M","M","$","R","$","R","B"],"character_chosen":"IRONCLAD","items_purchased":["Transmutation","Calipers","Combust"],"campfire_rested":5,"item_purchase_floors":[13,24,29],"current_hp_per_floor":[74,74,68,68,57,34,58,17,17,41,47,42,42,48,72,46,80,76,76,71,68,57,57,57,57,67,30,33,33,58,58,83,0,0],"gold":57,"neow_bonus":"HUNDRED_GOLD","is_daily":false,"chose_seed":false,"campfire_upgraded":1,"win_rate":0.0,"timestamp":1607748539,"path_taken":["M","?","M","?","?","E","R","E","T","R","M","M","$","M","R","BOSS","M","?","?","?","M","R","$","?","T","M","?","$","R","?","R","BOSS"],"items_purchased_type":["Card","Relic","Card"],"build_version":"2020-11-30","purchased_purges":1,"victory":false,"max_hp_per_floor":[80,80,80,80,80,80,80,80,80,80,80,80,80,80,80,80,80,80,80,71,71,71,71,71,71,81,81,86,86,86,86,86,86,86],"card_choices":[{"not_picked":["Burning Pact","Twin Strike"],"picked":"Rampage","floor":1.0},{"not_picked":["Pommel Strike","Sword Boomerang"],"picked":"Blood for Blood","floor":3.0},{"not_picked":["Pummel","Cleave"],"picked":"Inflame","floor":6.0},{"not_picked":["Twin Strike","Pommel Strike"],"picked":"Headbutt","floor":8.0},{"not_picked":["Shrug It Off","Sever Soul"],"picked":"Limit Break","floor":11.0},{"not_picked":["Warcry","Sword Boomerang"],"picked":"Thunderclap","floor":12.0},{"not_picked":["Sword Boomerang","Iron Wave"],"picked":"Dark Embrace","floor":14.0},{"not_picked":["Impervious","Immolate"],"picked":"Fiend Fire","floor":16.0},{"not_picked":["Armaments","Heavy Blade"],"picked":"Havoc","floor":18.0},{"not_picked":["Clash+1","Perfected Strike"],"picked":"Body Slam","floor":22.0},{"not_picked":["Clash+1","Pommel Strike"],"picked":"Shockwave+1","floor":27.0},{"not_picked":["Uppercut+1","Perfected Strike+1"],"picked":"Dual Wield","floor":28.0}],"player_experience":392949,"relics_obtained":[{"floor":6.0,"key":"HornCleat"},{"floor":8.0,"key":"Vajra"},{"floor":9.0,"key":"Mummified Hand"},{"floor":26.0,"key":"Pear"}],"event_choices":[{"damage_healed":0.0,"max_hp_gain":0.0,"max_hp_loss":0.0,"gold_gain":0.0,"event_name":"Living Wall","player_choice":"Grow","floor":2.0,"gold_loss":0.0,"damage_taken":0.0,"cards_upgraded":["Rampage"]},{"damage_healed":0.0,"max_hp_gain":0.0,"max_hp_loss":0.0,"gold_gain":0.0,"event_name":"Golden Idol","player_choice":"Take Wound","floor":4.0,"gold_loss":0.0,"damage_taken":0.0,"relics_obtained":["Golden Idol"],"cards_obtained":["Injury"]},{"damage_healed":0.0,"max_hp_gain":0.0,"max_hp_loss":0.0,"gold_gain":75.0,"event_name":"World of Goop","player_choice":"Gather Gold","floor":5.0,"gold_loss":0.0,"damage_taken":11.0},{"damage_healed":0.0,"max_hp_gain":0.0,"max_hp_loss":0.0,"gold_gain":0.0,"event_name":"Elementarium:VoidShrine","player_choice":"Embrace","floor":19.0,"gold_loss":0.0,"damage_taken":0.0,"cards_obtained":["Doubt","Limit Break"]},{"damage_healed":0.0,"max_hp_gain":0.0,"max_hp_loss":9.0,"gold_gain":0.0,"event_name":"Elementarium:FountainOfGold","player_choice":"Dive in","floor":20.0,"gold_loss":0.0,"damage_taken":0.0,"cards_obtained":["Elementarium:GildedForm"]},{"damage_healed":0.0,"max_hp_gain":0.0,"max_hp_loss":0.0,"gold_gain":0.0,"event_name":"Elementarium:GreatTreasure","player_choice":"Poke through","floor":21.0,"gold_loss":0.0,"damage_taken":3.0},{"damage_healed":0.0,"max_hp_gain":0.0,"max_hp_loss":0.0,"gold_gain":0.0,"event_name":"Elementarium:AbandonedFactory","player_choice":"Chest","floor":25.0,"gold_loss":0.0,"damage_taken":0.0,"relics_obtained":["Elementarium:GolemsHeart"],"cards_obtained":["Pain"]}],"is_beta":false,"boss_relics":[{"not_picked":["Philosopher\u0027s Stone","Empty Cage"],"picked":"Pandora\u0027s Box"}],"items_purged_floors":[13],"is_endless":false,"potions_floor_spawned":[1,14,16,22,27,28],"killed_by":"Elementarium:GolemEmperor","ascension_level":2}}