{"host":"p245q48pmopyklqs","time":1607751470,"event":{"mods":["AchievementEnabler","BaseMod","DeckTracker","Minty Spire (QoL Compilation)","Relic Stats","StSLib","SuperFastMode"],"gold_per_floor":[214,139,158,158,158,199,199,199,226,226,249,273,294,309,309,402,402,418,439,205,226,73,109,109,143,143,68,68,88,88,104,104,104,104],"floor_reached":33,"playtime":1942,"items_purged":["Strike_G","Strike_G","Strike_G"],"score":570,"play_id":"f3b26573-0ace-4403-a742-190103171da0","local_time":"20201212143750","is_ascension_mode":true,"campfire_choices":[{"floor":8.0,"key":"REST"},{"data":"Cloak And Dagger","floor":10.0,"key":"SMITH"},{"data":"Bouncing Flask","floor":15.0,"key":"SMITH"},{"data":"Cloak And Dagger","floor":24.0,"key":"SMITH"},{"data":"Adrenaline","floor":30.0,"key":"SMITH"},{"floor":32.0,"key":"REST"}],"circlet_count":0,"master_deck":["AscendersBane","Strike_G","Defend_G","Defend_G","Defend_G","Defend_G","Survivor","Neutralize","All Out Attack","Dash","Cloak And Dagger+1","Acrobatics","Well Laid Plans","Bouncing Flask+1","Adrenaline+1","PiercingWail","Reflex","Accuracy","Prepared","Heel Hook","Blade Dance","Cloak And Dagger+1","Infinite Blades","Leg Sweep"],"relics":["Ring of the Snake","Golden Idol","Ninja Scroll","Strawberry","Akabeko","MealTicket","Runic Pyramid","Gremlin Horn"],"acts_visited":["Exordium","TheCity"],"potions_floor_usage":[33],"damage_taken":[{"damage":0.0,"enemies":"Cultist","floor":1.0,"turns":4.0},{"damage":7.0,"enemies":"Small Slimes","floor":3.0,"turns":3.0},{"damage":28.0,"enemies":"Lagavulin","floor":6.0,"turns":8.0},{"damage":0.0,"enemies":"2 Louse","floor":12.0,"turns":2.0},{"damage":0.0,"enemies":"Blue Slaver","floor":13.0,"turns":2.0},{"damage":0.0,"enemies":"2 Fungi Beasts","floor":14.0,"turns":3.0},{"damage":17.0,"enemies":"Hexaghost","floor":16.0,"turns":9.0},{"damage":22.0,"enemies":"Shell Parasite","floor":18.0,"turns":5.0},{"damage":0.0,"enemies":"Chosen","floor":19.0,"turns":5.0},{"damage":14.0,"enemies":"3 Cultists","floor":21.0,"turns":6.0},{"damage":13.0,"enemies":"Slavers","floor":23.0,"turns":8.0},{"damage":12.0,"enemies":"Gremlin Leader","floor":25.0,"turns":4.0},{"damage":12.0,"enemies":"Centurion and Healer","floor":29.0,"turns":4.0},{"damage":10.0,"enemies":"Snake Plant","floor":31.0,"turns":4.0},{"damage":43,"enemies":"Automaton","floor":33,"turns":6}],"seed_played":"2464177440647525077","potions_obtained":[{"floor":3.0,"key":"Fire Potion"},{"floor":14.0,"key":"GamblersBrew"},{"floor":18.0,"key":"SkillPotion"},{"floor":23.0,"key":"Weak Potion"},{"floor":25.0,"key":"SteroidPotion"},{"floor":29.0,"key":"SteroidPotion"}],"is_trial":false,"path_per_floor":["M","$","M","?","?","E","?","R","T","R","T","M","M","M","R","B",null,"M","M","$","M","$","E","R","E","T","?","$","M","R","M","R","B"],"character_chosen":"THE_SILENT","items_purchased":["Accuracy","Prepared","Blade Dance"],"campfire_rested":2,"item_purchase_floors":[20,20,22],"current_hp_per_floor":[59,59,52,52,52,24,13,33,33,33,33,33,33,33,33,16,54,32,32,47,33,48,35,35,23,23,23,38,26,26,16,36,0,0],"gold":104,"neow_bonus":"HUNDRED_GOLD","is_daily":false,"chose_seed":false,"campfire_upgraded":4,"win_rate":0.0,"timestamp":1607751470,"path_taken":["M","$","M","?","?","E","?","R","T","R","?","M","M","M","R","BOSS","M","M","$","M","$","E","R","E","T","?","$","M","R","M","R","BOSS"],"items_purchased_type":["Card","Card","Card"],"build_version":"2020-11-30","purchased_purges":3,"victory":false,"max_hp_per_floor":[66,66,66,60,60,60,67,67,67,67,67,67,67,67,67,67,67,67,67,67,67,67,67,67,67,67,67,67,67,67,67,67,67,67],"relic_stats":{"Gremlin Horn":[2,3],"counters":[15,73],"Golden Idol":78,"MealTicket":45,"obtain_stats":[{"Gremlin Horn":25,"Golden Idol":4,"Ninja Scroll":6,"Strawberry":7,"MealTicket":11,"Akabeko":9,"Ring of the Snake":0,"Runic Pyramid":17},{"Gremlin Horn":12,"Golden Idol":2,"Ninja Scroll":3,"Strawberry":3,"MealTicket":3,"Akabeko":3,"Ring of the Snake":0,"Runic Pyramid":7},{"Gremlin Horn":59,"Golden Idol":7,"Ninja Scroll":15,"Strawberry":15,"MealTicket":15,"Akabeko":15,"Ring of the Snake":0,"Runic Pyramid":31}],"Ring of the Snake":[30]},"card_choices":[{"not_picked":["Outmaneuver","Cloak And Dagger"],"picked":"All Out Attack","floor":1.0},{"not_picked":["Footwork","Outmaneuver"],"picked":"Dash","floor":3.0},{"not_picked":["Skewer","Calculated Gamble"],"picked":"Cloak And Dagger","floor":6.0},{"not_picked":["Prepared","Masterful Stab"],"picked":"Acrobatics","floor":12.0},{"not_picked":["Flying Knee","Dash"],"picked":"Well Laid Plans","floor":13.0},{"not_picked":["Sucker Punch","Riddle With Holes"],"picked":"Bouncing Flask","floor":14.0},{"not_picked":["A Thousand Cuts","Die Die Die"],"picked":"Adrenaline","floor":16.0},{"not_picked":["Dagger Throw","Bouncing Flask"],"picked":"PiercingWail","floor":18.0},{"not_picked":["Dagger Spray","Dagger Throw"],"picked":"Reflex","floor":19.0},{"not_picked":["Deflect","Flying Knee"],"picked":"Heel Hook","floor":21.0},{"not_picked":["Well Laid Plans","Deflect"],"picked":"Cloak And Dagger","floor":23.0},{"not_picked":["PiercingWail","Noxious Fumes"],"picked":"Infinite Blades","floor":25.0},{"not_picked":["Flying Knee","Deflect"],"picked":"Leg Sweep","floor":29.0},{"not_picked":["PiercingWail","Dagger Spray+1","Sucker Punch"],"picked":"SKIP","floor":31.0}],"player_experience":2254669,"relics_obtained":[{"floor":6.0,"key":"Ninja Scroll"},{"floor":9.0,"key":"Akabeko"},{"floor":11.0,"key":"MealTicket"},{"floor":25.0,"key":"Gremlin Horn"}],"event_choices":[{"damage_healed":0.0,"max_hp_gain":0.0,"max_hp_loss":6.0,"gold_gain":0.0,"event_name":"Golden Idol","player_choice":"Lose Max HP","floor":4.0,"gold_loss":0.0,"damage_taken":0.0,"relics_obtained":["Golden Idol"]},{"cards_removed":["Defend_G"],"damage_healed":0.0,"max_hp_gain":0.0,"max_hp_loss":0.0,"gold_gain":0.0,"event_name":"Living Wall","player_choice":"Forget","floor":5.0,"gold_loss":0.0,"damage_taken":0.0},{"damage_healed":0.0,"max_hp_gain":0.0,"max_hp_loss":0.0,"gold_gain":0.0,"event_name":"Scrap Ooze","player_choice":"Success","floor":7.0,"gold_loss":0.0,"damage_taken":18.0,"relics_obtained":["Strawberry"]},{"cards_removed":["Strike_G"],"damage_healed":0.0,"max_hp_gain":0.0,"max_hp_loss":0.0,"gold_gain":0.0,"event_name":"Beggar","player_choice":"Gave Gold","floor":27.0,"gold_loss":75.0,"damage_taken":0.0}],"is_beta":false,"boss_relics":[{"not_picked":["Black Star","Snecko Eye"],"picked":"Runic Pyramid"}],"items_purged_floors":[2,20,22],"is_endless":false,"potions_floor_spawned":[3,14,18,23,25,29],"killed_by":"Automaton","ascension_level":20}}