{"host":"q9718omregw4er46","time":1607772955,"event":{"mods":["BaseMod","Bestiary","Colored Powertips","Custom Start","Highlight Path","Minty Spire (QoL Compilation)","Practice Mode","Quick Restart","Relic Stats"],"gold_per_floor":[13,13,36,1,76,76,100,136,214,247,247,262,305,321,321,412,412,427,427,440,440,458,458,497,532,609,524,562,562,601,622,622,718,718,739,172,394,394,394,394],"floor_reached":39,"playtime":1725,"items_purged":["Injury"],"score":961,"play_id":"a195d5df-2f17-4ca0-84b9-e91aee1e7ac9","local_time":"20201212163555","is_ascension_mode":true,"campfire_choices":[{"data":"Brilliance","floor":6,"key":"SMITH"},{"data":"TalkToTheHand","floor":11,"key":"SMITH"},{"data":"Worship","floor":15,"key":"SMITH"},{"data":"Tantrum","floor":23,"key":"SMITH"},{"floor":29,"key":"REST"},{"floor":32,"key":"REST"}],"circlet_count":0,"master_deck":["AscendersBane","Eruption","Vigilance","Brilliance+1","EmptyFist","BowlingBash","TalkToTheHand+1","Worship+1","DevaForm","WheelKick","Tantrum+1","Meditate+1","Ragnarok","WaveOfTheHand","Omniscience","SandsOfTime","Evaluate","SignatureMove","Alpha","CutThroughFate","EmptyFist","Halt","CutThroughFate","TalkToTheHand","Fasting2","Madness","Madness"],"relics":["PureWater","Golden Idol","Strawberry","Eternal Feather","Toy Ornithopter","Cursed Key","Potion Belt","Red Mask","Yang","Oddly Smooth Stone","Pen Nib","Meat on the Bone","Pandora\u0027s Box","OrangePellets","Bag of Preparation"],"acts_visited":["Exordium","TheCity","TheBeyond"],"potions_floor_usage":[8,16,22,24,25,28],"damage_taken":[{"damage":4,"enemies":"Small Slimes","floor":1,"turns":3},{"damage":0,"enemies":"2 Louse","floor":3,"turns":2},{"damage":0,"enemies":"Jaw Worm","floor":7,"turns":2},{"damage":0,"enemies":"Gremlin Nob","floor":8,"turns":2},{"damage":5,"enemies":"3 Sentries","floor":10,"turns":6},{"damage":0,"enemies":"Blue Slaver","floor":12,"turns":4},{"damage":20,"enemies":"Gremlin Nob","floor":13,"turns":4},{"damage":0,"enemies":"Large Slime","floor":14,"turns":4},{"damage":27,"enemies":"Hexaghost","floor":16,"turns":9},{"damage":16,"enemies":"2 Thieves","floor":18,"turns":4},{"damage":15,"enemies":"Shell Parasite","floor":20,"turns":5},{"damage":0,"enemies":"Shelled Parasite and Fungi","floor":22,"turns":2},{"damage":26,"enemies":"Gremlin Leader","floor":24,"turns":5},{"damage":21,"enemies":"Masked Bandits","floor":25,"turns":3},{"damage":3,"enemies":"Slavers","floor":28,"turns":4},{"damage":14,"enemies":"Book of Stabbing","floor":30,"turns":4},{"damage":27,"enemies":"Snake Plant","floor":31,"turns":4},{"damage":27,"enemies":"Champ","floor":33,"turns":13},{"damage":8,"enemies":"Orb Walker","floor":35,"turns":3},{"damage":47,"enemies":"3 Darklings","floor":39,"turns":2}],"seed_played":"7705377009610203114","potions_obtained":[{"floor":3,"key":"ColorlessPotion"},{"floor":8,"key":"SkillPotion"},{"floor":10,"key":"BottledMiracle"},{"floor":16,"key":"LiquidBronze"},{"floor":20,"key":"DistilledChaos"},{"floor":22,"key":"PowerPotion"},{"floor":25,"key":"PowerPotion"},{"floor":33,"key":"StancePotion"}],"is_trial":false,"path_per_floor":["M","?","M","?","?","R","M","E","T","E","R","M","E","M","R","B",null,"M","?","M","?","M","R","E","?","T","?","E","R","E","M","R","B",null,"M","$","?","?","M"],"character_chosen":"WATCHER","items_purchased":["OrangePellets","TalkToTheHand","Bag of Preparation","Fasting2"],"campfire_rested":2,"item_purchase_floors":[36,36,36,36],"current_hp_per_floor":[57,34,34,51,40,40,40,47,47,42,51,51,31,31,40,18,61,45,45,30,30,35,47,26,10,10,10,12,46,32,17,51,36,65,57,57,57,43,0,0],"gold":394,"neow_bonus":"THREE_RARE_CARDS","is_daily":false,"chose_seed":false,"campfire_upgraded":4,"win_rate":0.0,"timestamp":1607772955,"path_taken":["M","?","M","?","?","R","M","E","T","E","R","M","E","M","R","BOSS","M","?","M","?","M","R","E","?","T","?","E","R","E","M","R","BOSS","M","$","?","?","?"],"items_purchased_type":["Relic","Card","Relic","Card"],"build_version":"2020-11-30","purchased_purges":1,"victory":false,"max_hp_per_floor":[68,68,68,68,68,68,68,75,75,75,75,75,75,75,75,75,75,75,75,75,75,75,75,75,75,75,75,75,75,75,75,75,75,75,75,75,75,75,75,75],"relic_stats":{"OrangePellets":[3],"counters":[20,85],"Golden Idol":125,"Eternal Feather":54,"Yang":[59],"Pandora\u0027s Box":["SandsOfTime","Evaluate","SignatureMove","Alpha","CutThroughFate","EmptyFist","Halt","CutThroughFate"],"Pen Nib":[5],"Bag of Preparation":[2],"Cursed Key":1,"obtain_stats":[{"Potion Belt":24,"Golden Idol":2,"Oddly Smooth Stone":27,"Eternal Feather":9,"Yang":26,"Pen Nib":28,"Bag of Preparation":36,"Cursed Key":17,"OrangePellets":36,"Strawberry":8,"Pandora\u0027s Box":34,"Red Mask":25,"PureWater":0,"Toy Ornithopter":10,"Meat on the Bone":30},{"Potion Belt":13,"Golden Idol":1,"Oddly Smooth Stone":14,"Eternal Feather":4,"Yang":14,"Pen Nib":15,"Bag of Preparation":19,"Cursed Key":9,"OrangePellets":19,"Strawberry":4,"Pandora\u0027s Box":18,"Red Mask":14,"PureWater":0,"Toy Ornithopter":5,"Meat on the Bone":16},{"Potion Belt":52,"Golden Idol":3,"Oddly Smooth Stone":55,"Eternal Feather":9,"Yang":55,"Pen Nib":59,"Bag of Preparation":83,"Cursed Key":36,"OrangePellets":83,"Strawberry":9,"Pandora\u0027s Box":80,"Red Mask":55,"PureWater":0,"Toy Ornithopter":15,"Meat on the Bone":63}],"Toy Ornithopter":25,"Meat on the Bone":24},"card_choices":[{"not_picked":["Devotion","Establishment"],"picked":"Brilliance","floor":0},{"not_picked":["FlyingSleeves","BowlingBash"],"picked":"EmptyFist","floor":1},{"not_picked":["Protect","Crescendo","EmptyFist"],"picked":"SKIP","floor":3},{"not_picked":["Consecrate","ThirdEye"],"picked":"BowlingBash","floor":7},{"not_picked":["ForeignInfluence","LikeWater"],"picked":"TalkToTheHand","floor":8},{"not_picked":["EmptyFist","WreathOfFlame"],"picked":"Worship","floor":10},{"not_picked":["SashWhip","Evaluate","Consecrate"],"picked":"SKIP","floor":12},{"not_picked":["Conclude","ConjureBlade","SashWhip"],"picked":"SKIP","floor":13},{"not_picked":["Halt","Evaluate","JustLucky"],"picked":"SKIP","floor":14},{"not_picked":["MasterReality","DeusExMachina"],"picked":"DevaForm","floor":16},{"not_picked":["CutThroughFate","CrushJoints"],"picked":"WheelKick","floor":18},{"not_picked":["PathToVictory","EmptyBody","Consecrate"],"picked":"SKIP","floor":20},{"not_picked":["ClearTheMind","EmptyFist+1"],"picked":"Meditate+1","floor":22},{"not_picked":["Evaluate+1","CrushJoints","FlyingSleeves"],"picked":"SKIP","floor":24},{"not_picked":["ClearTheMind+1","JustLucky","EmptyFist"],"picked":"SKIP","floor":28},{"not_picked":["DeceiveReality","FlurryOfBlows"],"picked":"Ragnarok","floor":30},{"not_picked":["ForeignInfluence","Fasting2"],"picked":"WaveOfTheHand","floor":31},{"not_picked":["DeusExMachina","DevaForm"],"picked":"Omniscience","floor":33},{"not_picked":["Consecrate","FollowUp+1","ClearTheMind"],"picked":"SKIP","floor":35}],"player_experience":995157,"relics_obtained":[{"floor":8,"key":"Strawberry"},{"floor":9,"key":"Eternal Feather"},{"floor":10,"key":"Toy Ornithopter"},{"floor":24,"key":"Potion Belt"},{"floor":25,"key":"Red Mask"},{"floor":26,"key":"Yang"},{"floor":28,"key":"Pen Nib"},{"floor":30,"key":"Meat on the Bone"}],"event_choices":[{"damage_healed":0,"gold_gain":0,"player_choice":"Take Damage","damage_taken":23,"relics_obtained":["Golden Idol"],"max_hp_gain":0,"max_hp_loss":0,"event_name":"Golden Idol","floor":2,"gold_loss":0},{"damage_healed":17,"gold_gain":0,"player_choice":"Healed","damage_taken":0,"max_hp_gain":0,"max_hp_loss":0,"event_name":"The Cleric","floor":4,"gold_loss":35},{"damage_healed":0,"gold_gain":75,"player_choice":"Gather Gold","damage_taken":11,"max_hp_gain":0,"max_hp_loss":0,"event_name":"World of Goop","floor":5,"gold_loss":0},{"damage_healed":0,"gold_gain":0,"player_choice":"Simplicity","damage_taken":0,"max_hp_gain":0,"max_hp_loss":0,"event_name":"Back to Basics","floor":19,"gold_loss":0,"cards_upgraded":["Strike_P","Strike_P","Strike_P","Strike_P","Defend_P","Defend_P","Defend_P","Defend_P"]},{"damage_healed":0,"gold_gain":0,"player_choice":"Read","damage_taken":0,"max_hp_gain":0,"max_hp_loss":0,"event_name":"The Library","floor":21,"gold_loss":0,"cards_obtained":["Tantrum"]},{"damage_healed":0,"gold_gain":0,"player_choice":"Fought Bandits","damage_taken":0,"max_hp_gain":0,"max_hp_loss":0,"event_name":"Masked Bandits","floor":25,"gold_loss":0},{"damage_healed":0,"gold_gain":0,"player_choice":"Obtained Relic","damage_taken":0,"relics_obtained":["Oddly Smooth Stone"],"max_hp_gain":0,"max_hp_loss":0,"event_name":"Addict","floor":27,"gold_loss":85},{"damage_healed":0,"gold_gain":222,"player_choice":"Wore Mask","damage_taken":0,"max_hp_gain":0,"max_hp_loss":0,"event_name":"Tomb of Lord Red Mask","floor":37,"gold_loss":0},{"damage_healed":0,"gold_gain":0,"player_choice":"Embrace Madness","damage_taken":14,"max_hp_gain":0,"max_hp_loss":0,"event_name":"Winding Halls","floor":38,"gold_loss":0,"cards_obtained":["Madness","Madness"]}],"is_beta":false,"boss_relics":[{"not_picked":["Astrolabe","Sozu"],"picked":"Cursed Key"},{"not_picked":["Busted Crown","Velvet Choker"],"picked":"Pandora\u0027s Box"}],"items_purged_floors":[36],"is_endless":false,"potions_floor_spawned":[3,8,10,16,20,22,25,33],"killed_by":"3 Darklings","ascension_level":19}}