{"host":"r5cycnjhcbwgkpkf","time":1607749892,"event":{"mods":["2.2 Compatiblity","AchievementEnabler","BaseMod","Bestiary","Better Match","Better Note","Better Skull","Better Third Choice","BetterRewards","Colored Map","Colored Powertips","Infinite Spire","Minty Spire (QoL Compilation)","Replay The Spire","Robot Space Explorer","Spicy Shops","StSLib","The Gatherer"],"gold_per_floor":[114,114,114,125,88,88,121,121,145,145,179,179,211,262,262,372,372,405,434,534,560,593,593,620,620,647,647,659,659,659],"floor_reached":28,"playtime":2927,"items_purged":[],"score":261,"play_id":"436d2c7e-27a9-413d-9381-0ea5eabe29ac","local_time":"20201211211132","is_ascension_mode":false,"metric_token":1169,"campfire_choices":[{"data":"Gatherer:Pollute","floor":6,"key":"SMITH"},{"data":"Gatherer:Frenzy","floor":10,"key":"SMITH"},{"data":"Gatherer:TreeGrowth","floor":15,"key":"SMITH"},{"floor":23,"key":"REST"},{"floor":25,"key":"REST"}],"circlet_count":0,"master_deck":["Gatherer:Strike_Gatherer+1","Gatherer:Strike_Gatherer","Gatherer:Strike_Gatherer+1","Gatherer:Strike_Gatherer","Gatherer:Strike_Gatherer+1","Gatherer:Defend_Gatherer","Gatherer:Defend_Gatherer","Gatherer:Defend_Gatherer","Gatherer:Defend_Gatherer","Gatherer:Defend_Gatherer","Gatherer:Centralize","Gatherer:FlowerWhip","Gatherer:MiningStrike","Gatherer:Pollute+1","Gatherer:BalancedGrowth","Gatherer:Frenzy+1","Gatherer:FragileHammer","Gatherer:GlowingPlant","Gatherer:Shadow","Gatherer:Light","Gatherer:TreeGrowth+1","Gatherer:BlackTea","Gatherer:AromaProtection","Gatherer:SmartManeuver+1","Gatherer:ScherryThrow","Gatherer:UpgradeBag+1","Gatherer:QuickSynthesis+1"],"relics":["Gatherer:AlchemyBag","NeowsBlessing","Smiling Mask","Toy Ornithopter","Replay:Bandana","Potion Belt","Akabeko"],"acts_visited":["Exordium","TheCity"],"potions_floor_usage":[24,24,24],"damage_taken":[{"damage":0,"enemies":"2 Louse","floor":1,"turns":1},{"damage":0,"enemies":"Jaw Worm","floor":4,"turns":1},{"damage":0,"enemies":"Gremlin Nob","floor":7,"turns":1},{"damage":25,"enemies":"Lagavulin","floor":11,"turns":4},{"damage":0,"enemies":"Cultist","floor":13,"turns":2},{"damage":4,"enemies":"Gremlin Nob","floor":14,"turns":3},{"damage":23,"enemies":"Fading Forest","floor":16,"turns":11},{"damage":18,"enemies":"Spheric Guardian","floor":18,"turns":4},{"damage":12,"enemies":"3 Byrds","floor":19,"turns":4},{"damage":9,"enemies":"Centurion and Healer","floor":21,"turns":7},{"damage":15,"enemies":"Cultist and Chosen","floor":22,"turns":6},{"damage":53,"enemies":"Shelled Parasite and Fungi","floor":24,"turns":8},{"damage":33,"enemies":"Centurion and Healer","floor":28,"turns":8}],"seed_played":"-2095738891231198013","potions_obtained":[{"floor":1,"key":"Block Potion"},{"floor":4,"key":"DuplicationPotion"},{"floor":13,"key":"Death Potion"},{"floor":16,"key":"Strength Potion"},{"floor":18,"key":"Swift Potion"},{"floor":19,"key":"PowerPotion"},{"floor":24,"key":"BlessingOfTheForge"}],"is_trial":false,"path_per_floor":["M","?","?","M","$","R","E","?","T","R","E","?","M","E","R","B",null,"M","M","?","M","M","R","M","R","T","?","M"],"character_chosen":"THE_GATHERER","items_purchased":["Gatherer:BalancedGrowth"],"campfire_rested":2,"item_purchase_floors":[5],"current_hp_per_floor":[72,58,62,62,62,62,62,62,62,62,37,42,42,38,38,37,77,59,47,47,38,23,46,8,31,31,31,0,0,0],"gold":659,"neow_bonus":"THREE_ENEMY_KILL","is_daily":false,"chose_seed":false,"campfire_upgraded":3,"win_rate":0.0,"timestamp":1607749892,"path_taken":["M","?","?","?","$","R","E","?","T","R","E","?","M","E","R","BOSS","M","M","?","M","M","R","M","R","T","?","M"],"items_purchased_type":["Card"],"build_version":"2020-11-30","purchased_purges":0,"victory":false,"max_hp_per_floor":[72,72,72,72,72,72,72,72,72,72,72,77,77,77,77,77,77,77,77,77,77,77,77,77,77,77,77,77,77,77],"card_choices":[{"not_picked":["Gatherer:EchoOfNature","Gatherer:Misfortune"],"picked":"Gatherer:MiningStrike","floor":1},{"not_picked":["Gatherer:FlowerShield","Gatherer:Convert"],"picked":"Gatherer:Pollute","floor":4},{"not_picked":["Gatherer:CollectorsShot","Gatherer:BalancedGrowth"],"picked":"Gatherer:Frenzy","floor":7},{"not_picked":["Gatherer:BigPouch","Gatherer:ScentOfRosmari"],"picked":"Gatherer:FragileHammer","floor":11},{"not_picked":["Gatherer:SmartManeuver","Gatherer:PotentialSlash"],"picked":"Gatherer:GlowingPlant","floor":13},{"not_picked":["Gatherer:OddSpoils","Gatherer:DrugPower"],"picked":"Gatherer:TreeGrowth","floor":14},{"not_picked":["Gatherer:GrowBook","Gatherer:LuckyClover"],"picked":"Gatherer:BlackTea","floor":16},{"not_picked":["Gatherer:DrugPower+1","Gatherer:FruitForce"],"picked":"Gatherer:AromaProtection","floor":18},{"not_picked":["Gatherer:Polymorphism","Gatherer:RottenStipe"],"picked":"Gatherer:SmartManeuver+1","floor":19},{"not_picked":["Gatherer:EnergyBasket","Gatherer:AromaProtection"],"picked":"Gatherer:ScherryThrow","floor":21},{"not_picked":["Gatherer:ScrollOfWall+1","Gatherer:DrugPower"],"picked":"Gatherer:UpgradeBag+1","floor":22},{"not_picked":["Gatherer:Polymorphism","Gatherer:FlowerShield"],"picked":"Gatherer:QuickSynthesis+1","floor":24}],"player_experience":300984,"relics_obtained":[{"floor":7,"key":"Smiling Mask"},{"floor":9,"key":"Toy Ornithopter"},{"floor":11,"key":"Replay:Bandana"},{"floor":14,"key":"Potion Belt"},{"floor":26,"key":"Akabeko"}],"event_choices":[{"damage_healed":72,"gold_gain":0,"player_choice":"Upgrade","damage_taken":14,"max_hp_gain":0,"max_hp_loss":72,"event_name":"betterThird:BetterShining","floor":2,"gold_loss":0,"cards_upgraded":["Gatherer:Strike_Gatherer","Gatherer:Strike_Gatherer"]},{"damage_healed":4,"gold_gain":0,"player_choice":"LEAVE ","damage_taken":0,"relics_obtained":[],"max_hp_gain":0,"max_hp_loss":0,"event_name":"betterSkull:BetterSkull","floor":3,"gold_loss":0,"cards_upgraded":[]},{"damage_healed":0,"gold_gain":0,"player_choice":"Donut","damage_taken":0,"max_hp_gain":5,"max_hp_loss":0,"event_name":"Big Fish","floor":12,"gold_loss":0},{"damage_healed":0,"gold_gain":100,"player_choice":"Pray","damage_taken":0,"max_hp_gain":0,"max_hp_loss":0,"event_name":"Golden Shrine","floor":20,"gold_loss":0},{"damage_healed":0,"gold_gain":0,"player_choice":"Ignored","damage_taken":0,"max_hp_gain":0,"max_hp_loss":0,"event_name":"betterNote:BetterNote","floor":27,"gold_loss":0,"cards_obtained":["infinitespire:Collect"]}],"is_beta":false,"boss_relics":[{"not_picked":["Painkiller Herb","Runic Pyramid","Replay:Bronze Core"]}],"items_purged_floors":[],"is_endless":false,"potions_floor_spawned":[1,4,13,16,18,19,24],"killed_by":"Centurion and Healer","ascension_level":0}}