{"host":"2psfthmeyefnuu1p","time":1607771784,"event":{"mods":["Aspiration","BaseMod","Challenge The Spire","Conspire","Downfall","GungeonMod","Hermit","Minty Spire (QoL Compilation)","Quick Restart","Replay The Spire","RumiaBox-露米娅的神秘盒子","Spicy Shops","StSLib","The Bladedancer","The Cursed","The Gatherer","The Jungle","The Runesmith","Uncapped","[IsaacMod]以撒尖塔","vexMod","【功能Mod】混沌之环修复补丁","篝火指南"],"gold_per_floor":[115,115,115,115,127,157,30,64,64,64,81,81,112,131,19,116,116,129,152,189,33,51,51,102,132,132,15,15,37,47,47,47,148,148,167,51,71,97,115,38,64,81,108,72,125,48,48,58,58,58,58,58,58,87,87,87],"floor_reached":55,"playtime":7310,"items_purged":["Doubt","Writhe"],"score":1131,"play_id":"7169b743-1b9b-4c10-bc55-790898fd2f71","local_time":"20201212191624","is_ascension_mode":true,"campfire_choices":[{"floor":10,"key":"REST"},{"floor":12,"key":"RECALL"},{"floor":32,"key":"REST"}],"circlet_count":0,"master_deck":["DemoMod:Strike_Huntress","DemoMod:Strike_Huntress","DemoMod:Strike_Huntress","DemoMod:Defend_Huntress","DemoMod:Defend_Huntress","DemoMod:Defend_Huntress","DemoMod:Defend_Huntress","DemoMod:Roll+1","DemoMod:ManualReload+1","DemoMod:RustySidearm","DemoMod:CrossBow+1","BloodyBrimstone","DemoMod:StickyCrossBow","DemoMod:DoubleSwitch","DemoMod:TripleGun","DemoMod:FightSabre","DemoMod:ShadowBullets","DemoMod:Unity","DemoMod:PotionOfGunFriendShip+1","DemoMod:Unity+1","DemoMod:StickyCrossBow","DemoMod:StickyCrossBow","DemoMod:GunShield","DemoMod:BulletBore","DemoMod:TableSutra","DemoMod:ShadowBullets+1","DemoMod:ShadowBullets+1","DemoMod:HungryBullets+1","DemoMod:Unity","DemoMod:EasyReloadBullets","DemoMod:PotionOfGunFriendShip+1","DemoMod:ThirdPartyController+1","DemoMod:BattleInHaste","DemoMod:MachoBrace+1","DemoMod:Polaris","DemoMod:HungryBullets+1","DemoMod:Unity+1","DemoMod:BattleInHaste+1","Madness","Madness","Replay:SS_forest_6","ReplayTheSpireMod:Brewmster+1","DemoMod:GunslingerForm+1","expansioncontent:Collect+1","DemoMod:PotionOfGunFriendShip+1","DemoMod:SAA"],"relics":["DemoMod:Dog","HushsDoor","SteamSale","NeowsBlessing","Ring of Hypnosis","Ring of Fury","Tiny Chest","HandDrill","ZombieArmy","DemoMod:SerJunkan","DemoMod:Junk","Strawberry","DemoMod:Wolf","conspire:InfiniteJournal","vexMod:Dragonfruit","ChaoDraw","DemoMod:ClearGuonStone","Boot","HowToJump","vexMod:ImprovementManual","aspiration:HiddenCompartment","Bronze Scales","War Paint","Membership Card","DemoMod:MonsterBlood","Regal Pillow","BelialBook","vexMod:FocusSash","Habit","Golden Egg","Whetstone","DemoMod:CrisisStone","Gremlin Food","Chemical X","Mango","Oddly Smooth Stone","aspiration:HummingbirdHeart","DemoMod:Bottle","BFFS","BookOfRevelations","Bag of Marbles","aspiration:ChemicalBlood","Bag of Preparation","Strange Spoon"],"acts_visited":["Exordium","TheCity","TheBeyond","TheEnding"],"potions_floor_usage":[33,33,55,55,55,55,55,55],"damage_taken":[{"damage":0,"enemies":"Jaw Worm","floor":1,"turns":1},{"damage":0,"enemies":"Small Slimes","floor":5,"turns":1},{"damage":0,"enemies":"Lagavulin","floor":6,"turns":1},{"damage":64,"enemies":"3 Sentries","floor":8,"turns":7},{"damage":0,"enemies":"Cultist","floor":11,"turns":2},{"damage":6,"enemies":"Gremlin Nob","floor":13,"turns":4},{"damage":2,"enemies":"3 Louse","floor":14,"turns":3},{"damage":7,"enemies":"Slime Boss","floor":16,"turns":5},{"damage":0,"enemies":"Chosen","floor":18,"turns":1},{"damage":5,"enemies":"2 Thieves","floor":22,"turns":2},{"damage":25,"enemies":"Book of Stabbing","floor":25,"turns":4},{"damage":0,"enemies":"Chosen and Byrds","floor":29,"turns":3},{"damage":8,"enemies":"Centurion and Healer","floor":30,"turns":4},{"damage":25,"enemies":"Pondfish","floor":33,"turns":8},{"damage":0,"enemies":"Orb Walker","floor":35,"turns":2},{"damage":0,"enemies":"3 Shapes","floor":37,"turns":3},{"damage":0,"enemies":"Sphere and 2 Shapes","floor":39,"turns":2},{"damage":0,"enemies":"Reptomancer","floor":41,"turns":4},{"damage":0,"enemies":"Writhing Mass","floor":42,"turns":3},{"damage":0,"enemies":"Transient","floor":45,"turns":5},{"damage":6,"enemies":"Spire Growth","floor":48,"turns":2},{"damage":47,"enemies":"Time Eater","floor":50,"turns":5},{"damage":0,"enemies":"Shield and Spear","floor":54,"turns":2},{"damage":101,"enemies":"Delirium","floor":55,"turns":5}],"seed_played":"-7527128110938163775","potions_obtained":[{"floor":6,"key":"SpeedPotion"},{"floor":11,"key":"Energy Potion"},{"floor":13,"key":"Regen Potion"},{"floor":14,"key":"Fire Potion"},{"floor":33,"key":"Fire Potion"},{"floor":35,"key":"LifebloodPotion"}],"is_trial":false,"path_per_floor":["M","?","?","T","M","E","$","E","T","R","M","R","E","M","R","B",null,"M","T","?","$","M","R","T","E","T","R","?","M","M","?","R","B",null,"M","$","M","T","M","R","E","M","T","R","M","$","?","M","R","B",null,"R","$","E","B"],"character_chosen":"HUNTRESS","items_purchased":["HandDrill","DemoMod:ShadowBullets","DemoMod:Unity","Strawberry","DemoMod:GunShield","DemoMod:ShadowBullets+1","vexMod:Dragonfruit","DemoMod:ClearGuonStone","Boot","aspiration:HiddenCompartment","Bronze Scales","War Paint","DemoMod:Unity+1","Membership Card","DemoMod:MonsterBlood","Regal Pillow","BelialBook","vexMod:FocusSash","Habit","Golden Egg","Whetstone","DemoMod:CrisisStone","Gremlin Food","Chemical X","Replay:SS_forest_6","ReplayTheSpireMod:Brewmster","Mango","Oddly Smooth Stone","aspiration:HummingbirdHeart","DemoMod:Bottle","BFFS","BookOfRevelations","Bag of Marbles","aspiration:ChemicalBlood","Bag of Preparation","Strange Spoon","DemoMod:GunslingerForm","expansioncontent:Collect","BlessingOfTheForge","BlessingOfTheForge","DemoMod:PotionOfGunFriendShip"],"campfire_rested":2,"item_purchase_floors":[7,7,7,15,15,21,21,27,27,36,36,40,44,46,46,46,46,46,46,49,49,49,49,49,49,49,52,52,52,52,52,53,53,53,53,53,53,53,53,53,53],"current_hp_per_floor":[70,70,70,70,70,70,70,6,6,26,26,26,20,18,25,18,71,71,71,54,59,54,54,54,29,29,29,29,29,21,21,43,33,76,76,76,76,76,76,76,76,76,76,76,76,83,73,67,67,20,83,97,97,97,0,0],"gold":87,"neow_bonus":"THREE_ENEMY_KILL","is_daily":false,"chose_seed":false,"campfire_upgraded":0,"win_rate":0.0,"timestamp":1607771784,"path_taken":["M","?","?","?","M","E","?","E","T","R","M","R","E","M","R","BOSS","M","?","?","$","M","R","?","E","T","R","?","?","M","?","R","BOSS","M","$","M","?","M","R","E","M","T","R","M","$","?","M","R","BOSS","R","$","E","BOSS"],"items_purchased_type":["Relic","Card","Card","Relic","Card","Card","Relic","Relic","Relic","Relic","Relic","Relic","Card","Relic","Relic","Relic","Relic","Relic","Relic","Relic","Relic","Relic","Relic","Relic","Card","Card","Relic","Relic","Relic","Relic","Relic","Relic","Relic","Relic","Relic","Relic","Card","Card","Potion","Potion","Card"],"build_version":"2020-11-30","purchased_purges":2,"victory":false,"max_hp_per_floor":[70,70,70,70,70,70,70,67,67,67,67,67,67,67,74,71,71,71,71,71,76,76,76,76,76,76,76,76,76,76,76,76,76,76,76,76,76,76,76,76,76,76,76,76,76,83,83,83,83,83,83,97,97,97,97,97],"card_choices":[{"not_picked":[],"picked":"BloodyBrimstone","floor":0.0},{"not_picked":["DemoMod:RadGun","DemoMod:HungryBullets"],"picked":"DemoMod:StickyCrossBow","floor":1},{"not_picked":["DemoMod:Rummage","DemoMod:FeignSurrender"],"picked":"DemoMod:DoubleSwitch","floor":5},{"not_picked":["DemoMod:HighKaliber","DemoMod:StickyCrossBow"],"picked":"DemoMod:TripleGun","floor":5},{"not_picked":["DemoMod:ConditionalReflex","DemoMod:StickyCrossBow"],"picked":"DemoMod:FightSabre","floor":6},{"not_picked":["DemoMod:Elimentaler","DemoMod:ChanceBullets"],"picked":"DemoMod:PotionOfGunFriendShip","floor":8},{"not_picked":["DemoMod:JK47","DemoMod:PotionOfGunFriendShip"],"picked":"DemoMod:Unity","floor":11},{"not_picked":["DemoMod:HighKaliber","DemoMod:HungryBullets"],"picked":"DemoMod:StickyCrossBow","floor":13},{"not_picked":["DemoMod:FastSwitch","DemoMod:Ejector"],"picked":"DemoMod:StickyCrossBow","floor":14},{"not_picked":["DemoMod:FightSabre","DemoMod:Elimentaler"],"picked":"DemoMod:BulletBore","floor":16},{"not_picked":["DemoMod:AC15","DemoMod:DirectionalPad"],"picked":"DemoMod:TableSutra","floor":18},{"not_picked":["DemoMod:FastSwitch","DemoMod:Camera"],"picked":"DemoMod:ShadowBullets","floor":20},{"not_picked":["DemoMod:SniperShot","DemoMod:StickyCrossBow"],"picked":"DemoMod:HungryBullets+1","floor":22},{"not_picked":["DemoMod:HighKaliber","DemoMod:Polaris"],"picked":"DemoMod:Unity","floor":25},{"not_picked":["DemoMod:DirectionalPad","DemoMod:MegaHand"],"picked":"DemoMod:EasyReloadBullets","floor":29},{"not_picked":["DemoMod:BattleInHaste","DemoMod:FastSwitch"],"picked":"DemoMod:PotionOfGunFriendShip","floor":30},{"not_picked":["DemoMod:Elimentaler","DemoMod:Gungine"],"picked":"DemoMod:ThirdPartyController","floor":33},{"not_picked":["DemoMod:ZorGun","DemoMod:ConditionalReflex"],"picked":"DemoMod:BattleInHaste","floor":35},{"not_picked":["DemoMod:Rummage+1","DemoMod:AC15+1"],"picked":"DemoMod:MachoBrace","floor":37},{"not_picked":["DemoMod:LifeOrb","DemoMod:Camera","DemoMod:BoxingGlove+1"],"picked":"SKIP","floor":39},{"not_picked":["DemoMod:AC15+1","DemoMod:ConditionalReflex"],"picked":"DemoMod:Polaris","floor":41},{"not_picked":["DemoMod:RadGun","DemoMod:ConditionalReflex+1"],"picked":"DemoMod:HungryBullets+1","floor":42},{"not_picked":["DemoMod:ConditionalReflex","DemoMod:Rummage"],"picked":"DemoMod:BattleInHaste+1","floor":45},{"not_picked":["DemoMod:AbyssalTentacle","DemoMod:HighKaliber","DemoMod:StickyCrossBow"],"picked":"SKIP","floor":48},{"not_picked":["DemoMod:GunstockTap","DemoMod:Rummage"],"picked":"DemoMod:SAA","floor":54}],"player_experience":140109,"relics_obtained":[{"floor":3,"key":"Ring of Hypnosis"},{"floor":3,"key":"Ring of Fury"},{"floor":6,"key":"Tiny Chest"},{"floor":8,"key":"ZombieArmy"},{"floor":9,"key":"DemoMod:SerJunkan"},{"floor":13,"key":"DemoMod:Junk"},{"floor":19,"key":"DemoMod:Junk"},{"floor":20,"key":"conspire:InfiniteJournal"},{"floor":24,"key":"DemoMod:Junk"},{"floor":25,"key":"DemoMod:Junk"},{"floor":26,"key":"ChaoDraw"},{"floor":38,"key":"DemoMod:Junk"},{"floor":41,"key":"DemoMod:Junk"},{"floor":43,"key":"DemoMod:Junk"},{"floor":54,"key":"DemoMod:Junk"}],"event_choices":[{"damage_healed":0,"gold_gain":0,"player_choice":"Leave","damage_taken":0,"max_hp_gain":0,"max_hp_loss":0,"event_name":"The Cleric","floor":2,"gold_loss":0},{"damage_healed":0,"gold_gain":0,"player_choice":"Opened","damage_taken":0,"relics_obtained":["HowToJump"],"max_hp_gain":0,"max_hp_loss":0,"event_name":"The Mausoleum","floor":28,"gold_loss":0,"cards_obtained":["Writhe"]},{"damage_healed":0,"gold_gain":0,"player_choice":"Embrace Madness","damage_taken":10,"max_hp_gain":0,"max_hp_loss":0,"event_name":"Winding Halls","floor":47,"gold_loss":0,"cards_obtained":["Madness","Madness"]}],"is_beta":false,"boss_relics":[{"not_picked":["Replay:Ancient Bell","Replay:Drink Me"],"picked":"DemoMod:Wolf"},{"not_picked":[]},{"not_picked":["SoulBox","aspiration:FutureDiary"],"picked":"vexMod:ImprovementManual"},{"not_picked":[]}],"items_purged_floors":[46,49],"is_endless":false,"potions_floor_spawned":[6,11,13,14,14,18,30,33,35,39,41,42],"killed_by":"Delirium","ascension_level":1}}