{"host":"5mo0809oo9tcrmpl","time":1607744798,"event":{"mods":["BaseMod","Highlight Path","Minty Spire (QoL Compilation)","Relic Stats","Slay the Relics Exporter"],"gold_per_floor":[11,23,35,110,121,121,121,152,152,152,108,127,127,146,146,146,146],"floor_reached":16,"playtime":516,"items_purged":[],"score":204,"play_id":"d98d19ac-1947-4564-a3c7-95847187876e","local_time":"20201211214638","is_ascension_mode":true,"campfire_choices":[{"data":"Whirlwind","floor":6.0,"key":"SMITH"},{"floor":13.0,"key":"REST"},{"data":"Clothesline","floor":15.0,"key":"SMITH"}],"circlet_count":0,"master_deck":["AscendersBane","Strike_R","Strike_R","Strike_R","Strike_R","Defend_R","Defend_R","Defend_R","Bash+1","Seeing Red","Clothesline+1","Whirlwind+1","Headbutt","Armaments","Shrug It Off"],"relics":["Burning Blood","The Courier","Unceasing Top"],"acts_visited":["Exordium"],"potions_floor_usage":[16],"damage_taken":[{"damage":4.0,"enemies":"Small Slimes","floor":1.0,"turns":4.0},{"damage":2.0,"enemies":"Jaw Worm","floor":2.0,"turns":3.0},{"damage":6.0,"enemies":"2 Louse","floor":3.0,"turns":4.0},{"damage":35.0,"enemies":"Exordium Thugs","floor":5.0,"turns":9.0},{"damage":32.0,"enemies":"Lagavulin","floor":8.0,"turns":7.0},{"damage":5.0,"enemies":"Gremlin Gang","floor":12.0,"turns":6.0},{"damage":0.0,"enemies":"Lots of Slimes","floor":14.0,"turns":1.0},{"damage":40,"enemies":"Slime Boss","floor":16,"turns":5}],"seed_played":"3704240571204240935","potions_obtained":[{"floor":3.0,"key":"Strength Potion"},{"floor":12.0,"key":"GamblersBrew"}],"is_trial":false,"path_per_floor":["M","M","M","?","M","R","T","E","T","?","$","M","R","M","R","B"],"character_chosen":"IRONCLAD","items_purchased":["Block Potion"],"campfire_rested":1,"item_purchase_floors":[11],"current_hp_per_floor":[70,74,74,63,34,34,34,8,8,8,8,9,31,37,37,0,0],"gold":146,"neow_bonus":"REMOVE_TWO","is_daily":false,"chose_seed":false,"campfire_upgraded":2,"win_rate":0.0,"timestamp":1607744798,"path_taken":["M","M","M","?","M","R","?","E","T","?","$","M","R","M","R","BOSS"],"items_purchased_type":["Potion"],"build_version":"2020-11-30","purchased_purges":0,"victory":false,"max_hp_per_floor":[75,75,75,75,75,75,75,75,75,75,75,75,75,75,75,75,75],"relic_stats":{"counters":[8,39],"obtain_stats":[{"The Courier":8,"Burning Blood":0,"Unceasing Top":9},{"The Courier":5,"Burning Blood":0,"Unceasing Top":5},{"The Courier":27,"Burning Blood":0,"Unceasing Top":27}],"Burning Blood":42,"Unceasing Top":[1]},"card_choices":[{"not_picked":["Flex","True Grit"],"picked":"Seeing Red","floor":1.0},{"not_picked":["Dual Wield","Clash"],"picked":"Clothesline","floor":2.0},{"not_picked":["Wild Strike","Reckless Charge","Intimidate"],"picked":"SKIP","floor":3.0},{"not_picked":["Wild Strike","Double Tap"],"picked":"Whirlwind","floor":5.0},{"not_picked":["Heavy Blade","Entrench"],"picked":"Headbutt","floor":8.0},{"not_picked":["Whirlwind","Headbutt"],"picked":"Armaments","floor":12.0},{"not_picked":["Anger","Havoc"],"picked":"Shrug It Off","floor":14.0}],"player_experience":1242971,"relics_obtained":[{"floor":8.0,"key":"The Courier"},{"floor":9.0,"key":"Unceasing Top"}],"event_choices":[{"damage_healed":0.0,"max_hp_gain":0.0,"max_hp_loss":0.0,"gold_gain":75.0,"event_name":"World of Goop","player_choice":"Gather Gold","floor":4.0,"gold_loss":0.0,"damage_taken":11.0},{"damage_healed":0.0,"max_hp_gain":0.0,"max_hp_loss":0.0,"gold_gain":0.0,"event_name":"Living Wall","player_choice":"Grow","floor":10.0,"gold_loss":0.0,"damage_taken":0.0,"cards_upgraded":["Bash"]}],"is_beta":false,"boss_relics":[],"items_purged_floors":[],"is_endless":false,"potions_floor_spawned":[3,12],"killed_by":"Slime Boss","ascension_level":20}}