{"host":"qqjv58wfhopf6ysa","time":1607753738,"event":{"mods":["AchievementEnabler","Aspiration","BaseMod","Conspire","Hubris","Infinite Spire","Minty Spire (QoL Compilation)","Quick Restart","Replay The Spire","StSLib","SuperFastMode","vexMod"],"gold_per_floor":[116,116,132,17,44,44,72,72,122,122,122,122,141,176,176,281,281,299,398,398,413,429,429,455,477,503,503,257,278,303,303,303,447,447,478,478,503,503,529,529,543,543,543,543,543,591,591,591,591,607,607],"floor_reached":50,"playtime":2158,"items_purged":["Strike_B","Defend_B"],"score":589,"play_id":"dc55027b-77ba-4f0a-afda-d9a9b6b9c850","local_time":"20201212151538","is_ascension_mode":false,"campfire_choices":[{"data":"Consume","floor":6,"key":"SMITH"},{"data":"Chill","floor":10,"key":"SMITH"},{"data":"Zap","floor":12,"key":"SMITH"},{"floor":15,"key":"DIG"},{"data":"infinitespire:TheBestDefense","floor":23,"key":"SMITH"},{"data":"hubris:MerchantsHand","floor":27,"key":"SMITH"},{"data":"Dualcast","floor":32,"key":"SMITH"},{"data":"hubris:InfiniteBlow+5","floor":40,"key":"SMITH"},{"data":"hubris:InfiniteBlow+6","floor":42,"key":"SMITH"},{"data":"hubris:InfiniteBlow+7","floor":44,"key":"SMITH"},{"data":"hubris:InfiniteBlow+8","floor":47,"key":"SMITH"},{"data":"hubris:InfiniteBlow+9","floor":49,"key":"SMITH"}],"circlet_count":0,"master_deck":["Strike_B+1","Strike_B","Strike_B","Defend_B+1","Defend_B+1","Defend_B+1","Zap+1","Dualcast+1","Chill+1","Finesse","Consume+1","Coolheaded","conspire:NecroticWound","Seek","infinitespire:TheBestDefense+1","hubris:MerchantsHand+1","Defragment+1","Amplify","CurseOfTheBell","hubris:InfiniteBlow+10","Metamorphosis","Crystallizer+1"],"relics":["Cracked Core","NeowsBlessing","infinitespire:Freezer","Replay:Bottled Snecko","Replay:Rubber Ducky","conspire:GlowingRock","infinitespire:Lucky Rock","ReplayTheSpireMod:SealedPack","hubris:BallOfYels","Simple Rune","Lee\u0027s Waffle","vexMod:ConsolationPrize","Calling Bell","Centennial Puzzle","hubris:PeanutButter","hubris:BundleOfHerbs","FrozenCore","Replay:Baseball","Letter Opener","Geode"],"acts_visited":["Exordium","TheCity","TheBeyond"],"potions_floor_usage":[],"damage_taken":[{"damage":0,"enemies":"Jaw Worm","floor":1,"turns":1},{"damage":0,"enemies":"Cultist","floor":3,"turns":1},{"damage":0,"enemies":"Lagavulin","floor":7,"turns":1},{"damage":0,"enemies":"2 Louse","floor":13,"turns":3},{"damage":16,"enemies":"Gremlin Nob","floor":14,"turns":5},{"damage":9,"enemies":"Hexaghost","floor":16,"turns":13},{"damage":0,"enemies":"Spheric Guardian","floor":18,"turns":6},{"damage":0,"enemies":"Shell Parasite","floor":21,"turns":9},{"damage":3,"enemies":"conspire:HollyBat","floor":22,"turns":8},{"damage":24,"enemies":"Nightmare","floor":24,"turns":16},{"damage":15,"enemies":"Sentry and Sphere","floor":25,"turns":11},{"damage":0,"enemies":"Centurion and Healer","floor":29,"turns":8},{"damage":0,"enemies":"Book of Stabbing","floor":30,"turns":7},{"damage":39,"enemies":"Collector","floor":33,"turns":16},{"damage":9,"enemies":"Orb Walker","floor":35,"turns":7},{"damage":0,"enemies":"3 Shapes","floor":37,"turns":5},{"damage":0,"enemies":"Maw","floor":39,"turns":10},{"damage":0,"enemies":"4 Shapes","floor":41,"turns":7},{"damage":21,"enemies":"Giant Head","floor":46,"turns":10},{"damage":98,"enemies":"LordOfAnnihilation","floor":50,"turns":10}],"seed_played":"6833209371117285917","potions_obtained":[{"floor":14,"key":"SpeedPotion"},{"floor":16,"key":"SteroidPotion"},{"floor":21,"key":"Explosive Potion"},{"floor":37,"key":"FocusPotion"}],"is_trial":false,"path_per_floor":["M","?","M","$","T","R","E","?","T","R","?","R","M","E","R","B",null,"M","?","?","M","M","R","NM","M","T","R","$","M","E","?","R","B",null,"M","AVR","M","?","M","R","M","R","T","R","?","E","R","?","R","B"],"character_chosen":"DEFECT","items_purchased":["Consume","Lee\u0027s Waffle"],"campfire_rested":0,"item_purchase_floors":[4,28],"current_hp_per_floor":[75,75,75,75,75,75,75,60,60,60,68,68,68,52,52,43,75,75,75,68,68,65,65,41,26,26,26,82,82,82,82,82,43,82,73,73,73,54,54,54,54,54,54,54,54,33,33,33,33,0,0],"gold":607,"neow_bonus":"THREE_ENEMY_KILL","is_daily":false,"chose_seed":false,"campfire_upgraded":11,"win_rate":0.0,"timestamp":1607753738,"path_taken":["M","?","?","$","?","R","E","?","T","R","?","R","M","E","R","BOSS","M","?","?","M","?","R","NM","M","T","R","$","M","E","?","R","BOSS","M","AVR","M","?","M","R","M","R","T","R","?","E","R","?","R","BOSS"],"items_purchased_type":["Card","Relic"],"build_version":"2020-11-30","purchased_purges":2,"victory":false,"max_hp_per_floor":[75,75,75,75,75,75,75,75,75,75,75,75,75,75,75,75,75,75,75,75,75,75,75,75,75,75,75,82,82,82,82,82,82,82,82,82,82,82,82,82,82,82,82,82,82,82,82,82,82,82,82],"card_choices":[{"not_picked":["Reprogram","Go for the Eyes","Force Field"],"picked":"SKIP","floor":1},{"not_picked":["Panic Button","Reprogram","ReplayGash"],"picked":"SKIP","floor":3},{"not_picked":["Barrage","Ball Lightning"],"picked":"Coolheaded","floor":7},{"not_picked":["Cold Snap","Barrage","Hologram"],"picked":"SKIP","floor":13},{"not_picked":["Ball Lightning","Steam","Rebound"],"picked":"SKIP","floor":14},{"not_picked":["Meteor Strike","Reboot"],"picked":"Seek","floor":17},{"not_picked":["hubris:Rewind","infinitespire:NeuralNetwork"],"picked":"infinitespire:TheBestDefense","floor":17},{"not_picked":["Bash","Survivor"],"picked":"hubris:MerchantsHand","floor":17},{"not_picked":["Leap","Streamline","Barrage"],"picked":"SKIP","floor":18},{"not_picked":["Turbo+1","Compile Driver","Leap"],"picked":"SKIP","floor":21},{"not_picked":["Compile Driver","Hologram","Darkness"],"picked":"SKIP","floor":22},{"not_picked":["Steam+1","All For One","Beam Cell"],"picked":"SKIP","floor":24},{"not_picked":["Steam+1","All For One","Beam Cell"],"picked":"SKIP","floor":24},{"not_picked":["Rebound","Go for the Eyes","Leap"],"picked":"SKIP","floor":25},{"not_picked":["Conserve Battery","Gash"],"picked":"Defragment+1","floor":29},{"not_picked":["Redo","Leap+1","BasicCrystalCard"],"picked":"SKIP","floor":30},{"not_picked":["Machine Learning","Hyperbeam"],"picked":"Amplify","floor":33},{"not_picked":["Sweeping Beam+1","ReplaySolidLightProjector","Rebound"],"picked":"SKIP","floor":35},{"not_picked":["Sweeping Beam","Redo+1","Hologram+1"],"picked":"SKIP","floor":37},{"not_picked":["infinitespire:FinalStrike","ReplayTheSpireMod:Echoes of Time"],"picked":"hubris:InfiniteBlow+5","floor":38},{"not_picked":["Coolheaded+1","BasicCrystalCard","Reboot"],"picked":"SKIP","floor":39},{"not_picked":["Self Repair","Time Bomb","Redo+1"],"picked":"SKIP","floor":41},{"not_picked":["ReplayTheSpireMod:Necrogeddon","Discovery"],"picked":"Metamorphosis","floor":45},{"not_picked":["Steam+1","Rebound"],"picked":"Crystallizer+1","floor":46}],"player_experience":313585,"relics_obtained":[{"floor":5,"key":"infinitespire:Freezer"},{"floor":7,"key":"Replay:Bottled Snecko"},{"floor":9,"key":"Replay:Rubber Ducky"},{"floor":14,"key":"conspire:GlowingRock"},{"floor":15,"key":"infinitespire:Lucky Rock"},{"floor":24,"key":"hubris:BallOfYels"},{"floor":26,"key":"Simple Rune"},{"floor":30,"key":"vexMod:ConsolationPrize"},{"floor":34,"key":"Centennial Puzzle"},{"floor":34,"key":"hubris:PeanutButter"},{"floor":34,"key":"hubris:BundleOfHerbs"},{"floor":43,"key":"Letter Opener"},{"floor":46,"key":"Geode"}],"event_choices":[{"damage_healed":0,"gold_gain":0,"player_choice":"2 cards matched","damage_taken":0,"max_hp_gain":0,"max_hp_loss":0,"event_name":"Match and Keep!","floor":2,"gold_loss":0,"cards_obtained":["Chill","Finesse"]},{"damage_healed":0,"gold_gain":0,"player_choice":"Entered Light","damage_taken":15,"max_hp_gain":0,"max_hp_loss":0,"event_name":"Shining Light","floor":8,"gold_loss":0,"cards_upgraded":["Defend_B","Strike_B"]},{"damage_healed":0,"gold_gain":99,"player_choice":"Stole From Cult","damage_taken":0,"max_hp_gain":0,"max_hp_loss":0,"event_name":"Nest","floor":19,"gold_loss":0},{"damage_healed":0,"gold_gain":0,"player_choice":"Damaged","damage_taken":7,"max_hp_gain":0,"max_hp_loss":0,"event_name":"Wheel of Change","floor":20,"gold_loss":0},{"damage_healed":0,"gold_gain":0,"player_choice":"Memory 1","damage_taken":0,"max_hp_gain":0,"max_hp_loss":0,"event_name":"SensoryStone","floor":45,"gold_loss":0}],"is_beta":false,"boss_relics":[{"not_picked":["Replay:Drink Me","aspiration:PoetsPen_weak"],"picked":"ReplayTheSpireMod:SealedPack"},{"not_picked":["Abe\u0027s Treasure","Ring of Chaos"],"picked":"Calling Bell"}],"items_purged_floors":[4,28],"is_endless":true,"potions_floor_spawned":[14,16,21,22,30,37,41],"killed_by":"LordOfAnnihilation","ascension_level":0}}