{"host":"y0fby0q96ywik4sv","time":1607752096,"event":{"mods":["BaseMod","StSLib","SuperFastMode","Colored Map","Custom Start","DeckTracker","2.2 Compatiblity","Highlight Path","Keyboard Shortcuts","Minty Spire (QoL Compilation)","Permanent Neow","Quick Restart","everything is the same but u backflip on backflip"],"gold_per_floor":[365,19,94,113,123,158,61,81,81,81,81,114,114,144,144,221,221,232,245,136,147,147,179,179,213,213,312,345,356,356,356,356,433,433,446,446,459,213,233,272,272,272,305,314,342,366,396,454,454,454,454],"floor_reached":50,"playtime":1156,"items_purged":["Defend_R","Decay"],"score":1303,"play_id":"d8a79546-2de8-4d38-b61c-9e9ba78eea77","local_time":"20201212144816","is_ascension_mode":true,"campfire_choices":[{"data":"Perfected Strike","floor":11.0,"key":"SMITH"},{"data":"Perfected Strike","floor":15.0,"key":"SMITH"},{"data":"Perfected Strike","floor":30.0,"key":"SMITH"},{"data":"Perfected Strike","floor":32.0,"key":"SMITH"},{"data":"Barricade","floor":41.0,"key":"SMITH"},{"data":"1","floor":49.0,"key":"LIFT"}],"circlet_count":1,"master_deck":["AscendersBane","Strike_R+1","Strike_R+1","Strike_R+1","Strike_R+1","Strike_R+1","Defend_R+1","Defend_R+1","Defend_R+1","Bash+1","Perfected Strike+1","Perfected Strike+1","Perfected Strike+1","Ghostly Armor+1","Perfected Strike+1","Pommel Strike+1","Shrug It Off+1","Twin Strike+1","Barricade+1","Dual Wield+1","Twin Strike+1","Shrug It Off+1","Twin Strike+1","Evolve+1","Double Tap+1","Whirlwind+1","Second Wind+1","Perfected Strike+1","Impervious+1","Shockwave+1","Shrug It Off+1","Shame","Trip","Twin Strike+1","Intimidate+1"],"special_seed":0,"relics":["Burning Blood","DollysMirror","PreservedInsect","Girya","Kunai","Mango","Ancient Tea Set","Cursed Key","Circlet","WingedGreaves","Art of War","Molten Egg 2","Turnip","Blood Vial","Snecko Eye","Orichalcum","CeramicFish","Mark of the Bloom","Nunchaku","Bag of Marbles","Thread and Needle","Calipers"],"acts_visited":["Exordium","TheCity","TheBeyond"],"potions_floor_usage":[50],"damage_taken":[{"damage":12.0,"enemies":"Jaw Worm","floor":1.0,"turns":4.0},{"damage":5.0,"enemies":"Small Slimes","floor":4.0,"turns":3.0},{"damage":0.0,"enemies":"2 Louse","floor":5.0,"turns":2.0},{"damage":16.0,"enemies":"Gremlin Nob","floor":6.0,"turns":3.0},{"damage":12.0,"enemies":"Exordium Wildlife","floor":8.0,"turns":3.0},{"damage":10.0,"enemies":"Lagavulin","floor":12.0,"turns":3.0},{"damage":0.0,"enemies":"Gremlin Nob","floor":14.0,"turns":2.0},{"damage":0.0,"enemies":"The Guardian","floor":16.0,"turns":8.0},{"damage":0.0,"enemies":"Spheric Guardian","floor":18.0,"turns":1.0},{"damage":0.0,"enemies":"Chosen","floor":19.0,"turns":3.0},{"damage":10.0,"enemies":"3 Cultists","floor":21.0,"turns":5.0},{"damage":15.0,"enemies":"Gremlin Leader","floor":23.0,"turns":3.0},{"damage":21.0,"enemies":"Slavers","floor":25.0,"turns":3.0},{"damage":25.0,"enemies":"Book of Stabbing","floor":28.0,"turns":4.0},{"damage":16.0,"enemies":"Snake Plant","floor":29.0,"turns":2.0},{"damage":36.0,"enemies":"Collector","floor":33.0,"turns":7.0},{"damage":0.0,"enemies":"3 Shapes","floor":35.0,"turns":3.0},{"damage":10.0,"enemies":"Orb Walker","floor":37.0,"turns":2.0},{"damage":0.0,"enemies":"Maw","floor":39.0,"turns":6.0},{"damage":3.0,"enemies":"Giant Head","floor":40.0,"turns":4.0},{"damage":0.0,"enemies":"Nemesis","floor":45.0,"turns":3.0},{"damage":0.0,"enemies":"Spire Growth","floor":46.0,"turns":1.0},{"damage":4.0,"enemies":"Giant Head","floor":47.0,"turns":3.0},{"damage":3.0,"enemies":"2 Orb Walkers","floor":48.0,"turns":3.0},{"damage":85,"enemies":"Time Eater","floor":50,"turns":7}],"seed_played":"5656318275662522820","potions_obtained":[{"floor":1.0,"key":"FairyPotion"},{"floor":8.0,"key":"SteroidPotion"},{"floor":14.0,"key":"DistilledChaos"},{"floor":16.0,"key":"CultistPotion"},{"floor":18.0,"key":"LiquidMemories"},{"floor":25.0,"key":"CultistPotion"},{"floor":29.0,"key":"Block Potion"},{"floor":33.0,"key":"Dexterity Potion"},{"floor":35.0,"key":"DuplicationPotion"}],"is_trial":false,"path_per_floor":["M","$","?","M","M","E","$","M","T","?","R","E","?","E","R","B",null,"M","M","$","M","$","E","?","E","T","?","E","M","R","?","R","B",null,"M","?","M","$","M","E","R","?","T","?","E","M","E","?","R","B"],"character_chosen":"IRONCLAD","items_purchased":["Perfected Strike","DollysMirror","PreservedInsect","Shrug It Off","Twin Strike","Evolve","Orichalcum"],"campfire_rested":0,"item_purchase_floors":[2,2,2,7,7,20,38],"current_hp_per_floor":[45,45,34,35,41,31,31,25,25,51,51,47,58,64,64,70,88,94,94,94,90,90,81,81,66,66,66,47,39,39,39,39,11,73,81,81,79,79,87,92,92,92,92,92,92,92,88,85,85,0,0],"gold":454,"neow_bonus":"TWO_FIFTY_GOLD","is_daily":false,"chose_seed":false,"campfire_upgraded":5,"win_rate":0,"timestamp":1607752096,"path_taken":["M","$","?","M","M","E","$","M","T","?","R","E","?","E","R","BOSS","M","M","$","M","$","E","?","E","T","?","E","M","R","?","R","BOSS","M","?","M","$","M","E","R","?","T","?","E","?","E","?","R","BOSS"],"build_version":"2020-11-30","purchased_purges":2,"victory":false,"max_hp_per_floor":[80,80,80,80,80,80,80,80,80,80,80,80,94,94,94,94,94,94,94,94,94,94,94,94,94,94,94,94,94,94,94,94,94,94,94,94,94,94,94,94,94,94,94,94,94,94,94,94,94,94,94],"card_choices":[{"not_picked":["Ghostly Armor","Anger"],"picked":"Perfected Strike","floor":1.0},{"not_picked":["Warcry","Inflame"],"picked":"Ghostly Armor","floor":4.0},{"not_picked":["Twin Strike","Inflame"],"picked":"Perfected Strike","floor":5.0},{"not_picked":["Havoc","Carnage"],"picked":"Pommel Strike","floor":6.0},{"not_picked":["Cleave","Heavy Blade"],"picked":"Barricade","floor":8.0},{"not_picked":["Body Slam","Searing Blow"],"picked":"Dual Wield","floor":12.0},{"not_picked":["Rampage","Carnage"],"picked":"Twin Strike","floor":14.0},{"not_picked":["Clash","Second Wind"],"picked":"Shrug It Off","floor":18.0},{"not_picked":["Shrug It Off","Clash"],"picked":"Twin Strike","floor":19.0},{"not_picked":["Clothesline","Pummel+1"],"picked":"Double Tap","floor":21.0},{"not_picked":["Rampage","Power Through","Disarm"],"picked":"SKIP","floor":23.0},{"not_picked":["Blood for Blood+1","Rampage+1","Anger+1"],"picked":"SKIP","floor":25.0},{"not_picked":["Flex+1","Cleave+1"],"picked":"Whirlwind+1","floor":28.0},{"not_picked":["Infernal Blade","Sword Boomerang+1"],"picked":"Second Wind","floor":29.0},{"not_picked":["Reaper+1","Barricade"],"picked":"Impervious","floor":33.0},{"not_picked":["Headbutt+1","Combust"],"picked":"Shockwave+1","floor":35.0},{"not_picked":["Shrug It Off","Evolve","Iron Wave+1"],"picked":"SKIP","floor":37.0},{"not_picked":["Whirlwind+1","Thunderclap+1","Havoc"],"picked":"SKIP","floor":39.0},{"not_picked":["Demon Form","Armaments"],"picked":"Shrug It Off+1","floor":40.0},{"not_picked":["Sadistic Nature","Jack Of All Trades"],"picked":"Trip","floor":44.0},{"not_picked":["Inflame","Clash+1","Heavy Blade+1"],"picked":"SKIP","floor":45.0},{"not_picked":["Body Slam+1","Burning Pact+1"],"picked":"Twin Strike+1","floor":46.0},{"not_picked":["Fire Breathing","True Grit","Dual Wield"],"picked":"SKIP","floor":47.0},{"not_picked":["Thunderclap+1","Clothesline+1"],"picked":"Intimidate+1","floor":48.0}],"player_experience":162817,"relics_obtained":[{"floor":6.0,"key":"Girya"},{"floor":12.0,"key":"Kunai"},{"floor":14.0,"key":"Ancient Tea Set"},{"floor":23.0,"key":"Art of War"},{"floor":25.0,"key":"Molten Egg 2"},{"floor":26.0,"key":"Turnip"},{"floor":28.0,"key":"Blood Vial"},{"floor":40.0,"key":"CeramicFish"},{"floor":43.0,"key":"Nunchaku"},{"floor":45.0,"key":"Bag of Marbles"},{"floor":47.0,"key":"Thread and Needle"},{"floor":48.0,"key":"Calipers"}],"event_choices":[{"damage_healed":0.0,"max_hp_gain":0.0,"max_hp_loss":0.0,"gold_gain":75.0,"event_name":"World of Goop","player_choice":"Gather Gold","floor":3.0,"gold_loss":0.0,"damage_taken":11.0},{"damage_healed":26.0,"max_hp_gain":0.0,"max_hp_loss":0.0,"gold_gain":0.0,"event_name":"Big Fish","player_choice":"Banana","floor":10.0,"gold_loss":0.0,"damage_taken":0.0},{"damage_healed":0.0,"max_hp_gain":0.0,"max_hp_loss":0.0,"gold_gain":0.0,"event_name":"Scrap Ooze","player_choice":"Success","floor":13.0,"gold_loss":0.0,"damage_taken":3.0,"relics_obtained":["Mango"]},{"damage_healed":0.0,"max_hp_gain":0.0,"max_hp_loss":0.0,"gold_gain":0.0,"event_name":"Ghosts","player_choice":"Ignored","floor":24.0,"gold_loss":0.0,"damage_taken":0.0},{"damage_healed":0.0,"max_hp_gain":0.0,"max_hp_loss":0.0,"gold_gain":99.0,"event_name":"Nest","player_choice":"Stole From Cult","floor":27.0,"gold_loss":0.0,"damage_taken":0.0},{"damage_healed":0.0,"max_hp_gain":0.0,"max_hp_loss":0.0,"gold_gain":0.0,"event_name":"The Library","player_choice":"Read","floor":31.0,"gold_loss":0.0,"damage_taken":0.0,"cards_obtained":["Perfected Strike"]},{"damage_healed":0.0,"max_hp_gain":0.0,"max_hp_loss":0.0,"gold_gain":0.0,"event_name":"Tomb of Lord Red Mask","player_choice":"Ignored","floor":36.0,"gold_loss":0.0,"damage_taken":0.0},{"damage_healed":0.0,"max_hp_gain":0.0,"max_hp_loss":0.0,"gold_gain":0.0,"event_name":"MindBloom","player_choice":"Upgrade","floor":42.0,"gold_loss":0.0,"damage_taken":0.0,"cards_upgraded":["Strike_R","Strike_R","Strike_R","Strike_R","Strike_R","Defend_R","Defend_R","Defend_R","Bash","Ghostly Armor","Pommel Strike","Shrug It Off","Twin Strike","Dual Wield","Twin Strike","Shrug It Off","Twin Strike","Evolve","Double Tap","Second Wind","Impervious"],"relics_obtained":["Mark of the Bloom"]},{"damage_healed":0.0,"max_hp_gain":0.0,"max_hp_loss":0.0,"gold_gain":0.0,"event_name":"SensoryStone","player_choice":"Memory 1","floor":44.0,"gold_loss":0.0,"damage_taken":0.0},{"damage_healed":0.0,"max_hp_gain":0.0,"max_hp_loss":0.0,"gold_gain":0.0,"event_name":"Mysterious Sphere","player_choice":"Fight","floor":48.0,"gold_loss":0.0,"damage_taken":0.0}],"is_beta":false,"boss_relics":[{"not_picked":["Tiny House","Runic Cube"],"picked":"Cursed Key"},{"not_picked":["Empty Cage","Philosopher\u0027s Stone"],"picked":"Snecko Eye"}],"items_purged_floors":[20,38],"is_endless":false,"potions_floor_spawned":[1,8,14,16,18,25,29,33,35,45,46],"killed_by":"Time Eater","ascension_level":13}}