{"host":"8dhn6p16jorj0i1s","time":1607807566,"event":{"mods":["BaseMod","Colored Map","Minty Spire (QoL Compilation)","Permanent Neow","Quick Restart"],"gold_per_floor":[17,17,31,46,69,69,110,110,110,145,145,145,18,31,31,161,161,180,204,225,238,258,299,299,320,400,435,456,356,266,266,266,385,385,409,284,284,303,153,153,166,166,191,210,253,253,253,289,289,289,289,289,12,51,51,51],"floor_reached":55,"playtime":6321,"items_purged":["Defend_P","Strike_P","Defend_P","Strike_P","Defend_P+1"],"score":907,"play_id":"d8735ea2-8e8b-4b7a-8f85-e590bb7b0030","local_time":"20201212221246","is_ascension_mode":true,"campfire_choices":[{"data":"Vigilance","floor":6.0,"key":"SMITH"},{"data":"Devotion","floor":12.0,"key":"SMITH"},{"data":"Wallop","floor":15.0,"key":"SMITH"},{"data":"Ragnarok","floor":24.0,"key":"SMITH"},{"data":"Protect","floor":32,"key":"SMITH"},{"data":"Evaluate","floor":40,"key":"SMITH"},{"data":"ReachHeaven","floor":47,"key":"SMITH"},{"floor":49,"key":"RECALL"},{"data":"Prostrate","floor":52,"key":"SMITH"}],"circlet_count":0,"master_deck":["Eruption","Vigilance+1","Devotion+1","DevaForm","Evaluate+1","FlyingSleeves","Protect+1","Prostrate+1","Pray","Wallop+1","Protect","Ragnarok+1","Crescendo+1","EmptyMind+1","ClearTheMind","Brilliance+1","ReachHeaven+1","CarveReality+1"],"relics":["HolyWater","Golden Idol","Pantograph","Juzu Bracelet","Meat on the Bone","Incense Burner","Mummified Hand","TeardropLocket","Bag of Preparation","SacredBark","Boot","Molten Egg 2","TungstenRod"],"acts_visited":["Exordium","TheCity","TheBeyond","TheEnding"],"potions_floor_usage":[33,45,50,54,54],"damage_taken":[{"damage":10.0,"enemies":"Small Slimes","floor":1.0,"turns":5.0},{"damage":6.0,"enemies":"Jaw Worm","floor":3.0,"turns":6.0},{"damage":0.0,"enemies":"Cultist","floor":4.0,"turns":3.0},{"damage":1.0,"enemies":"Looter","floor":5.0,"turns":5.0},{"damage":1.0,"enemies":"Lagavulin","floor":7.0,"turns":9.0},{"damage":24.0,"enemies":"Gremlin Nob","floor":10.0,"turns":5.0},{"damage":9.0,"enemies":"Red Slaver","floor":14.0,"turns":4.0},{"damage":1.0,"enemies":"Slime Boss","floor":16.0,"turns":8.0},{"damage":22.0,"enemies":"2 Thieves","floor":18.0,"turns":4.0},{"damage":8.0,"enemies":"3 Byrds","floor":19.0,"turns":4.0},{"damage":0.0,"enemies":"Snecko","floor":20.0,"turns":2.0},{"damage":5.0,"enemies":"Centurion and Healer","floor":21.0,"turns":6.0},{"damage":8.0,"enemies":"Shelled Parasite and Fungi","floor":22.0,"turns":5.0},{"damage":0.0,"enemies":"Book of Stabbing","floor":23.0,"turns":5.0},{"damage":2.0,"enemies":"Cultist and Chosen","floor":25.0,"turns":6.0},{"damage":6.0,"enemies":"Gremlin Leader","floor":27.0,"turns":5.0},{"damage":3,"enemies":"Snake Plant","floor":28,"turns":3},{"damage":4,"enemies":"Collector","floor":33,"turns":7},{"damage":30,"enemies":"3 Shapes","floor":35,"turns":6},{"damage":0,"enemies":"Orb Walker","floor":38,"turns":3},{"damage":1,"enemies":"Sphere and 2 Shapes","floor":41,"turns":4},{"damage":0,"enemies":"Transient","floor":44,"turns":5},{"damage":20,"enemies":"Nemesis","floor":45,"turns":3},{"damage":0,"enemies":"Giant Head","floor":48,"turns":4},{"damage":55,"enemies":"Time Eater","floor":50,"turns":7},{"damage":30,"enemies":"Shield and Spear","floor":54,"turns":4},{"damage":65,"enemies":"The Heart","floor":55,"turns":5}],"seed_played":"-63425415276744989","potions_obtained":[{"floor":4.0,"key":"Block Potion"},{"floor":7.0,"key":"BlessingOfTheForge"},{"floor":16.0,"key":"PowerPotion"},{"floor":18.0,"key":"ColorlessPotion"},{"floor":19.0,"key":"FearPotion"},{"floor":23.0,"key":"SneckoOil"},{"floor":25.0,"key":"Fire Potion"},{"floor":28,"key":"BottledMiracle"},{"floor":41,"key":"Fire Potion"}],"is_trial":false,"path_per_floor":["M","?","M","M","M","R","E","?","T","E","?","R","$","M","R","B",null,"M","M","M","M","M","E","R","M","T","E","M","$","?","?","R","B",null,"M","$","?","M","$","R","M","?","T","M","E","?","R","E","R","B",null,"R","$","E","B"],"character_chosen":"WATCHER","items_purchased":["Protect","Fire Potion","Energy Potion"],"campfire_rested":0,"item_purchase_floors":[13,53,53],"current_hp_per_floor":[62,62,56,56,55,55,54,36,36,24,24,24,24,27,27,51,72,50,42,42,37,41,41,41,39,39,45,42,42,42,42,42,63,72,42,42,42,42,42,42,41,41,41,41,33,38,38,38,38,20,68,68,68,38,0,0],"gold":51,"neow_bonus":"TRANSFORM_TWO_CARDS","is_daily":false,"chose_seed":false,"campfire_upgraded":8,"win_rate":0.0,"timestamp":1607807566,"path_taken":["M","?","M","M","M","R","E","?","T","E","?","R","$","M","R","BOSS","M","M","M","M","M","E","R","M","T","E","M","$","?","?","R","BOSS","M","$","?","M","$","R","M","?","T","M","E","?","R","E","R","BOSS","R","$","E","BOSS"],"items_purchased_type":["Card","Potion","Potion"],"build_version":"2020-11-30","purchased_purges":5,"victory":false,"max_hp_per_floor":[72,72,72,72,72,72,72,72,72,72,72,72,72,72,72,72,72,72,72,72,72,72,72,72,72,72,72,72,72,72,72,72,72,72,72,72,72,72,72,72,72,68,68,68,68,68,68,68,68,68,68,68,68,68,68,68],"card_choices":[{"not_picked":["Protect","EmptyBody"],"picked":"Evaluate","floor":1.0},{"not_picked":["PathToVictory","BowlingBash"],"picked":"FlyingSleeves","floor":3.0},{"not_picked":["Wish","ThirdEye"],"picked":"Protect","floor":4.0},{"not_picked":["FlyingSleeves","Meditate"],"picked":"Prostrate","floor":5.0},{"not_picked":["EmptyFist","PathToVictory"],"picked":"Pray","floor":7.0},{"not_picked":["JustLucky","Nirvana"],"picked":"Wallop","floor":10.0},{"not_picked":["DeceiveReality","CrushJoints"],"picked":"Crescendo","floor":14.0},{"not_picked":["Blasphemy","Omniscience"],"picked":"Ragnarok","floor":16.0},{"not_picked":["ForeignInfluence","EmptyBody"],"picked":"Crescendo+1","floor":18.0},{"not_picked":["FlurryOfBlows","EmptyBody+1"],"picked":"EmptyMind+1","floor":19.0},{"not_picked":["ThirdEye+1","TalkToTheHand+1"],"picked":"ClearTheMind","floor":20.0},{"not_picked":["JustLucky+1","DeusExMachina","ClearTheMind+1"],"picked":"SKIP","floor":21.0},{"not_picked":["LikeWater+1","ClearTheMind","EmptyBody"],"picked":"SKIP","floor":22.0},{"not_picked":["SashWhip+1","MasterReality","LessonLearned"],"picked":"SKIP","floor":23.0},{"not_picked":["EmptyBody+1","FlyingSleeves+1","Consecrate"],"picked":"SKIP","floor":25.0},{"not_picked":["Study+1","EmptyFist","Indignation"],"picked":"SKIP","floor":27.0},{"not_picked":["Halt","Perseverance","Prostrate"],"picked":"SKIP","floor":28},{"not_picked":["Vault","Scrawl"],"picked":"Brilliance","floor":33},{"not_picked":["PathToVictory+1","FlyingSleeves+1"],"picked":"ReachHeaven","floor":35},{"not_picked":["ClearTheMind+1","EmptyBody","Prostrate"],"picked":"SKIP","floor":38},{"not_picked":["Vengeance","EmptyFist","FollowUp"],"picked":"SKIP","floor":41},{"not_picked":["Weave","PathToVictory+1","Perseverance"],"picked":"SKIP","floor":44},{"not_picked":["LessonLearned","BattleHymn","DeusExMachina"],"picked":"SKIP","floor":45},{"not_picked":["ClearTheMind+1","Prostrate+1"],"picked":"CarveReality+1","floor":48},{"not_picked":["PathToVictory+1","Consecrate+1","Crescendo"],"picked":"SKIP","floor":54}],"player_experience":268195,"relics_obtained":[{"floor":7.0,"key":"Pantograph"},{"floor":9.0,"key":"Meat on the Bone"},{"floor":10.0,"key":"Incense Burner"},{"floor":23.0,"key":"Mummified Hand"},{"floor":26.0,"key":"TeardropLocket"},{"floor":27.0,"key":"Bag of Preparation"},{"floor":45,"key":"Boot"},{"floor":48,"key":"Molten Egg 2"},{"floor":54,"key":"TungstenRod"}],"event_choices":[{"damage_healed":0.0,"max_hp_gain":0.0,"max_hp_loss":0.0,"gold_gain":0.0,"event_name":"Golden Idol","player_choice":"Take Wound","floor":2.0,"gold_loss":0.0,"damage_taken":0.0,"relics_obtained":["Golden Idol"],"cards_obtained":["Injury"]},{"damage_healed":0.0,"max_hp_gain":0.0,"max_hp_loss":0.0,"gold_gain":0.0,"event_name":"Scrap Ooze","player_choice":"Success","floor":8.0,"gold_loss":0.0,"damage_taken":18.0,"relics_obtained":["Juzu Bracelet"]},{"cards_removed":["Injury"],"damage_healed":0.0,"max_hp_gain":0.0,"max_hp_loss":0.0,"gold_gain":0.0,"event_name":"Living Wall","player_choice":"Forget","floor":11.0,"gold_loss":0.0,"damage_taken":0.0},{"cards_removed":["Strike_P"],"damage_healed":0,"gold_gain":0,"player_choice":"Upgrade and Remove","damage_taken":0,"max_hp_gain":0,"max_hp_loss":0,"event_name":"Designer","floor":30,"gold_loss":90,"cards_upgraded":["Defend_P"]},{"damage_healed":0,"gold_gain":0,"player_choice":"Ignored","damage_taken":0,"max_hp_gain":0,"max_hp_loss":0,"event_name":"Vampires","floor":31,"gold_loss":0},{"damage_healed":0,"gold_gain":0,"player_choice":"Upgraded","damage_taken":0,"max_hp_gain":0,"max_hp_loss":0,"event_name":"Upgrade Shrine","floor":37,"gold_loss":0,"cards_upgraded":["Brilliance"]},{"damage_healed":0,"gold_gain":0,"player_choice":"Max HP","damage_taken":0,"max_hp_gain":0,"max_hp_loss":4,"event_name":"Winding Halls","floor":42,"gold_loss":0},{"cards_removed":["Crescendo"],"damage_healed":5,"gold_gain":0,"player_choice":"Offered Common","damage_taken":0,"max_hp_gain":0,"max_hp_loss":0,"event_name":"Bonfire Elementals","floor":46,"gold_loss":0},{"cards_removed":["Crescendo"],"damage_healed":5,"gold_gain":0,"player_choice":"Offered Special","damage_taken":0,"max_hp_gain":0,"max_hp_loss":0,"event_name":"Bonfire Elementals","floor":46,"gold_loss":0}],"is_beta":false,"boss_relics":[{"not_picked":["Fusion Hammer","Black Star"],"picked":"HolyWater"},{"not_picked":["Velvet Choker","Runic Pyramid"],"picked":"SacredBark"}],"items_purged_floors":[13,29,36,39,53],"is_endless":false,"potions_floor_spawned":[4,7,16,18,19,23,25,28,41],"killed_by":"The Heart","ascension_level":2}}