{"host":"2n2g1vowfllvjtvi","time":1607785602,"event":{"mods":["AchievementEnabler","BaseMod","Custom Start","GifTheSpireLib","Keyboard Shortcuts","Minty Spire (QoL Compilation)","Quick Restart","Rare Cards Sparkle","StSLib","SuperFastMode"],"gold_per_floor":[118,130,130,6,181,208,220,132,157,188,199,270,286,298,298,403,403,416,416,252,272,288,288,313,326,326,326,337,367,367,380,380,484,484,498,498,517,535,298,298,298,298,298,310,310,170,196,210,210,210],"floor_reached":51,"playtime":1135,"items_purged":["Strike_G","Doubt","Strike_G","Strike_G+1","Strike_G+1"],"score":1278,"play_id":"5bc69146-a250-4c0f-993e-6cf618e8a928","local_time":"20201213000642","is_ascension_mode":true,"campfire_choices":[{"data":"Accuracy","floor":7.0,"key":"SMITH"},{"data":"Infinite Blades","floor":15.0,"key":"SMITH"},{"data":"Accuracy","floor":23.0,"key":"SMITH"},{"data":"Blade Dance","floor":30.0,"key":"SMITH"},{"data":"Blade Dance","floor":32.0,"key":"SMITH"},{"floor":40,"key":"RECALL"},{"floor":42,"key":"REST"},{"data":"Backflip","floor":49,"key":"SMITH"}],"circlet_count":0,"master_deck":["AscendersBane","Strike_G+1","Defend_G+1","Defend_G+1","Defend_G+1","Defend_G+1","Defend_G+1","Survivor+1","Neutralize+1","Cloak And Dagger+1","Accuracy+1","Blade Dance+1","Infinite Blades+1","Escape Plan+1","PiercingWail+1","After Image+1","Cloak And Dagger+1","Accuracy+1","After Image+1","Blade Dance+1","Terror+1","Noxious Fumes+1","Accuracy+1","Accuracy+1","Prepared+1","Master of Strategy+1","Master of Strategy+1","Cloak And Dagger+1","Backflip+1"],"relics":["Ring of the Snake","NeowsBlessing","MawBank","Anchor","Bottled Tornado","InkBottle","Philosopher\u0027s Stone","Mummified Hand","The Courier","TungstenRod","Black Star","Mark of the Bloom","DollysMirror","Bottled Lightning","Prayer Wheel","War Paint"],"acts_visited":["Exordium","TheCity","TheBeyond"],"potions_floor_usage":[50],"damage_taken":[{"damage":0.0,"enemies":"2 Louse","floor":1.0,"turns":1.0},{"damage":0.0,"enemies":"Jaw Worm","floor":2.0,"turns":1.0},{"damage":0.0,"enemies":"Lagavulin","floor":6.0,"turns":2.0},{"damage":20.0,"enemies":"3 Sentries","floor":10.0,"turns":7.0},{"damage":0.0,"enemies":"Cultist","floor":11.0,"turns":2.0},{"damage":0.0,"enemies":"Blue Slaver","floor":13.0,"turns":4.0},{"damage":0.0,"enemies":"Looter","floor":14.0,"turns":3.0},{"damage":1.0,"enemies":"Hexaghost","floor":16.0,"turns":11.0},{"damage":2.0,"enemies":"3 Byrds","floor":18.0,"turns":6.0},{"damage":0.0,"enemies":"Chosen","floor":21.0,"turns":4.0},{"damage":0.0,"enemies":"Shelled Parasite and Fungi","floor":22.0,"turns":3.0},{"damage":0.0,"enemies":"Gremlin Leader","floor":24.0,"turns":5.0},{"damage":3.0,"enemies":"Snake Plant","floor":25.0,"turns":4.0},{"damage":0.0,"enemies":"Snecko","floor":28.0,"turns":3.0},{"damage":1.0,"enemies":"Book of Stabbing","floor":29.0,"turns":3.0},{"damage":0.0,"enemies":"Cultist and Chosen","floor":31.0,"turns":3.0},{"damage":15.0,"enemies":"Collector","floor":33.0,"turns":5.0},{"damage":1.0,"enemies":"Orb Walker","floor":35.0,"turns":2.0},{"damage":0.0,"enemies":"3 Darklings","floor":37.0,"turns":4.0},{"damage":0,"enemies":"Writhing Mass","floor":38,"turns":4},{"damage":0,"enemies":"Spire Growth","floor":44,"turns":3},{"damage":0,"enemies":"Giant Head","floor":47,"turns":2},{"damage":0,"enemies":"3 Darklings","floor":48,"turns":2},{"damage":0,"enemies":"Donu and Deca","floor":50,"turns":4}],"seed_played":"-9125617031909562278","potions_obtained":[{"floor":2.0,"key":"EssenceOfSteel"},{"floor":10.0,"key":"Fire Potion"},{"floor":13.0,"key":"ColorlessPotion"},{"floor":16.0,"key":"Block Potion"},{"floor":18.0,"key":"GamblersBrew"},{"floor":22.0,"key":"SkillPotion"},{"floor":25.0,"key":"Fire Potion"},{"floor":31.0,"key":"EssenceOfSteel"},{"floor":48,"key":"EssenceOfSteel"}],"is_trial":false,"path_per_floor":["M","M","?","$","?","E","R","$","T","E","M","T","M","M","R","B",null,"M","?","$","M","M","R","E","M","T","?","M","E","R","M","R","B",null,"M","?","M","M","$","R","?","R","T","M","?","$","E","M","R","B",null],"character_chosen":"THE_SILENT","items_purchased":["Blade Dance","Accuracy","DollysMirror"],"campfire_rested":1,"item_purchase_floors":[4,20,39],"current_hp_per_floor":[63,63,68,68,68,68,68,68,68,48,48,48,48,48,48,47,68,66,66,66,66,66,66,66,63,63,63,63,62,62,62,62,47,68,67,67,67,67,67,67,67,67,67,67,58,58,58,58,58,58],"gold":210,"neow_bonus":"THREE_ENEMY_KILL","is_daily":false,"chose_seed":false,"campfire_upgraded":6,"win_rate":0.0,"timestamp":1607785602,"path_taken":["M","M","?","$","?","E","R","$","T","E","M","?","?","M","R","BOSS","M","?","$","M","M","R","E","M","T","?","M","E","R","M","R","BOSS","M","?","M","M","$","R","?","R","T","?","?","$","E","M","R","BOSS"],"items_purchased_type":["Card","Card","Relic"],"build_version":"2020-11-30","purchased_purges":5,"victory":true,"max_hp_per_floor":[70,70,75,75,75,75,75,75,75,75,75,75,75,75,75,75,75,75,75,75,75,75,75,75,75,75,75,75,75,75,75,75,75,75,75,75,75,75,75,75,75,75,75,75,75,75,75,75,75,75],"card_choices":[{"not_picked":["Bane","Backstab"],"picked":"Cloak And Dagger","floor":1.0},{"not_picked":["Escape Plan","Predator"],"picked":"Accuracy","floor":2.0},{"not_picked":["Heel Hook","Blur"],"picked":"Infinite Blades","floor":6.0},{"not_picked":["Quick Slash","Blur"],"picked":"Escape Plan","floor":10.0},{"not_picked":["Deadly Poison","Flying Knee","Acrobatics"],"picked":"SKIP","floor":11.0},{"not_picked":["Underhanded Strike","Deadly Poison"],"picked":"PiercingWail","floor":13.0},{"not_picked":["Dagger Spray","Acrobatics","Poisoned Stab"],"picked":"SKIP","floor":14.0},{"not_picked":["Burst","Envenom"],"picked":"After Image","floor":16.0},{"not_picked":["PiercingWail","Deadly Poison","Underhanded Strike"],"picked":"SKIP","floor":18.0},{"not_picked":["Reflex+1","Heel Hook"],"picked":"After Image","floor":21.0},{"not_picked":["Quick Slash","Dagger Throw","All Out Attack+1"],"picked":"SKIP","floor":22.0},{"not_picked":["Deflect","Dagger Throw","Acrobatics"],"picked":"SKIP","floor":24.0},{"not_picked":["Dagger Spray","Quick Slash"],"picked":"Blade Dance","floor":25.0},{"not_picked":["Expertise","Caltrops"],"picked":"Terror","floor":28.0},{"not_picked":["Acrobatics","Dash+1","PiercingWail"],"picked":"SKIP","floor":29.0},{"not_picked":["Blade Dance","Dagger Throw+1","Outmaneuver+1"],"picked":"SKIP","floor":31.0},{"not_picked":["Terror","Caltrops","Dodge and Roll+1"],"picked":"SKIP","floor":35.0},{"not_picked":["Skewer+1","Acrobatics+1"],"picked":"Noxious Fumes+1","floor":37.0},{"not_picked":["Deadly Poison","Outmaneuver+1","Underhanded Strike+1"],"picked":"SKIP","floor":38},{"not_picked":["Deadly Poison+1","Acrobatics+1"],"picked":"Prepared+1","floor":44},{"not_picked":["Secret Technique","Blind"],"picked":"Master of Strategy","floor":45},{"not_picked":["PanicButton","Panacea"],"picked":"Master of Strategy","floor":45},{"not_picked":["Dagger Spray","Backstab+1"],"picked":"Cloak And Dagger+1","floor":47},{"not_picked":["Cloak And Dagger","Sucker Punch+1"],"picked":"Backflip","floor":48},{"not_picked":["PiercingWail","Acrobatics","Underhanded Strike"],"picked":"SKIP","floor":48}],"player_experience":445173,"relics_obtained":[{"floor":6.0,"key":"MawBank"},{"floor":9.0,"key":"Anchor"},{"floor":10.0,"key":"Bottled Tornado"},{"floor":12.0,"key":"InkBottle"},{"floor":24.0,"key":"Mummified Hand"},{"floor":26.0,"key":"The Courier"},{"floor":29.0,"key":"TungstenRod"},{"floor":43,"key":"Bottled Lightning"},{"floor":47,"key":"Prayer Wheel"},{"floor":47,"key":"War Paint"}],"event_choices":[{"damage_healed":0.0,"max_hp_gain":5.0,"max_hp_loss":0.0,"gold_gain":0.0,"event_name":"Big Fish","player_choice":"Donut","floor":3.0,"gold_loss":0.0,"damage_taken":0.0},{"damage_healed":0.0,"max_hp_gain":0.0,"max_hp_loss":0.0,"gold_gain":175.0,"event_name":"Liars Game","player_choice":"AGREE","floor":5.0,"gold_loss":0.0,"damage_taken":0.0,"cards_obtained":["Doubt"]},{"damage_healed":0.0,"max_hp_gain":0.0,"max_hp_loss":0.0,"gold_gain":0.0,"event_name":"The Library","player_choice":"Read","floor":19.0,"gold_loss":0.0,"damage_taken":0.0,"cards_obtained":["Cloak And Dagger"]},{"damage_healed":0.0,"max_hp_gain":0.0,"max_hp_loss":0.0,"gold_gain":0.0,"event_name":"Ghosts","player_choice":"Ignored","floor":27.0,"gold_loss":0.0,"damage_taken":0.0},{"damage_healed":0.0,"max_hp_gain":0.0,"max_hp_loss":0.0,"gold_gain":0.0,"event_name":"MindBloom","player_choice":"Upgrade","floor":36.0,"gold_loss":0.0,"damage_taken":0.0,"cards_upgraded":["Strike_G","Strike_G","Strike_G","Defend_G","Defend_G","Defend_G","Defend_G","Defend_G","Survivor","Neutralize","Cloak And Dagger","Escape Plan","PiercingWail","After Image","Cloak And Dagger","After Image","Terror"],"relics_obtained":["Mark of the Bloom"]},{"damage_healed":0,"gold_gain":0,"player_choice":"Copied","damage_taken":0,"max_hp_gain":0,"max_hp_loss":0,"event_name":"Duplicator","floor":41,"gold_loss":0,"cards_obtained":["Accuracy"]},{"damage_healed":0,"gold_gain":0,"player_choice":"Memory 3","damage_taken":10,"max_hp_gain":0,"max_hp_loss":0,"event_name":"SensoryStone","floor":45,"gold_loss":0}],"is_beta":false,"boss_relics":[{"not_picked":["Busted Crown","Velvet Choker"],"picked":"Philosopher\u0027s Stone"},{"not_picked":["Tiny House","Snecko Eye"],"picked":"Black Star"}],"items_purged_floors":[4,8,20,39,46],"is_endless":false,"potions_floor_spawned":[2,10,13,16,18,22,25,31,48],"ascension_level":10}}