{"host":"hnfelxnirsihwvcb","time":1607796956,"event":{"mods":["BaseMod","Colored Map","DeckTracker","Highlight Path","Minty Spire (QoL Compilation)","Quick Restart","Relic Sorter","Relic Stats","Shop Mod","StSLib","SuperFastMode"],"gold_per_floor":[116,128,31,50,50,85,85,85,85],"floor_reached":8,"playtime":575,"items_purged":[],"score":64,"play_id":"d8512901-af90-4beb-81e0-fa21497c2a5d","local_time":"20201212191556","is_ascension_mode":true,"campfire_choices":[{"floor":7,"key":"REST"}],"circlet_count":0,"master_deck":["Strike_P","Strike_P","Strike_P","Defend_P","Defend_P","Defend_P","Defend_P","Eruption","Vigilance","Dark Shackles","Consecrate","WaveOfTheHand","Pray","Evaluate","WindmillStrike","Fasting2","FlurryOfBlows"],"relics":["PureWater","Bottled Tornado"],"acts_visited":["Exordium"],"potions_floor_usage":[],"damage_taken":[{"damage":10,"enemies":"Jaw Worm","floor":1,"turns":4},{"damage":1,"enemies":"Cultist","floor":2,"turns":5},{"damage":5,"enemies":"2 Louse","floor":4,"turns":3},{"damage":37,"enemies":"Lagavulin","floor":6,"turns":7},{"damage":14,"enemies":"3 Sentries","floor":8,"turns":4}],"seed_played":"-3410434497771076574","potions_obtained":[{"floor":1,"key":"Ancient Potion"},{"floor":4,"key":"DuplicationPotion"}],"is_trial":false,"path_per_floor":["M","M","$","M","?","E","R","E"],"character_chosen":"WATCHER","items_purchased":["Pray","Evaluate"],"campfire_rested":1,"item_purchase_floors":[3,3],"current_hp_per_floor":[62,61,61,56,56,19,40,26,26],"gold":85,"neow_bonus":"RANDOM_COLORLESS","is_daily":false,"chose_seed":false,"campfire_upgraded":0,"win_rate":0.0,"timestamp":1607796956,"path_taken":["M","M","$","M","?","E","R","E"],"items_purchased_type":["Card","Card"],"build_version":"2020-11-30","purchased_purges":0,"victory":false,"max_hp_per_floor":[72,72,72,72,72,72,72,72,72],"relic_stats":{"counters":[5,23],"obtain_stats":[{"PureWater":0,"Bottled Tornado":6},{"PureWater":0,"Bottled Tornado":4},{"PureWater":0,"Bottled Tornado":19}]},"card_choices":[{"not_picked":["Trip","Jack Of All Trades"],"picked":"Dark Shackles","floor":0},{"not_picked":["ThirdEye","EmptyBody"],"picked":"Consecrate","floor":1},{"not_picked":["Evaluate","Halt"],"picked":"WaveOfTheHand","floor":2},{"not_picked":["FlurryOfBlows","Nirvana"],"picked":"WindmillStrike","floor":4},{"not_picked":["CrushJoints","EmptyFist"],"picked":"FlurryOfBlows","floor":6}],"player_experience":732301,"relics_obtained":[{"floor":6,"key":"Bottled Tornado"}],"event_choices":[{"damage_healed":0,"gold_gain":0,"cards_transformed":["Strike_P"],"player_choice":"Transformed","damage_taken":0,"max_hp_gain":0,"max_hp_loss":0,"event_name":"Transmorgrifier","floor":5,"gold_loss":0,"cards_obtained":["Fasting2"]}],"is_beta":false,"boss_relics":[],"items_purged_floors":[],"is_endless":false,"potions_floor_spawned":[1,4],"killed_by":"3 Sentries","ascension_level":3}}