{"host":"yb1yv0i4ygq2c9jc","time":1607773579,"event":{"mods":["2.2 Compatiblity","AchievementEnabler","Act Like it!","Aspiration","Bard","BaseMod","Bestiary","Better Altar","Better Match","Better Note","Better Sensory Stone","Better Skull","Better Third Choice","CCEM","CapriCore","ChefMod","Colored Powertips","Displayed Cursed Tome","Elementarium","Hermit","Luminous","Marked Mod","Mimic Mod","Minty Spire (QoL Compilation)","Pale of the Ancients","Rare Cards Sparkle","Relic Stats","Remilia??????","Replay The Spire","Robot Space Explorer","SOS???????","StSLib","The Clintock","The Edgeheg","The Immortal","The Necromancer","The Problem Sleuth","The Runesmith","The Senshi","The Servant 0.9.4","TheFirefly","TheVacant","Thieving Mod"],"gold_per_floor":[80,155,165,185,197,224,240,271,271,271,351,369,369,369,369,444,444,444,444],"floor_reached":18,"playtime":839,"items_purged":[],"score":172,"play_id":"b2e1c408-bcaf-4d9c-8c9f-e9b9e44c2598","local_time":"20201212034619","is_ascension_mode":false,"campfire_choices":[{"data":"theEdgeheg:EndlessKatanas","floor":10,"key":"SMITH"},{"data":"theEdgeheg:BadassArsenal","floor":17,"key":"SMITH"}],"circlet_count":0,"master_deck":["theEdgeheg:StarterShootAttack","theEdgeheg:StarterShootAttack","theEdgeheg:StarterShootAttack","theEdgeheg:StarterShootAttack","theEdgeheg:StarterDodgeSkill+1","theEdgeheg:StarterDodgeSkill","theEdgeheg:StarterDodgeSkill","theEdgeheg:BloodyKatana","theEdgeheg:ChaosControlSkill","theEdgeheg:GatherChaos","theEdgeheg:Disrobe","theEdgeheg:BadassArsenal+1","theEdgeheg:ChaosWhip","theEdgeheg:Grr","theEdgeheg:QuickKatana","theEdgeheg:EndlessKatanas+1","theEdgeheg:MachineGun+1"],"relics":["theEdgeheg:UltimateLifeformRelic","theEdgeheg:GreenEmeraldRelic","NeowsBlessing","Tiny Chest","CCEMRelics:PorcelainBowl","Quantum Egg"],"acts_visited":["Exordium"],"potions_floor_usage":[8,12,18,18],"damage_taken":[{"damage":0,"enemies":"2 Louse","floor":1,"turns":1},{"damage":0,"enemies":"Cultist","floor":3,"turns":1},{"damage":0,"enemies":"Jaw Worm","floor":4,"turns":1},{"damage":0,"enemies":"Blue Slaver","floor":5,"turns":5},{"damage":0,"enemies":"Lagavulin","floor":6,"turns":9},{"damage":2,"enemies":"3 Louse","floor":7,"turns":7},{"damage":0,"enemies":"Gremlin Nob","floor":8,"turns":5},{"damage":3,"enemies":"Exordium Thugs","floor":12,"turns":9},{"damage":1,"enemies":"The Guardian","floor":18,"turns":8}],"seed_played":"-277012780697969995","potions_obtained":[{"floor":1,"key":"DuplicationPotion"},{"floor":4,"key":"Swift Potion"},{"floor":6,"key":"SteroidPotion"},{"floor":12,"key":"DuplicationPotion"}],"is_trial":false,"path_per_floor":["M","?","M","M","M","E","M","E","T","R","?","M","?","PTL","PTL","?","R","B"],"character_chosen":"THE_DEFAULT","items_purchased":[],"campfire_rested":0,"item_purchase_floors":[],"current_hp_per_floor":[5,4,5,5,5,5,5,5,5,5,5,3,2,2,2,1,1,0,0],"gold":444,"neow_bonus":"THREE_ENEMY_KILL","is_daily":false,"chose_seed":false,"campfire_upgraded":2,"win_rate":0.0,"timestamp":1607773579,"path_taken":["M","?","?","M","M","E","M","E","T","R","?","M","?","PTL","PTL","?","R","BOSS"],"items_purchased_type":[],"build_version":"2020-11-30","purchased_purges":0,"victory":false,"max_hp_per_floor":[5,5,5,5,5,5,5,5,5,5,5,5,5,5,5,5,5,5,5],"relic_stats":{"counters":[9,46],"Tiny Chest":0,"obtain_stats":[{"CCEMRelics:PorcelainBowl":8,"NeowsBlessing":0,"theEdgeheg:UltimateLifeformRelic":0,"theEdgeheg:GreenEmeraldRelic":0,"Quantum Egg":9,"Tiny Chest":6},{"CCEMRelics:PorcelainBowl":7,"NeowsBlessing":0,"theEdgeheg:UltimateLifeformRelic":0,"theEdgeheg:GreenEmeraldRelic":0,"Quantum Egg":7,"Tiny Chest":5},{"CCEMRelics:PorcelainBowl":29,"NeowsBlessing":0,"theEdgeheg:UltimateLifeformRelic":0,"theEdgeheg:GreenEmeraldRelic":0,"Quantum Egg":29,"Tiny Chest":17}]},"card_choices":[{"not_picked":["theEdgeheg:Grr","theEdgeheg:BlankCard"],"picked":"theEdgeheg:Disrobe","floor":1},{"not_picked":["theEdgeheg:RollAndShoot","theEdgeheg:DrawBlade"],"picked":"theEdgeheg:BadassArsenal","floor":3},{"not_picked":["theEdgeheg:Disrobe","theEdgeheg:KatanaGF"],"picked":"theEdgeheg:ChaosWhip","floor":4},{"not_picked":["theEdgeheg:RollAndShoot","theEdgeheg:SkateboardTrick","theEdgeheg:Girlfriend"],"picked":"SKIP","floor":5},{"not_picked":["theEdgeheg:RollAndShoot","theEdgeheg:SkateboardTrick","theEdgeheg:Girlfriend"],"picked":"SKIP","floor":5},{"not_picked":["theEdgeheg:ChaosWhip","theEdgeheg:Glare"],"picked":"theEdgeheg:Grr","floor":6},{"not_picked":["theEdgeheg:BlowCover","theEdgeheg:ChaosWhip"],"picked":"theEdgeheg:QuickKatana","floor":7},{"not_picked":["theEdgeheg:ChaosBlast","theEdgeheg:Reload"],"picked":"theEdgeheg:EndlessKatanas","floor":8},{"not_picked":["theEdgeheg:ChaosCards","theEdgeheg:Grr"],"picked":"theEdgeheg:MachineGun","floor":12}],"player_experience":394370,"relics_obtained":[{"floor":6,"key":"Tiny Chest"},{"floor":8,"key":"CCEMRelics:PorcelainBowl"},{"floor":9,"key":"Quantum Egg"}],"event_choices":[{"damage_healed":0,"gold_gain":75,"player_choice":"Touch","damage_taken":1,"max_hp_gain":0,"max_hp_loss":0,"event_name":"FaceTrader","floor":2,"gold_loss":0},{"damage_healed":3,"gold_gain":0,"player_choice":"Upgrade","damage_taken":1,"max_hp_gain":0,"max_hp_loss":5,"event_name":"betterThird:BetterShining","floor":13,"gold_loss":0,"cards_upgraded":["theEdgeheg:MachineGun","theEdgeheg:StarterDodgeSkill"]},{"damage_healed":0,"gold_gain":75,"player_choice":"Gold","damage_taken":11,"max_hp_gain":0,"max_hp_loss":0,"event_name":"betterThird:BetterGoop","floor":16,"gold_loss":0}],"is_beta":false,"boss_relics":[],"items_purged_floors":[],"is_endless":false,"potions_floor_spawned":[1,4,6,12],"killed_by":"The Guardian","ascension_level":0}}