{"host":"qqjv58wfhopf6ysa","time":1607763045,"event":{"mods":["AchievementEnabler","Aspiration","BaseMod","Conspire","Hubris","Infinite Spire","Minty Spire (QoL Compilation)","Quick Restart","Replay The Spire","StSLib","SuperFastMode","vexMod"],"gold_per_floor":[109,33,33,33,87,87,101,101,101,101,140,140,156,81,81,195,195,178,178,178,180,180],"floor_reached":21,"playtime":526,"items_purged":["Defend_B","Defend_B"],"score":173,"play_id":"8b4ef122-eb8d-4c30-9bff-f09f59e6cbe3","local_time":"20201212175045","is_ascension_mode":false,"campfire_choices":[{"data":"Defragment","floor":6,"key":"SMITH"},{"data":"Dualcast","floor":8,"key":"SMITH"},{"data":"Hologram","floor":15,"key":"SMITH"}],"circlet_count":0,"master_deck":["Strike_B","Strike_B","Defend_B","Defend_B","Zap","Defragment+1","Gash","Hologram+1","Bash+1","ReplayTheSpireMod:Splinters","infinitespire:Menacing"],"relics":["aspiration:Nostalgia","infinitespire:DarkRift","infinitespire:Midas Blood","Blood Vial","conspire:DecoderRing","Iron Core","hubris:Metronome","ReplayTheSpireMod:SealedPack","Vajra"],"acts_visited":["Exordium","TheCity"],"potions_floor_usage":[],"damage_taken":[{"damage":0,"enemies":"Small Slimes","floor":1,"turns":3},{"damage":1,"enemies":"Jaw Worm","floor":7,"turns":3},{"damage":30,"enemies":"3 Sentries","floor":11,"turns":7},{"damage":2,"enemies":"2 Louse","floor":13,"turns":3},{"damage":27,"enemies":"The Guardian","floor":16,"turns":7},{"damage":41,"enemies":"2 Thieves","floor":18,"turns":5},{"damage":2,"enemies":"3 Byrds","floor":21,"turns":1}],"seed_played":"6826581793768453071","potions_obtained":[{"floor":5,"key":"Block Potion"},{"floor":7,"key":"Languid Potion"},{"floor":16,"key":"DuplicationPotion"}],"is_trial":false,"path_per_floor":["M","$","?","?","?","R","M","R","T","?","E","?","M","$","R","B",null,"M","AVR","?","M"],"character_chosen":"DEFECT","items_purchased":["Defragment"],"campfire_rested":0,"item_purchase_floors":[2],"current_hp_per_floor":[75,75,57,57,57,57,58,58,58,58,30,30,30,30,30,5,75,44,44,44,44,44],"gold":180,"neow_bonus":"NOSTALGIA","is_daily":false,"chose_seed":false,"campfire_upgraded":3,"win_rate":0.0,"timestamp":1607763045,"path_taken":["M","$","?","?","?","R","?","R","T","?","E","?","M","$","R","BOSS","M","AVR","?","M"],"items_purchased_type":["Card"],"build_version":"2020-11-30","purchased_purges":2,"victory":false,"max_hp_per_floor":[75,75,75,75,75,75,75,75,75,75,75,75,75,75,75,75,75,75,75,75,75,75],"card_choices":[{"not_picked":["BootSequence","Conserve Battery","Beam Cell"],"picked":"SKIP","floor":1},{"not_picked":["Leap","Rebound"],"picked":"Gash","floor":5},{"not_picked":["FTL","Leap"],"picked":"Hologram","floor":7},{"not_picked":["ReplayTheSpireMod:GoodbyeWorld","Streamline","Iron Wave"],"picked":"SKIP","floor":11},{"not_picked":["Ball Lightning","Fission","Blizzard"],"picked":"SKIP","floor":13},{"not_picked":["hubris:InfiniteBlow+5","ReplayTheSpireMod:Echoes of Time"],"picked":"infinitespire:Menacing","floor":17},{"not_picked":["Ball Lightning+1","Time Bomb","Rebound"],"picked":"SKIP","floor":18}],"player_experience":315764,"relics_obtained":[{"floor":5,"key":"Blood Vial"},{"floor":9,"key":"conspire:DecoderRing"},{"floor":11,"key":"hubris:Metronome"}],"event_choices":[{"damage_healed":0,"gold_gain":0,"player_choice":"Success","damage_taken":18,"relics_obtained":["infinitespire:Midas Blood"],"max_hp_gain":0,"max_hp_loss":0,"event_name":"Scrap Ooze","floor":3,"gold_loss":0},{"cards_removed":["Strike_B"],"damage_healed":0,"gold_gain":0,"player_choice":"Forget","damage_taken":0,"max_hp_gain":0,"max_hp_loss":0,"event_name":"Living Wall","floor":12,"gold_loss":0},{"damage_healed":0,"gold_gain":0,"player_choice":"Ignored","damage_taken":0,"max_hp_gain":0,"max_hp_loss":0,"event_name":"Ghosts","floor":20,"gold_loss":0}],"is_beta":false,"boss_relics":[{"not_picked":["aspiration:WatcherSkillbook","Snecko Eye"],"picked":"ReplayTheSpireMod:SealedPack"}],"items_purged_floors":[14,19],"is_endless":false,"potions_floor_spawned":[7,16,18],"killed_by":"3 Byrds","ascension_level":0}}