{"host":"10b2ljh1rg6srmxa","time":1607771609,"event":{"mods":["AchievementEnabler","BaseMod","Colored Powertips","Hermit","Infinite Spire","Minty Spire (QoL Compilation)","Replay The Spire","StSLib"],"gold_per_floor":[116,116,116,128,5,5,5,33,33,49,69,88,120,130,130,130,130],"floor_reached":16,"playtime":2646,"items_purged":[],"score":134,"play_id":"bec46fbc-c661-44ea-803f-1b6e8196390f","local_time":"20201212121329","is_ascension_mode":true,"campfire_choices":[{"floor":6,"key":"REST"},{"floor":15,"key":"REST"}],"circlet_count":0,"master_deck":["Strike_R","Strike_R","Strike_R","Strike_R","Defend_R","Defend_R","Defend_R","Defend_R+1","Bash","Armaments","Uppercut","Run Through","Whirlwind","Twin Strike","Feed+1","Iron Wave"],"relics":["Burning Blood","Replay:Kaleidoscope","The Courier","Vajra","Bottled Flame","Golden Egg","Question Card"],"acts_visited":["Exordium"],"potions_floor_usage":[8,13],"damage_taken":[{"damage":11,"enemies":"Jaw Worm","floor":1,"turns":5},{"damage":3,"enemies":"2 Louse","floor":4,"turns":4},{"damage":38,"enemies":"Lagavulin","floor":8,"turns":9},{"damage":7,"enemies":"Small Slimes","floor":10,"turns":4},{"damage":1,"enemies":"3 Louse","floor":11,"turns":2},{"damage":4,"enemies":"Looter","floor":12,"turns":3},{"damage":18,"enemies":"Gremlin Nob","floor":13,"turns":4},{"damage":12,"enemies":"Blue Slaver","floor":14,"turns":3},{"damage":89,"enemies":"Fading Forest","floor":16,"turns":9}],"seed_played":"8783862577718710506","potions_obtained":[{"floor":1,"key":"Languid Potion"},{"floor":11,"key":"SteroidPotion"},{"floor":12,"key":"Languid Potion"}],"is_trial":false,"path_per_floor":["M","?","?","M","$","R","?","E","T","M","M","M","E","M","R","B"],"character_chosen":"IRONCLAD","items_purchased":["Vajra"],"campfire_rested":2,"item_purchase_floors":[5],"current_hp_per_floor":[51,44,44,47,47,71,71,39,39,38,43,45,33,27,51,0,0],"gold":130,"neow_bonus":"ONE_RARE_RELIC","is_daily":false,"chose_seed":false,"campfire_upgraded":0,"win_rate":0.0,"timestamp":1607771609,"path_taken":["M","?","?","M","$","R","?","E","T","M","M","M","E","?","R","BOSS"],"items_purchased_type":["Relic"],"build_version":"2020-11-30","purchased_purges":0,"victory":false,"max_hp_per_floor":[80,80,80,80,80,80,80,80,80,80,80,80,80,80,80,80,80],"card_choices":[{"not_picked":["Evolve","Second Wind"],"picked":"Armaments","floor":1},{"not_picked":["Perfected Strike","ReplayTheSpireMod:LeadingStrike"],"picked":"Uppercut","floor":4},{"not_picked":["Warcry","Pommel Strike"],"picked":"Run Through","floor":8},{"not_picked":["Clash","Armaments"],"picked":"Whirlwind","floor":10},{"not_picked":["Havoc","Warcry","Reckless Charge"],"picked":"SKIP","floor":11},{"not_picked":["Pommel Strike","ReplayTheSpireMod:Limb From Limb"],"picked":"Twin Strike","floor":12},{"not_picked":["Pommel Strike","ReplayTheSpireMod:Strike From Hell"],"picked":"Feed","floor":13},{"not_picked":["Wild Strike","Headbutt","Cleave"],"picked":"Iron Wave","floor":14}],"player_experience":209808,"relics_obtained":[{"floor":8,"key":"Bottled Flame"},{"floor":9,"key":"Golden Egg"},{"floor":13,"key":"Question Card"}],"event_choices":[{"damage_healed":0,"gold_gain":0,"player_choice":"Success","damage_taken":7,"relics_obtained":["The Courier"],"max_hp_gain":0,"max_hp_loss":0,"event_name":"Scrap Ooze","floor":2,"gold_loss":0},{"cards_removed":["Strike_R"],"damage_healed":0,"gold_gain":0,"player_choice":"Card Removal","damage_taken":0,"max_hp_gain":0,"max_hp_loss":0,"event_name":"Wheel of Change","floor":7,"gold_loss":0}],"is_beta":false,"boss_relics":[],"items_purged_floors":[],"is_endless":false,"potions_floor_spawned":[1,11,12],"killed_by":"Fading Forest","ascension_level":4}}