{"host":"mvlqq966zh3ccmv5","time":1607738463,"event":{"mods":["AchievementEnabler","BaseMod","DeckTracker","Minty Spire (QoL Compilation)","SuperFastMode"],"gold_per_floor":[113,124,56,73,73,98,122,134,171,201,255,287,308,345,366,378,378],"floor_reached":16,"playtime":426,"items_purged":[],"score":177,"play_id":"58182fbf-2c93-42a8-866a-c80e3e035e9f","local_time":"20201212110103","is_ascension_mode":true,"campfire_choices":[{"data":"Corruption","floor":8.0,"key":"SMITH"},{"floor":13.0,"key":"REST"},{"floor":15.0,"key":"REST"}],"circlet_count":0,"master_deck":["Strike_R","Strike_R","Strike_R","Strike_R","Strike_R","Defend_R","Defend_R","Defend_R","Defend_R","Bash","Pummel","Pommel Strike","Corruption+1","Body Slam","Havoc","Shockwave","Double Tap","Flame Barrier","Body Slam"],"relics":["Burning Blood","Blood Vial","MawBank","Dream Catcher","CeramicFish","Matryoshka"],"acts_visited":["Exordium"],"potions_floor_usage":[],"damage_taken":[{"damage":0.0,"enemies":"Cultist","floor":1.0,"turns":4.0},{"damage":0.0,"enemies":"Small Slimes","floor":2.0,"turns":4.0},{"damage":4.0,"enemies":"Jaw Worm","floor":4.0,"turns":3.0},{"damage":39.0,"enemies":"Gremlin Nob","floor":6.0,"turns":5.0},{"damage":21.0,"enemies":"Lots of Slimes","floor":7.0,"turns":6.0},{"damage":13.0,"enemies":"Exordium Wildlife","floor":10.0,"turns":5.0},{"damage":30.0,"enemies":"Lagavulin","floor":11.0,"turns":7.0},{"damage":3.0,"enemies":"Blue Slaver","floor":12.0,"turns":3.0},{"damage":20.0,"enemies":"3 Sentries","floor":14.0,"turns":7.0},{"damage":0,"enemies":"Slime Boss","floor":16,"turns":2}],"seed_played":"55432168139742409","potions_obtained":[{"floor":6.0,"key":"Weak Potion"},{"floor":10.0,"key":"DuplicationPotion"},{"floor":11.0,"key":"Swift Potion"}],"is_trial":false,"path_per_floor":["M","M","$","M","?","E","M","R","T","M","E","M","R","E","R","B"],"character_chosen":"IRONCLAD","items_purchased":["Corruption"],"campfire_rested":2,"item_purchase_floors":[3],"current_hp_per_floor":[80,80,80,80,80,47,34,34,34,29,7,12,36,24,48,50,50],"gold":378,"neow_bonus":"RANDOM_COMMON_RELIC","is_daily":false,"chose_seed":false,"campfire_upgraded":1,"win_rate":0.0,"timestamp":1607738463,"path_taken":["M","?","?","M","?","E","?","R","T","?","E","M","R","E","R","BOSS"],"items_purchased_type":["Card"],"build_version":"2020-11-30","purchased_purges":0,"victory":false,"max_hp_per_floor":[80,80,80,80,80,80,80,80,80,80,80,80,80,80,80,80,80],"card_choices":[{"not_picked":["Wild Strike","Intimidate"],"picked":"Pummel","floor":1.0},{"not_picked":["Intimidate","Heavy Blade"],"picked":"Pommel Strike","floor":2.0},{"not_picked":["Iron Wave","Sever Soul"],"picked":"Body Slam","floor":4.0},{"not_picked":["Heavy Blade","True Grit"],"picked":"Havoc","floor":6.0},{"not_picked":["Intimidate","Sword Boomerang","Combust"],"picked":"SKIP","floor":7.0},{"not_picked":["Fire Breathing","Havoc"],"picked":"Shockwave","floor":10.0},{"not_picked":["Reckless Charge","Havoc"],"picked":"Double Tap","floor":11.0},{"not_picked":["Second Wind","Clothesline","Metallicize"],"picked":"SKIP","floor":12.0},{"not_picked":["Pommel Strike","Flex"],"picked":"Flame Barrier","floor":13.0},{"not_picked":["Pommel Strike","Rampage","Perfected Strike"],"picked":"SKIP","floor":14.0},{"not_picked":["True Grit","Headbutt"],"picked":"Body Slam","floor":15.0}],"player_experience":195845,"relics_obtained":[{"floor":6.0,"key":"MawBank"},{"floor":9.0,"key":"Dream Catcher"},{"floor":11.0,"key":"CeramicFish"},{"floor":14.0,"key":"Matryoshka"}],"event_choices":[{"damage_healed":0.0,"max_hp_gain":0.0,"max_hp_loss":0.0,"gold_gain":0.0,"event_name":"Liars Game","player_choice":"Ignored","floor":5.0,"gold_loss":0.0,"damage_taken":0.0}],"is_beta":false,"boss_relics":[],"items_purged_floors":[],"is_endless":false,"potions_floor_spawned":[6,10,11],"killed_by":"Slime Boss","ascension_level":9}}