{"host":"6fbjdsiu9jij34p7","time":1607781511,"event":{"mods":["2.2 Compatiblity","AchievementEnabler","BaseMod","Colored Map","DeckTracker","Highlight Path","Keyboard Shortcuts","Minty Spire (QoL Compilation)","Permanent Neow","Quick Restart","StSLib","SuperFastMode"],"gold_per_floor":[360,372,20,20,95,95,111,111,111,128,28,53,53,66,66,66,66],"floor_reached":16,"playtime":462,"items_purged":["Strike_B","Strike_B"],"score":180,"play_id":"e237957d-f9fc-4d60-8e0f-1e4c613dcd57","local_time":"20201212225831","is_ascension_mode":true,"campfire_choices":[{"floor":6,"key":"REST"},{"floor":13,"key":"REST"},{"floor":15,"key":"REST"}],"circlet_count":0,"master_deck":["AscendersBane","Strike_B","Strike_B","Defend_B","Defend_B","Defend_B","Defend_B","Zap","Dualcast","Compile Driver","Genetic Algorithm","Sweeping Beam","Go for the Eyes","All For One","Double Energy"],"relics":["Cracked Core","Letter Opener","Lantern","White Beast Statue","Centennial Puzzle"],"acts_visited":["Exordium"],"potions_floor_usage":[12],"damage_taken":[{"damage":1,"enemies":"Cultist","floor":1,"turns":4},{"damage":3,"enemies":"Small Slimes","floor":2,"turns":3},{"damage":2,"enemies":"2 Louse","floor":7,"turns":2},{"damage":0,"enemies":"Large Slime","floor":10,"turns":5},{"damage":17,"enemies":"3 Sentries","floor":12,"turns":5},{"damage":16,"enemies":"Exordium Wildlife","floor":14,"turns":4},{"damage":66,"enemies":"Hexaghost","floor":16,"turns":11}],"seed_played":"-9185733992572045219","potions_obtained":[{"floor":1,"key":"Explosive Potion"},{"floor":10,"key":"GamblersBrew"},{"floor":12,"key":"Weak Potion"}],"is_trial":false,"path_per_floor":["M","M","$","?","?","R","M","?","T","M","$","E","R","M","R","B"],"character_chosen":"DEFECT","items_purchased":["Letter Opener"],"campfire_rested":3,"item_purchase_floors":[3],"current_hp_per_floor":[63,60,60,60,49,64,62,62,62,62,62,45,64,48,64,0,0],"gold":66,"neow_bonus":"TWO_FIFTY_GOLD","is_daily":false,"chose_seed":false,"campfire_upgraded":0,"win_rate":0.0,"timestamp":1607781511,"path_taken":["M","M","$","?","?","R","M","?","T","M","$","E","R","M","R","BOSS"],"items_purchased_type":["Relic"],"build_version":"2020-11-30","purchased_purges":2,"victory":false,"max_hp_per_floor":[64,64,64,64,64,64,64,64,64,64,64,64,64,64,64,64,64],"card_choices":[{"not_picked":["Aggregate","Stack"],"picked":"Compile Driver","floor":1},{"not_picked":["Stack","Conserve Battery"],"picked":"Genetic Algorithm","floor":2},{"not_picked":["Compile Driver","Buffer"],"picked":"Sweeping Beam","floor":7},{"not_picked":["Fusion","Gash"],"picked":"Go for the Eyes","floor":10},{"not_picked":["Barrage","Sweeping Beam"],"picked":"All For One","floor":12},{"not_picked":["Undo","Chill"],"picked":"Double Energy","floor":14}],"player_experience":225108,"relics_obtained":[{"floor":9,"key":"White Beast Statue"},{"floor":12,"key":"Centennial Puzzle"}],"event_choices":[{"damage_healed":0,"gold_gain":0,"player_choice":"Box","damage_taken":0,"relics_obtained":["Lantern"],"max_hp_gain":0,"max_hp_loss":0,"event_name":"Big Fish","floor":4,"gold_loss":0,"cards_obtained":["Regret"]},{"damage_healed":0,"gold_gain":75,"player_choice":"Gather Gold","damage_taken":11,"max_hp_gain":0,"max_hp_loss":0,"event_name":"World of Goop","floor":5,"gold_loss":0},{"cards_removed":["Regret"],"damage_healed":0,"gold_gain":0,"player_choice":"Forget","damage_taken":0,"max_hp_gain":0,"max_hp_loss":0,"event_name":"Living Wall","floor":8,"gold_loss":0}],"is_beta":false,"boss_relics":[],"items_purged_floors":[3,11],"is_endless":false,"potions_floor_spawned":[1,10,12,14],"killed_by":"Hexaghost","ascension_level":16}}