{"host":"2ttsipbxjlhedj1t","time":1607731782,"event":{"mods":["2.2 Compatiblity","Act Like it!","BaseMod","Better Altar","Better Note","Better Sensory Stone","Better Skull","Better Third Choice","Colored Map","Colored Powertips","Hermit","Highlight Path","Minty Spire (QoL Compilation)","Quick Restart","Shop Mod","StSLib","The Blue Laboratory","The Disciple"],"gold_per_floor":[218,232,232,2,21,21,51,51,96,96,96,121,121,139,139,239,239,250,265,111,131,150,150,163,163,163],"floor_reached":0,"playtime":0,"items_purged":[],"score":0,"play_id":"162bb7a4-d24a-4eea-8475-099a5ba49a75","local_time":"20201211190942","is_ascension_mode":true,"campfire_choices":[{"data":"Creative AI","floor":6,"key":"SMITH"},{"data":"Zap","floor":10,"key":"SMITH"},{"data":"Dualcast","floor":13,"key":"SMITH"},{"floor":15,"key":"REST"},{"data":"Fission","floor":23,"key":"SMITH"}],"circlet_count":0,"master_deck":["Strike_B","Strike_B","Strike_B","Strike_B","Defend_B","Defend_B","Defend_B","Defend_B","Zap+1","Dualcast+1","FTL","Die Die Die","Creative AI+1","Panacea","Fission+1","Core Surge","Die Die Die","BootSequence+1","Darkness","Multi-Cast"],"relics":["Cracked Core","Membership Card","MerchantsRug","Odd Mushroom","Bronze Scales","Nuclear Battery","Calipers","DollysMirror"],"acts_visited":["Exordium","TheCity"],"potions_floor_usage":[7,21,21],"damage_taken":[{"damage":1,"enemies":"Jaw Worm","floor":1,"turns":4},{"damage":7,"enemies":"Small Slimes","floor":2,"turns":2},{"damage":1,"enemies":"2 Louse","floor":5,"turns":2},{"damage":9,"enemies":"The Mushroom Lair","floor":7,"turns":3},{"damage":40,"enemies":"3 Sentries","floor":12,"turns":5},{"damage":16,"enemies":"Large Slime","floor":14,"turns":5},{"damage":33,"enemies":"Hexaghost","floor":16,"turns":9},{"damage":4,"enemies":"Chosen","floor":18,"turns":4},{"damage":18,"enemies":"Shell Parasite","floor":19,"turns":4},{"damage":12,"enemies":"Sentry and Sphere","floor":21,"turns":3},{"damage":4,"enemies":"Cultist and Chosen","floor":22,"turns":5},{"damage":31,"enemies":"Snecko","floor":24,"turns":5},{"damage":6,"enemies":"Sentry and Sphere","floor":25,"turns":3}],"seed_played":"-6511966321924319208","potions_obtained":[{"floor":5,"key":"blueLaboratory:FruitPunch"},{"floor":12,"key":"blueLaboratory:SystemWipe"},{"floor":14,"key":"Weak Potion"},{"floor":19,"key":"blueLaboratory:FruitPunch"},{"floor":21,"key":"Strength Potion"}],"is_trial":false,"path_per_floor":["M","M","?","$","M","R","?","?","T","R","?","E","R","M","R","B",null,"M","M","$","M","M","R","M","M"],"character_chosen":"DEFECT","items_purchased":["Membership Card","MerchantsRug","Creative AI","Calipers","DollysMirror"],"campfire_rested":1,"item_purchase_floors":[4,4,4,20,20],"current_hp_per_floor":[74,67,58,58,57,57,50,50,50,50,77,37,37,21,44,11,77,73,55,55,45,41,41,10,4,4],"gold":163,"neow_bonus":"HUNDRED_GOLD","is_daily":false,"chose_seed":false,"campfire_upgraded":4,"win_rate":0.0,"timestamp":1607731782,"path_taken":["M","M","?","$","M","R","?","?","T","R","?","E","R","M","R","BOSS","M","M","$","?","M","R","M","M"],"items_purchased_type":["Relic","Relic","Card","Relic","Relic"],"build_version":"2020-11-30","purchased_purges":0,"victory":false,"max_hp_per_floor":[75,75,75,75,75,75,77,77,77,77,77,77,77,77,77,77,77,77,77,77,79,79,79,79,79,79],"card_choices":[{"not_picked":["Redo","Compile Driver"],"picked":"FTL","floor":1},{"not_picked":["Go for the Eyes","Ball Lightning","Beam Cell"],"picked":"SKIP","floor":2},{"not_picked":["Loop","Hologram","Ball Lightning"],"picked":"SKIP","floor":5},{"not_picked":["Gash","Barrage"],"picked":"Force Field","floor":7},{"not_picked":["Sadistic Nature","Finesse"],"picked":"Panacea","floor":8},{"not_picked":["Turbo","Leap"],"picked":"Fission","floor":12},{"not_picked":["Barrage","Beam Cell","Static Discharge"],"picked":"SKIP","floor":14},{"not_picked":["Creative AI","Biased Cognition"],"picked":"Core Surge","floor":16},{"not_picked":["Barrage","Leap+1","Beam Cell"],"picked":"SKIP","floor":18},{"not_picked":["Consume","Leap","Conserve Battery"],"picked":"SKIP","floor":19},{"not_picked":["Rebound","Lockon"],"picked":"BootSequence+1","floor":21},{"not_picked":["Stack","Streamline"],"picked":"Darkness","floor":22},{"not_picked":["Sunder","Go for the Eyes"],"picked":"Multi-Cast","floor":24}],"player_experience":356586,"relics_obtained":[{"floor":7,"key":"Odd Mushroom"},{"floor":9,"key":"Bronze Scales"},{"floor":12,"key":"Pocketwatch"}],"event_choices":[{"damage_healed":0,"gold_gain":0,"player_choice":"Fought Mushrooms","damage_taken":0,"max_hp_gain":0,"max_hp_loss":0,"event_name":"Mushrooms","floor":7,"gold_loss":0},{"damage_healed":0,"gold_gain":1,"player_choice":"1","damage_taken":0,"max_hp_gain":0,"max_hp_loss":0,"event_name":"betterStone:BetterStone","floor":8,"gold_loss":0},{"cards_removed":["Force Field"],"damage_healed":27,"gold_gain":0,"player_choice":"Offered Uncommon","damage_taken":0,"max_hp_gain":0,"max_hp_loss":0,"event_name":"Bonfire Elementals","floor":11,"gold_loss":0}],"is_beta":false,"boss_relics":[{"not_picked":["Runic Pyramid","SacredBark"],"picked":"Nuclear Battery"}],"items_purged_floors":[],"is_endless":false,"potions_floor_spawned":[5,12,14,19,21],"killed_by":"Sentry and Sphere","ascension_level":4}}