{"host":"hfvpa4llnnjpeawn","time":1607731459,"event":{"mods":["2.2 Compatiblity","Act Like it!","BaseMod","Better Skull","Better Third Choice","BetterRewards","CapriCore","Conspire","Downfall","Elementarium","GungeonMod","Hermit","Hubris","Koishi","Lobotomy","Mad Scientist","Minty Spire (QoL Compilation)","Replay The Spire","Shade Mod","Somnambulant","StSLib","The Bladedancer","The Factory","The Jungle","Waifu the Spire"],"gold_per_floor":[117,117,147,147,157,157,157],"floor_reached":6,"playtime":298,"items_purged":[],"score":34,"play_id":"98da31a3-9a6d-4dc4-973c-5f02f94e24c0","local_time":"20201211190419","is_ascension_mode":false,"campfire_choices":[],"circlet_count":0,"master_deck":["Strike_B","Strike_B","Strike_B","Strike_B","Defend_B","Defend_B","Defend_B","Defend_B","Zap","Dualcast+1","Leap","Flechettes+1","Go for the Eyes","BasicCrystalCard"],"relics":["Cracked Core","ReplayTheSpireMod:Lightbulb","Boot","MealTicket"],"acts_visited":["Exordium"],"potions_floor_usage":[],"damage_taken":[{"damage":0,"enemies":"2 Louse","floor":1,"turns":3},{"damage":11,"enemies":"conspire:MimicChest","floor":3,"turns":5},{"damage":2,"enemies":"Jaw Worm","floor":5,"turns":2},{"damage":43,"enemies":"3 Sentries","floor":6,"turns":6}],"seed_played":"-6617784686184356103","potions_obtained":[],"is_trial":false,"path_per_floor":["M","?","?","?","M","E"],"character_chosen":"DEFECT","items_purchased":[],"campfire_rested":0,"item_purchase_floors":[],"current_hp_per_floor":[75,55,44,44,42,0,0],"gold":157,"neow_bonus":"RANDOM_COMMON_RELIC","is_daily":false,"chose_seed":false,"campfire_upgraded":0,"win_rate":0.0,"timestamp":1607731459,"path_taken":["M","?","?","?","?","E"],"items_purchased_type":[],"build_version":"2020-11-30","purchased_purges":0,"victory":false,"max_hp_per_floor":[75,75,75,75,75,75,75],"card_choices":[{"not_picked":["Streamline","Sweeping Beam"],"picked":"Leap","floor":1},{"not_picked":["Barrage","Streamline"],"picked":"Go for the Eyes","floor":3},{"not_picked":["ReplaySort","Conserve Battery"],"picked":"BasicCrystalCard","floor":5}],"player_experience":163729,"relics_obtained":[{"floor":3,"key":"MealTicket"}],"event_choices":[{"damage_healed":0,"gold_gain":0,"player_choice":"Upgraded","damage_taken":0,"max_hp_gain":0,"max_hp_loss":0,"event_name":"Upgrade Shrine","floor":4,"gold_loss":0,"cards_upgraded":["Dualcast"]}],"is_beta":false,"boss_relics":[],"items_purged_floors":[],"is_endless":false,"potions_floor_spawned":[],"killed_by":"3 Sentries","ascension_level":0}}