{"host":"nh1tx9wty0m9wedw","time":1607802477,"event":{"mods":["BaseMod","Colored Map","Colored Powertips","Minty Spire (QoL Compilation)"],"gold_per_floor":[110,30,30,40,40,40,74,74,99,130,130,148,164,38,38,164,164,182,182,175,90,105,105,105,105],"floor_reached":24,"playtime":3033,"items_purged":["Strike_G"],"score":245,"play_id":"d6d30f9f-2cfc-4b5a-a0e3-2042aa93ed7f","local_time":"20201212204757","is_ascension_mode":true,"campfire_choices":[{"data":"Caltrops","floor":6,"key":"SMITH"},{"floor":11,"key":"REST"},{"floor":15,"key":"REST"},{"floor":23,"key":"REST"}],"circlet_count":0,"master_deck":["Strike_G","Strike_G","Strike_G","Strike_G","Defend_G","Defend_G","Defend_G","Defend_G","Defend_G","Survivor","Neutralize","Caltrops+1","Envenom+1","Outmaneuver","Noxious Fumes","Underhanded Strike+1","Catalyst","Dodge and Roll","Sucker Punch+1","Tools of the Trade","Sucker Punch+1","Blade Dance","Flying Knee+1"],"relics":["Ring of the Snake","Lantern","Golden Idol","Molten Egg 2","Art of War","HornCleat","SacredBark","Boot"],"acts_visited":["Exordium","TheCity"],"potions_floor_usage":[7,10,16,20],"damage_taken":[{"damage":1,"enemies":"Cultist","floor":1,"turns":3},{"damage":0,"enemies":"Jaw Worm","floor":4,"turns":3},{"damage":34,"enemies":"Gremlin Nob","floor":7,"turns":6},{"damage":17,"enemies":"Lagavulin","floor":10,"turns":6},{"damage":1,"enemies":"2 Louse","floor":12,"turns":3},{"damage":0,"enemies":"Looter","floor":13,"turns":3},{"damage":36,"enemies":"Slime Boss","floor":16,"turns":12},{"damage":6,"enemies":"Shell Parasite","floor":18,"turns":7},{"damage":2,"enemies":"2 Thieves","floor":20,"turns":4},{"damage":30,"enemies":"Centurion and Healer","floor":22,"turns":8},{"damage":55,"enemies":"Gremlin Leader","floor":24,"turns":4}],"seed_played":"-7498652292039643984","potions_obtained":[{"floor":1,"key":"SkillPotion"},{"floor":7,"key":"Fire Potion"},{"floor":13,"key":"SkillPotion"},{"floor":16,"key":"Dexterity Potion"}],"is_trial":false,"path_per_floor":["M","$","?","M","?","R","E","?","T","E","R","M","M","$","R","B",null,"M","?","M","?","M","R","E"],"character_chosen":"THE_SILENT","items_purchased":["Envenom","Sucker Punch+1"],"campfire_rested":3,"item_purchase_floors":[2,14],"current_hp_per_floor":[69,69,69,69,52,52,18,41,41,24,45,44,44,44,65,29,70,64,64,62,62,32,53,0,0],"gold":105,"neow_bonus":"RANDOM_COMMON_RELIC","is_daily":false,"chose_seed":false,"campfire_upgraded":1,"win_rate":0.0,"timestamp":1607802477,"path_taken":["M","$","?","M","?","R","E","?","T","E","R","M","M","$","R","BOSS","M","?","M","?","M","R","E"],"items_purchased_type":["Card","Card"],"build_version":"2020-11-30","purchased_purges":1,"victory":false,"max_hp_per_floor":[70,70,70,70,70,70,70,70,70,70,70,70,70,70,70,70,70,70,70,70,70,70,70,70,70],"card_choices":[{"not_picked":["Blade Dance","Deflect"],"picked":"Caltrops","floor":1},{"not_picked":["Well Laid Plans","Bouncing Flask"],"picked":"Outmaneuver","floor":4},{"not_picked":["Bane+1","Slice+1"],"picked":"Noxious Fumes","floor":7},{"not_picked":["PiercingWail","Setup"],"picked":"Underhanded Strike+1","floor":10},{"not_picked":["Masterful Stab+1","Calculated Gamble"],"picked":"Catalyst","floor":12},{"not_picked":["Doppelganger","Prepared"],"picked":"Dodge and Roll","floor":13},{"not_picked":["Malaise","Storm of Steel"],"picked":"Tools of the Trade","floor":16},{"not_picked":["Deflect","Accuracy"],"picked":"Sucker Punch+1","floor":18},{"not_picked":["Deadly Poison","Quick Slash+1"],"picked":"Blade Dance","floor":20},{"not_picked":["Well Laid Plans","PiercingWail"],"picked":"Flying Knee+1","floor":22}],"player_experience":505013,"relics_obtained":[{"floor":7,"key":"Molten Egg 2"},{"floor":9,"key":"Art of War"},{"floor":10,"key":"HornCleat"}],"event_choices":[{"damage_healed":0,"gold_gain":0,"player_choice":"Grow","damage_taken":0,"max_hp_gain":0,"max_hp_loss":0,"event_name":"Living Wall","floor":3,"gold_loss":0,"cards_upgraded":["Envenom"]},{"damage_healed":0,"gold_gain":0,"player_choice":"Take Damage","damage_taken":17,"relics_obtained":["Golden Idol"],"max_hp_gain":0,"max_hp_loss":0,"event_name":"Golden Idol","floor":5,"gold_loss":0},{"damage_healed":23,"gold_gain":0,"player_choice":"Banana","damage_taken":0,"max_hp_gain":0,"max_hp_loss":0,"event_name":"Big Fish","floor":8,"gold_loss":0},{"damage_healed":0,"gold_gain":0,"player_choice":"Ignored","damage_taken":0,"max_hp_gain":0,"max_hp_loss":0,"event_name":"Ghosts","floor":19,"gold_loss":0},{"damage_healed":0,"gold_gain":0,"player_choice":"Obtained Relic","damage_taken":0,"relics_obtained":["Boot"],"max_hp_gain":0,"max_hp_loss":0,"event_name":"Addict","floor":21,"gold_loss":85}],"is_beta":false,"boss_relics":[{"not_picked":["Sozu","Coffee Dripper"],"picked":"SacredBark"}],"items_purged_floors":[14],"is_endless":false,"potions_floor_spawned":[1,7,13,16],"killed_by":"Gremlin Leader","ascension_level":4}}