{"host":"i9wanet4r0ff4t9y","time":1607780697,"event":{"mods":["2.2 Compatiblity","Act Like it!","BaseMod","Better Altar","Better Match","Better Note","Better Sensory Stone","Better Skull","Better Third Choice","Better Vampires","BetterRewards","CapriCore","Downfall","Minty Spire (QoL Compilation)","READ ME - Guardian Mod","READ ME - Snecko Mod","Relic Stats","Replay The Spire","Spicy Shops","StSLib","The Disciple","Waifu the Spire"],"gold_per_floor":[112,112,112,130,150,183,203,203,276,19,89,116,126,157,157,259,259,270,270,270,287,287,313,253,264,264,276,296,296,311,331,331,436,436,455,455,11,11,24,50,63,63,63,63,93,93,110,130,130,130,130,130,4,38,38],"floor_reached":54,"playtime":7642,"items_purged":[],"score":939,"play_id":"ea4f3703-3895-49bb-9d84-e315252a1b03","local_time":"20201212144457","is_ascension_mode":false,"campfire_choices":[{"floor":8.0,"key":"RECALL"},{"data":"Seeing Red","floor":15.0,"key":"SMITH"},{"data":"Eclipse","floor":29.0,"key":"SMITH"},{"data":"Offering","floor":32.0,"key":"SMITH"},{"floor":42.0,"key":"DIG"},{"floor":46.0,"key":"DIG"},{"floor":49.0,"key":"DIG"},{"floor":52.0,"key":"DIG"}],"circlet_count":0,"master_deck":["Strike_R+1","Strike_R+1","Strike_R+1","Strike_R+1","Strike_R+1","Defend_R+1","Defend_R+1","Defend_R+1","Defend_R+1","Bash","Shrug It Off+1","ReplayTheSpireMod:Limb From Limb","Entrench","Seeing Red+1","Rage","Cleave","Offering+1","Sever Soul","Metallicize","Double Tap","Disarm","Shrug It Off+1","Life Link","Rampage","Eclipse+1","Cleave+1","Heavy Blade+1","Twin Strike","Hemogenesis","Decay","Writhe","Pain","Cleave+1","Spreading Infection","Armaments+1","Hemogenesis","Whirlwind+1","Intimidate+1","ReplayReversal+1","Berserk","Run Through","Parasite","Dropkick","Rupture","Replay:SS_hec_4","ReplayTheSpireMod:Stacked+1"],"relics":["Burning Blood","Toolbox","Magic Flower","Sundial","Replay:Wax Seal","Replay:WaspNest","Calipers","Iron Hammer","Kunai","FossilizedHelix","Happy Flower","Mark of Pain","Bloody Idol","Blood Vial","Paper Frog","Bottled Flame","Replay:Ancient Bell","Lantern","Shuriken","Shovel","ReplayTheSpireMod:Ring of Addiction","Ring of Misfortune","Potion Belt","White Beast Statue","Toxic Egg 2","Gremlin Food","Art of War","Quantum Egg","Nunchaku","Red Skull","Chameleon Ring","HornCleat","Onion Ring"],"acts_visited":["Exordium","TheCity","TheBeyond","TheEnding"],"potions_floor_usage":[54],"damage_taken":[{"damage":7.0,"enemies":"Small Slimes","floor":1.0,"turns":4.0},{"damage":6.0,"enemies":"Jaw Worm","floor":4.0,"turns":2.0},{"damage":1.0,"enemies":"Cultist","floor":5.0,"turns":4.0},{"damage":13.0,"enemies":"Lagavulin","floor":6.0,"turns":7.0},{"damage":2.0,"enemies":"Large Slime","floor":7.0,"turns":4.0},{"damage":1.0,"enemies":"Replay:BlueRogue","floor":12.0,"turns":4.0},{"damage":4.0,"enemies":"Exordium Wildlife","floor":13.0,"turns":3.0},{"damage":6.0,"enemies":"Lagavulin","floor":14.0,"turns":8.0},{"damage":19.0,"enemies":"Slime Boss","floor":16.0,"turns":13.0},{"damage":8.0,"enemies":"3 Byrds","floor":18.0,"turns":4.0},{"damage":0.0,"enemies":"Shell Parasite","floor":21.0,"turns":5.0},{"damage":14.0,"enemies":"Gremlin Leader","floor":23.0,"turns":5.0},{"damage":0.0,"enemies":"Snecko","floor":25.0,"turns":5.0},{"damage":8.0,"enemies":"Snake Plant","floor":27.0,"turns":4.0},{"damage":12.0,"enemies":"Centurion and Healer","floor":28.0,"turns":9.0},{"damage":0.0,"enemies":"Sentry and Sphere","floor":30.0,"turns":3.0},{"damage":12.0,"enemies":"3 Cultists","floor":31.0,"turns":3.0},{"damage":11.0,"enemies":"Collector","floor":33.0,"turns":12.0},{"damage":6.0,"enemies":"3 Shapes","floor":35.0,"turns":4.0},{"damage":0.0,"enemies":"Orb Walker","floor":39.0,"turns":3.0},{"damage":0.0,"enemies":"R_Hoarder","floor":40.0,"turns":8.0},{"damage":0.0,"enemies":"Jaw Worm Horde","floor":41.0,"turns":6.0},{"damage":54.0,"enemies":"Giant Head","floor":45.0,"turns":11.0},{"damage":0.0,"enemies":"Spire Growth","floor":47.0,"turns":6.0},{"damage":6.0,"enemies":"Writhing Mass","floor":48.0,"turns":5.0},{"damage":35.0,"enemies":"Replay:Hell Engine","floor":50.0,"turns":13.0},{"damage":58,"enemies":"Shield and Spear","floor":54,"turns":6}],"seed_played":"4947144372156156096","potions_obtained":[{"floor":1.0,"key":"FairyPotion"},{"floor":4.0,"key":"Swift Potion"},{"floor":5.0,"key":"Swift Potion"},{"floor":12.0,"key":"Dexterity Potion"},{"floor":14.0,"key":"GamblersBrew"},{"floor":18.0,"key":"Death Potion"},{"floor":28.0,"key":"SpeedPotion"},{"floor":31.0,"key":"EntropicBrew"},{"floor":33.0,"key":"Reflective Coating"},{"floor":35.0,"key":"FairyPotion"},{"floor":36.0,"key":"Ancient Potion"},{"floor":36.0,"key":"Energy Potion"},{"floor":36.0,"key":"DistilledChaos"},{"floor":39.0,"key":"Dexterity Potion"},{"floor":40.0,"key":"BlessingOfTheForge"},{"floor":41.0,"key":"FearPotion"},{"floor":45.0,"key":"Block Potion"},{"floor":48.0,"key":"Fruit Juice"},{"floor":54,"key":"DistilledChaos"}],"is_trial":false,"path_per_floor":["M","?","T","M","M","E","M","R","T","$","?","E","M","E","R","B",null,"M","?","?","M","?","E","?","M","T","M","M","R","M","M","R","B",null,"M","?","$","?","M","E","M","R","T","$","E","R","M","M","R","B",null,"R","$","E"],"character_chosen":"IRONCLAD","items_purchased":["Toolbox","Shrug It Off+1","Sundial","Kunai","Toxic Egg 2","Gremlin Food","Armaments+1","Rupture","Replay:SS_hec_4"],"campfire_rested":0,"item_purchase_floors":[0,0,0,10,37,37,37,53,53],"current_hp_per_floor":[52,52,52,55,63,59,66,66,66,66,66,74,79,80,80,70,80,80,80,80,80,19,22,22,39,39,48,77,77,80,80,80,80,80,80,80,80,80,80,80,80,80,80,80,46,46,71,78,78,70,85,85,85,55,55],"gold":38,"neow_bonus":"","is_daily":false,"chose_seed":false,"campfire_upgraded":3,"win_rate":0.0,"timestamp":1607780697,"path_taken":["M","?","?","M","M","E","?","R","T","$","?","E","M","E","R","BOSS","M","?","?","M","?","E","?","M","T","M","M","R","M","M","R","BOSS","M","?","$","?","M","E","M","R","T","$","E","R","?","M","R","BOSS","R","$","E"],"items_purchased_type":["Relic","Card","Relic","Relic","Relic","Relic","Card","Card","Card"],"build_version":"2020-11-30","purchased_purges":0,"victory":false,"max_hp_per_floor":[80,80,80,80,80,80,80,80,80,80,80,80,80,80,80,80,80,80,80,80,80,80,80,80,80,80,80,80,80,80,80,80,80,80,80,80,80,80,80,80,80,80,80,80,78,78,78,78,78,85,85,85,85,85,85],"relic_stats":{"Happy Flower":[41],"counters":[55,286],"Magic Flower":[90],"Burning Blood":329,"Blood Vial":21,"Nunchaku":[6],"Shovel":4,"Sundial":[16],"Shuriken":[19],"Bloody Idol":40,"Art of War":[2],"Kunai":[49],"obtain_stats":[{"Calipers":6,"Nilry\u0027s Codex":22,"Vajra":8,"Blood Vial":22,"Lizard Tail":42,"HornCleat":52,"FaceOfCleric":13,"Sundial":17,"MealTicket":26,"Prayer Wheel":40,"Iron Hammer":9,"Kunai":10,"Toxic Egg 2":36,"Replay:Wax Seal":0,"Happy Flower":14,"Dead Branch":17,"ReplayTheSpireMod:Ring of Addiction":36,"Replay:Ancient Bell":34,"Bottled Flame":26,"Shuriken":34,"Bird Faced Urn":9,"Molten Egg 2":43,"Onion Ring":54,"Mark of Pain":17,"Regal Pillow":24,"Lantern":34,"Magic Flower":0,"Cursed Key":34,"Burning Blood":0,"Nunchaku":45,"Shovel":34,"Chameleon Ring":49,"Toolbox":0,"Red Mask":41,"Chemical X":21,"Red Skull":17,"Paper Frog":23,"Potion Belt":36,"Gremlin Food":37,"Quantum Egg":42,"Replay:WaspNest":3,"Odd Mushroom":12,"White Beast Statue":36,"Calling Bell":17,"CaptainsWheel":0,"Bloody Idol":22,"Ring of Misfortune":36,"Art of War":40,"FossilizedHelix":12},{"Calipers":32,"Nilry\u0027s Codex":13,"Vajra":7,"Blood Vial":39,"Lizard Tail":24,"HornCleat":54,"FaceOfCleric":9,"Sundial":11,"MealTicket":14,"Prayer Wheel":23,"Iron Hammer":33,"Kunai":33,"Toxic Egg 2":20,"Replay:Wax Seal":28,"Happy Flower":36,"Dead Branch":11,"ReplayTheSpireMod:Ring of Addiction":47,"Replay:Ancient Bell":46,"Bottled Flame":41,"Shuriken":46,"Bird Faced Urn":7,"Molten Egg 2":24,"Onion Ring":55,"Mark of Pain":37,"Regal Pillow":14,"Lantern":46,"Magic Flower":28,"Cursed Key":19,"Burning Blood":0,"Nunchaku":51,"Shovel":46,"Chameleon Ring":53,"Toolbox":28,"Red Mask":23,"Chemical X":13,"Red Skull":11,"Paper Frog":40,"Potion Belt":47,"Gremlin Food":47,"Quantum Egg":50,"Replay:WaspNest":29,"Odd Mushroom":9,"White Beast Statue":47,"Calling Bell":11,"CaptainsWheel":0,"Bloody Idol":39,"Ring of Misfortune":47,"Art of War":49,"FossilizedHelix":34},{"Calipers":142,"Nilry\u0027s Codex":46,"Vajra":28,"Blood Vial":183,"Lizard Tail":102,"HornCleat":280,"FaceOfCleric":32,"Sundial":38,"MealTicket":52,"Prayer Wheel":101,"Iron Hammer":146,"Kunai":146,"Toxic Egg 2":85,"Replay:Wax Seal":125,"Happy Flower":161,"Dead Branch":38,"ReplayTheSpireMod:Ring of Addiction":228,"Replay:Ancient Bell":224,"Bottled Flame":193,"Shuriken":224,"Bird Faced Urn":28,"Molten Egg 2":102,"Onion Ring":286,"Mark of Pain":174,"Regal Pillow":52,"Lantern":224,"Magic Flower":125,"Cursed Key":81,"Burning Blood":0,"Nunchaku":256,"Shovel":224,"Chameleon Ring":267,"Toolbox":125,"Red Mask":101,"Chemical X":46,"Red Skull":38,"Paper Frog":188,"Potion Belt":228,"Gremlin Food":228,"Quantum Egg":245,"Replay:WaspNest":129,"Odd Mushroom":32,"White Beast Statue":228,"Calling Bell":38,"CaptainsWheel":0,"Bloody Idol":183,"Ring of Misfortune":228,"Art of War":239,"FossilizedHelix":150}]},"card_choices":[{"not_picked":["Perfected Strike","Run Through"],"picked":"Massacre","floor":1.0},{"not_picked":["Warcry","Headbutt"],"picked":"Entrench","floor":4.0},{"not_picked":["Second Wind","Abandon"],"picked":"Seeing Red","floor":5.0},{"not_picked":["Armaments","Shrug It Off"],"picked":"Rage","floor":6.0},{"not_picked":["Twin Strike","Body Slam"],"picked":"Cleave","floor":7.0},{"not_picked":["Fire Breathing","Clothesline"],"picked":"Offering","floor":12.0},{"not_picked":["Headbutt","Flex"],"picked":"Sever Soul","floor":13.0},{"not_picked":["Heavy Blade","Bloodletting"],"picked":"Metallicize","floor":14.0},{"not_picked":["Fiend Fire","Corruption"],"picked":"Double Tap","floor":16.0},{"not_picked":["Anger+1","Rage"],"picked":"Disarm","floor":18.0},{"not_picked":["Warcry+1","Pommel Strike"],"picked":"Shrug It Off+1","floor":21.0},{"not_picked":["Wild Strike","ReplayTheSpireMod:Muscle Training"],"picked":"Life Link","floor":23.0},{"not_picked":["Twin Strike","True Grit"],"picked":"Rampage","floor":25.0},{"not_picked":["ReplayTheSpireMod:Muscle Training","Reckless Charge+1"],"picked":"Eclipse","floor":27.0},{"not_picked":["Warcry","Abandon"],"picked":"Cleave+1","floor":28.0},{"not_picked":["Shrug It Off+1","Disarm"],"picked":"Heavy Blade+1","floor":30.0},{"not_picked":["Pommel Strike","Headbutt"],"picked":"Twin Strike","floor":31.0},{"not_picked":["Berserk","Reaper"],"picked":"Hemogenesis","floor":33.0},{"not_picked":["hexamod:Haunted","Amnesia"],"picked":"Decay","floor":34.0},{"not_picked":["Voices","hexamod:Haunted"],"picked":"Writhe","floor":34.0},{"not_picked":["Sickly","Normality"],"picked":"Pain","floor":34.0},{"not_picked":["Rage+1","Blood for Blood"],"picked":"Cleave+1","floor":35.0},{"not_picked":["Havoc+1","Hemogenesis"],"picked":"Whirlwind+1","floor":39.0},{"not_picked":["Flame Barrier+1","ReplayTheSpireMod:LeadingStrike"],"picked":"Intimidate+1","floor":40.0},{"not_picked":["Perfected Strike+1","True Grit+1"],"picked":"ReplayReversal+1","floor":41.0},{"not_picked":["Ghostly Armor+1","Twin Strike"],"picked":"Berserk","floor":45.0},{"not_picked":["Headbutt+1","ReplayTheSpireMod:Strike From Hell+1"],"picked":"Run Through","floor":47.0},{"not_picked":["Clothesline","Headbutt"],"picked":"Dropkick","floor":48.0},{"not_picked":["Thunderclap","Flex+1"],"picked":"ReplayTheSpireMod:Stacked+1","floor":54}],"player_experience":324224,"relics_obtained":[{"floor":3.0,"key":"Replay:WaspNest"},{"floor":6.0,"key":"Calipers"},{"floor":9.0,"key":"Iron Hammer"},{"floor":12.0,"key":"FossilizedHelix"},{"floor":14.0,"key":"Happy Flower"},{"floor":23.0,"key":"Paper Frog"},{"floor":26.0,"key":"Bottled Flame"},{"floor":36.0,"key":"ReplayTheSpireMod:Ring of Addiction"},{"floor":36.0,"key":"Ring of Misfortune"},{"floor":36.0,"key":"Potion Belt"},{"floor":36.0,"key":"White Beast Statue"},{"floor":40.0,"key":"Art of War"},{"floor":42.0,"key":"Quantum Egg"},{"floor":45.0,"key":"Nunchaku"},{"floor":46.0,"key":"Red Skull"},{"floor":49.0,"key":"Chameleon Ring"},{"floor":52.0,"key":"HornCleat"},{"floor":54,"key":"Onion Ring"}],"event_choices":[{"damage_healed":0.0,"max_hp_gain":0.0,"max_hp_loss":0.0,"gold_gain":0.0,"cards_transformed":["Massacre"],"event_name":"Living Wall","player_choice":"Change","floor":2.0,"gold_loss":0.0,"damage_taken":0.0,"cards_obtained":["ReplayTheSpireMod:Limb From Limb"]},{"damage_healed":0.0,"max_hp_gain":0.0,"max_hp_loss":0.0,"gold_gain":70.0,"event_name":"Golden Wing","player_choice":"Gained Gold","floor":11.0,"gold_loss":0.0,"damage_taken":0.0},{"cards_removed":["Seeing Red"],"damage_healed":0.0,"max_hp_gain":0.0,"max_hp_loss":0.0,"gold_gain":0.0,"event_name":"betterNote:BetterNote","player_choice":"Give","floor":19.0,"gold_loss":0.0,"damage_taken":0.0,"cards_obtained":["None"]},{"damage_healed":0.0,"max_hp_gain":0.0,"max_hp_loss":9.0,"gold_gain":0.0,"event_name":"betterThird:BetterWriting","player_choice":"Simplicity","floor":20.0,"gold_loss":0.0,"damage_taken":0.0},{"damage_healed":0.0,"max_hp_gain":80.0,"max_hp_loss":19.0,"gold_gain":0.0,"event_name":"betterAltar:BetterAltar","player_choice":" Idol Vial ","floor":22.0,"potions_obtained":[],"relics_lost":[],"gold_loss":0.0,"damage_taken":61.0,"relics_obtained":["Bloody Idol","Blood Vial"]},{"damage_healed":0.0,"max_hp_gain":0.0,"max_hp_loss":0.0,"gold_gain":0.0,"event_name":"Duplicator","player_choice":"Copied","floor":38.0,"gold_loss":0.0,"damage_taken":0.0,"cards_obtained":["Hemogenesis"]}],"is_beta":false,"boss_relics":[{"not_picked":["Painkiller Herb","SlaversCollar"],"picked":"Mark of Pain"},{"not_picked":["Ooze Armor","Sozu"],"picked":"Replay:Ancient Bell"},{"not_picked":["CeramicFish","Orichalcum"],"picked":"Lantern"},{"not_picked":["Self Forming Clay","InkBottle"],"picked":"Shuriken"},{"not_picked":["Replay:PocketPolymizer","Turnip"],"picked":"Shovel"}],"items_purged_floors":[],"is_endless":false,"potions_floor_spawned":[1,4,5,12,13,14,18,28,31,33,35,39,40,41,45,47,48,54],"killed_by":"Shield and Spear","ascension_level":0}}