{"host":"3a1ypf1irl30q4k8","time":1607796945,"event":{"mods":["AchievementEnabler","BaseMod","Bestiary","Colored Map","Minty Spire (QoL Compilation)","Relic Stats"],"gold_per_floor":[118,193,211,16,30,61,73,73,73],"floor_reached":8,"playtime":299,"items_purged":[],"score":81,"play_id":"d103d476-53c8-49b2-8a8e-5d55eb0aa747","local_time":"20201212181545","is_ascension_mode":true,"campfire_choices":[],"circlet_count":0,"master_deck":["Strike_B","Strike_B","Defend_B","Defend_B","Defend_B","Zap","Dualcast","Turbo+1","Skim+1","Tempest+1","Ball Lightning","Skim","Static Discharge","Redo","Double Energy"],"relics":["Astrolabe","Membership Card","Du-Vu Doll"],"acts_visited":["Exordium"],"potions_floor_usage":[],"damage_taken":[{"damage":6,"enemies":"Small Slimes","floor":1,"turns":2},{"damage":0,"enemies":"Jaw Worm","floor":3,"turns":2},{"damage":7,"enemies":"2 Louse","floor":5,"turns":2},{"damage":15,"enemies":"Lagavulin","floor":6,"turns":4},{"damage":18,"enemies":"Large Slime","floor":7,"turns":3},{"damage":15,"enemies":"3 Sentries","floor":8,"turns":2}],"seed_played":"-3474978532000156766","potions_obtained":[{"floor":5,"key":"Dexterity Potion"}],"is_trial":false,"path_per_floor":["M","?","M","$","M","E","M","E"],"character_chosen":"DEFECT","items_purchased":["Membership Card","Static Discharge"],"campfire_rested":0,"item_purchase_floors":[4,4],"current_hp_per_floor":[62,51,51,51,44,29,11,0,0],"gold":73,"neow_bonus":"BOSS_RELIC","is_daily":false,"chose_seed":false,"campfire_upgraded":0,"win_rate":0.0,"timestamp":1607796945,"path_taken":["M","?","M","$","M","E","M","E"],"items_purchased_type":["Relic","Card"],"build_version":"2020-11-30","purchased_purges":0,"victory":false,"max_hp_per_floor":[75,75,75,75,75,75,75,75,75],"relic_stats":{"counters":[6,15],"Astrolabe":["Turbo","Skim","Tempest"],"obtain_stats":[{"Du-Vu Doll":6,"Astrolabe":0,"Membership Card":4,"Cracked Core":0},{"Du-Vu Doll":4,"Astrolabe":0,"Membership Card":2,"Cracked Core":0},{"Du-Vu Doll":10,"Astrolabe":0,"Membership Card":4,"Cracked Core":0}]},"card_choices":[{"not_picked":["Cold Snap","Beam Cell"],"picked":"Ball Lightning","floor":1},{"not_picked":["Undo","Barrage"],"picked":"Skim","floor":3},{"not_picked":["Cold Snap","Compile Driver"],"picked":"Redo","floor":5},{"not_picked":["Rebound","Go for the Eyes","Skim"],"picked":"SKIP","floor":6},{"not_picked":["White Noise","Ball Lightning"],"picked":"Double Energy","floor":7}],"player_experience":826123,"relics_obtained":[{"floor":6,"key":"Du-Vu Doll"}],"event_choices":[{"damage_healed":0,"gold_gain":75,"player_choice":"Gather Gold","damage_taken":11,"max_hp_gain":0,"max_hp_loss":0,"event_name":"World of Goop","floor":2,"gold_loss":0}],"is_beta":false,"boss_relics":[],"items_purged_floors":[],"is_endless":false,"potions_floor_spawned":[5],"killed_by":"3 Sentries","ascension_level":8}}