{"host":"0eehu6qr7ow50vpe","time":1607738360,"event":{"mods":["Act Like it!","Aspiration","BaseMod","Better Third Choice","BetterRewards","Colored Powertips","Conspire","Dota2Spire","Downfall","Friendly Minions","GifTheSpireLib","Halation","Hallownest","Hermit","Hubris","Infinite Spire","Minty Spire (QoL Compilation)","Quick Restart","Replay The Spire","Retaliation","Reworked Bosses","Robot Space Explorer","Shop Mod","StSLib","Stuff the Spire","The Blue Laboratory","The Bug Knight","The Disciple","The Factory","The Hayseed","The Jungle","The Runesmith","Thieving Mod","UnlockEverythingMod","Wandering Minibosses","vexMod"],"gold_per_floor":[118,95,95,109,109,109,109,109,109,109,109,139,157,189,189,189,189],"floor_reached":16,"playtime":910,"items_purged":[],"score":111,"play_id":"19f5f670-7555-45a0-bce0-35b04b5b63ba","local_time":"20201211175920","daily_mods":["SealedDeck","Green Cards","Blue Cards","Heirloom","Elite Swarm"],"is_ascension_mode":true,"campfire_choices":[{"floor":6,"key":"REST"},{"data":"Redo","floor":8,"key":"SMITH"},{"data":"Loop","floor":10,"key":"SMITH"},{"floor":15,"key":"REST"}],"circlet_count":0,"master_deck":["Blade Dance","Cold Snap","Redo+1","Chill+1","StuffTheSpire:Python","StuffTheSpire:Python","StuffTheSpire:Plugnplay","FIFO Queue","Loop+1","Redo","Multi-Cast"],"relics":["Cracked Core","Du-Vu Doll","Carrot","conspire:Flyswatter","Lantern","StuffTheSpire:TintedRock"],"acts_visited":["Exordium"],"potions_floor_usage":[16,16,16],"damage_taken":[{"damage":19,"enemies":"Jaw Worm","floor":1,"turns":4},{"damage":0,"enemies":"Small Slimes","floor":4,"turns":4},{"damage":22,"enemies":"Gremlin Nob","floor":12,"turns":4},{"damage":0,"enemies":"2 Louse","floor":13,"turns":2},{"damage":10,"enemies":"Lagavulin","floor":14,"turns":5},{"damage":84,"enemies":"Fading Forest","floor":16,"turns":10}],"seed_played":"7293891248291963300","potions_obtained":[{"floor":4,"key":"blueLaboratory:BottleOfVodka"},{"floor":13,"key":"blueLaboratory:HummingbirdPotion"},{"floor":14,"key":"blueLaboratory:CoolantVial"}],"is_trial":true,"path_per_floor":["M","$","?","M","?","R","?","R","T","R","?","E","M","E","R","B"],"character_chosen":"DEFECT","items_purchased":["Redo"],"campfire_rested":2,"item_purchase_floors":[2],"current_hp_per_floor":[56,56,56,56,56,75,68,68,68,68,68,46,46,36,58,0,0],"gold":189,"neow_bonus":"","is_daily":false,"chose_seed":false,"campfire_upgraded":2,"win_rate":0.0,"timestamp":1607738360,"path_taken":["M","$","?","M","?","R","?","R","T","R","?","E","?","E","R","BOSS"],"items_purchased_type":["Card"],"build_version":"2020-11-30","purchased_purges":0,"victory":false,"max_hp_per_floor":[75,75,75,75,75,75,75,75,75,75,75,75,75,75,75,75,75],"card_choices":[{"not_picked":["Compile Driver","Go for the Eyes","ReplayTheSpireMod:Shiv Toss"],"picked":"SKIP","floor":1},{"not_picked":["Chaos","Dagger Throw","Double Energy"],"picked":"SKIP","floor":4},{"not_picked":["Die Die Die","StuffTheSpire:FinalStruggle","Envenom"],"picked":"SKIP","floor":12},{"not_picked":["ReplayTheSpireMod:Exploit Weakness","Static Discharge","ReplayTheSpireMod:System Scan"],"picked":"SKIP","floor":13},{"not_picked":["Thunder Strike","Envenom"],"picked":"Multi-Cast","floor":14}],"player_experience":202229,"relics_obtained":[{"floor":9,"key":"conspire:Flyswatter"},{"floor":12,"key":"Lantern"},{"floor":14,"key":"StuffTheSpire:TintedRock"}],"event_choices":[{"damage_healed":0,"gold_gain":0,"player_choice":"Grow","damage_taken":0,"max_hp_gain":0,"max_hp_loss":0,"event_name":"Living Wall","floor":3,"gold_loss":0,"cards_upgraded":["Chill"]},{"damage_healed":0,"gold_gain":0,"player_choice":"Agree","damage_taken":0,"max_hp_gain":0,"max_hp_loss":0,"event_name":"conspire:LoneGhost","floor":5,"gold_loss":0},{"damage_healed":0,"gold_gain":0,"player_choice":"Relic ","damage_taken":7,"max_hp_gain":0,"max_hp_loss":0,"event_name":"betterThird:BetterScrap","floor":7,"gold_loss":0,"cards_obtained":["DeceiveReality"]},{"cards_removed":["Coolheaded"],"damage_healed":0,"gold_gain":0,"player_choice":"Purged","damage_taken":0,"max_hp_gain":0,"max_hp_loss":0,"event_name":"Purifier","floor":11,"gold_loss":0}],"is_beta":false,"boss_relics":[],"items_purged_floors":[],"is_endless":false,"potions_floor_spawned":[4,13,14],"killed_by":"Fading Forest","ascension_level":1}}