{"host":"eyd8pf3bw1xm0qjv","time":1607792202,"event":{"mods":["AchievementEnabler","Aspiration","Bard","BaseMod","Beaked The Cultist","BetterRewards","CCEM","Challenge The Spire","Clawfect","Colored Map","Conspire","DeckTracker","Downfall","Duelist Mod","Ekko","GifTheSpireLib","Glutton Mod","Googly Eyes","Halation","Hermit","Highlight Path","Hubris","Jedi Mod","Jorbs\u0027s Wanderer Trilogy","Mad Scientist","Marisa????????","Mimic Mod","Minty Spire (QoL Compilation)","Permanent Neow","Potionbrewer","Relic Sorter","Replay The Spire","StSLib","Stuff the Spire","The Administrix","The Animator","The Blackbeard","The Bug Knight","The Construct","The Cursed","The Dragon Tamer","The Florist","The Gatherer","The Hierophant","The IronCluck","The Jungle","The Mystic","The Necromancer","The Problem Sleuth","The Runesmith","The Servant 0.9.4","The Spell Scribe","[IsaacMod]????","vexMod"],"gold_per_floor":[112,129,129,143,162,197,197,197,223,223,243,243,276,295,295,394,394,404,404,415,428,447,482,145,245,278,309,309,309,325,338,338,433,433,446,446,477,494,494,494],"floor_reached":39,"playtime":2435,"items_purged":["Strike_G"],"score":510,"play_id":"6a655582-2934-4273-a52b-90557f1f599f","local_time":"20201212115642","is_ascension_mode":false,"campfire_choices":[{"floor":8,"key":"REST"},{"floor":10,"key":"REST"},{"data":"DoctorFetus","floor":12,"key":"SMITH"},{"floor":15,"key":"REST"},{"floor":28,"key":"REST"},{"floor":32,"key":"REST"}],"circlet_count":0,"master_deck":["Strike_G","Strike_G+1","Strike_G+1","Defend_G","Defend_G","Defend_G","Defend_G+1","Defend_G","Survivor","Neutralize","DoctorFetus+1","StuffTheSpire:Python","Footwork","Hidden Blade+1","Backflip","Dagger Spray","StuffTheSpire:ClusterCrunch","Bouncing Flask","Footwork","Venomology","StuffTheSpire:Python","Flying Knee","Blur","Blade Dance+1","Replay:Bag of Tricks","Poisoned Stab+1","Deflect","Blur","Shame","ReplayTheSpireMod:Speed Training","Hidden Blade+1","A Thousand Cuts+1","Deflect+1","Hallucinations","StuffTheSpire:Incantation+1","StuffTheSpire:BrimstoneBlast+1"],"relics":["Ring of the Snake","ReplayTheSpireMod:Ring of Challenge","BookOfRevelations","HushsDoor","MoneyPower","Gremlin Food","jedi:bottledfury","Regal Pillow","Blood Vial","Bronze Scales","jedi:paperlyon","theJungle:BirthdayCake","Sundial","jedi:ghostblades","Golden Egg","theJungle:PaperFaux","jedi:battlestandard","ReplayTheSpireMod:Ring of Exchange"],"acts_visited":["Exordium","theJungle:Jungle","TheBeyond"],"potions_floor_usage":[6,18,18,20,21,22,23,26,27,30,30,30,33,33,33,33,39],"damage_taken":[{"damage":7,"enemies":"2 Louse","floor":1,"turns":3},{"damage":1,"enemies":"Cultist","floor":2,"turns":4},{"damage":0,"enemies":"conspire:RoseBush","floor":4,"turns":4},{"damage":30,"enemies":"Gremlin Gang","floor":5,"turns":3},{"damage":9,"enemies":"Lagavulin","floor":6,"turns":7},{"damage":15,"enemies":"Looter","floor":11,"turns":3},{"damage":38,"enemies":"Gremlin Nob","floor":13,"turns":5},{"damage":0,"enemies":"Large Slime","floor":14,"turns":4},{"damage":10,"enemies":"Fading Forest","floor":16,"turns":11},{"damage":14,"enemies":"Shell Parasite","floor":18,"turns":4},{"damage":24,"enemies":"theJungle:GiantWrat","floor":20,"turns":4},{"damage":13,"enemies":"theJungle:SlimyTreeVines","floor":21,"turns":5},{"damage":6,"enemies":"Snake Plant","floor":22,"turns":4},{"damage":0,"enemies":"theJungle:2_Phrogs","floor":23,"turns":10},{"damage":0,"enemies":"theJungle:Snecko_Cultist_And_Trap","floor":26,"turns":4},{"damage":42,"enemies":"theJungle:MamaSnecko","floor":27,"turns":6},{"damage":3,"enemies":"theJungle:Snecko_Cultist_And_Trap","floor":30,"turns":7},{"damage":0,"enemies":"theJungle:Lyon","floor":31,"turns":4},{"damage":67,"enemies":"theJungle:TotemBoss","floor":33,"turns":7},{"damage":2,"enemies":"Orb Walker","floor":35,"turns":4},{"damage":0,"enemies":"3 Shapes","floor":37,"turns":5},{"damage":25,"enemies":"3 Darklings","floor":38,"turns":5},{"damage":70,"enemies":"conspire:MimicChest","floor":39,"turns":1}],"seed_played":"-7696438149261950564","potions_obtained":[{"floor":4,"key":"Ancient Potion"},{"floor":5,"key":"ColorlessPotion"},{"floor":6,"key":"Strength Potion"},{"floor":16,"key":"PowerPotion"},{"floor":22,"key":"ColorlessPotion"},{"floor":23,"key":"Poison Potion"},{"floor":31,"key":"Poison Potion"}],"is_trial":false,"path_per_floor":["M","M","?","M","M","E","$","R","T","R","M","R","E","M","R","B",null,"M","?","M","M","M","E","$","?","MIM","E","R","?","M","M","R","B",null,"M","?","M","M","?"],"character_chosen":"THE_SILENT","items_purchased":["Regal Pillow","jedi:ghostblades"],"campfire_rested":5,"item_purchase_floors":[7,24],"current_hp_per_floor":[63,62,55,55,25,16,6,42,42,70,55,55,19,21,57,59,70,56,76,54,49,45,47,47,47,49,9,51,51,50,52,90,23,90,88,88,90,65,0,0],"gold":494,"neow_bonus":"RANDOM_COMMON_RELIC","is_daily":false,"chose_seed":false,"campfire_upgraded":1,"win_rate":0.0,"timestamp":1607792202,"path_taken":["M","M","?","M","?","E","?","R","T","R","?","R","E","M","R","BOSS","M","?","M","?","M","E","$","?","MIM","E","R","?","M","M","R","BOSS","M","?","M","M","?"],"items_purchased_type":["Relic","Relic"],"build_version":"2020-11-30","purchased_purges":1,"victory":false,"max_hp_per_floor":[70,70,70,70,70,70,70,70,70,70,70,70,70,70,70,70,70,70,90,90,90,90,90,90,90,90,90,90,90,90,90,90,90,90,90,90,90,90,90,90],"card_choices":[{"not_picked":[],"picked":"DoctorFetus","floor":0},{"not_picked":["Skewer","jedi:acidrain"],"picked":"StuffTheSpire:Python","floor":1},{"not_picked":["Acrobatics","Slice"],"picked":"Footwork","floor":2},{"not_picked":["Underhanded Strike","Deflect"],"picked":"Hidden Blade","floor":4},{"not_picked":["hubris:Sniper","Hidden Blade"],"picked":"Backflip","floor":5},{"not_picked":["Dagger Throw","Slice"],"picked":"Dagger Spray","floor":6},{"not_picked":["jedi:acidrain","Skewer"],"picked":"StuffTheSpire:ClusterCrunch","floor":11},{"not_picked":["Flechettes","StuffTheSpire:BumpUp"],"picked":"Bouncing Flask","floor":13},{"not_picked":["StuffTheSpire:BumpUp","Distraction"],"picked":"Footwork","floor":14},{"not_picked":["aspiration:Lunge","jedi:rejectivetoxin"],"picked":"Venomology","floor":16},{"not_picked":["hubris:Counter","conspire:PoisonWeapons+1"],"picked":"StuffTheSpire:Python","floor":18},{"not_picked":["Endless Agony","StuffTheSpire:BumpUp"],"picked":"Flying Knee","floor":20},{"not_picked":["Sucker Punch+1","Quick Slash"],"picked":"Blur","floor":21},{"not_picked":["StuffTheSpire:BumpUp","hubris:SlightOfHand"],"picked":"Blade Dance","floor":22},{"not_picked":["Acrobatics","Distraction+1"],"picked":"Replay:Bag of Tricks","floor":23},{"not_picked":["Deflect","Slice"],"picked":"Poisoned Stab+1","floor":25},{"not_picked":["jedi:pocketpoison","Catalyst+1"],"picked":"Deflect","floor":26},{"not_picked":["Backflip","Dodge and Roll+1"],"picked":"Blur","floor":27},{"not_picked":["jedi:unstablefumes","Terror"],"picked":"ReplayTheSpireMod:Speed Training","floor":30},{"not_picked":["Underhanded Strike","Glass Knife"],"picked":"Hidden Blade+1","floor":31},{"not_picked":["Corpse Explosion","aspiration:Lunge"],"picked":"A Thousand Cuts","floor":33},{"not_picked":["Quick Slash+1","Backflip+1"],"picked":"Deflect+1","floor":35},{"not_picked":["Reflex+1","StuffTheSpire:Python+1"],"picked":"StuffTheSpire:Incantation+1","floor":37},{"not_picked":["Catalyst+1","Underhanded Strike"],"picked":"StuffTheSpire:BrimstoneBlast+1","floor":38}],"player_experience":128696,"relics_obtained":[{"floor":6,"key":"jedi:bottledfury"},{"floor":9,"key":"Blood Vial"},{"floor":13,"key":"Bronze Scales"},{"floor":23,"key":"Sundial"},{"floor":26,"key":"Golden Egg"},{"floor":27,"key":"BookOfRevelations"},{"floor":36,"key":"ReplayTheSpireMod:Ring of Exchange"},{"floor":36,"key":"ReplayTheSpireMod:Ring of Challenge"}],"event_choices":[{"cards_removed":["Strike_G"],"damage_healed":0,"gold_gain":0,"player_choice":"Card Removal","damage_taken":7,"max_hp_gain":0,"max_hp_loss":0,"event_name":"Golden Wing","floor":3,"gold_loss":0}],"is_beta":false,"boss_relics":[{"not_picked":["aspiration:DefectSkillbook","vexMod:NewClearReactor"],"picked":"jedi:paperlyon"},{"not_picked":[]},{"not_picked":["Replay:Bronze Core","aspiration:RitualDagger"],"picked":"jedi:battlestandard"},{"not_picked":[]}],"items_purged_floors":[24],"is_endless":false,"potions_floor_spawned":[4,5,6,16,22,23,30,31],"killed_by":"conspire:MimicChest","ascension_level":0}}