{"host":"85dtmvttrcbdj5h5","time":1607755764,"event":{"mods":["AchievementEnabler","BaseMod","Bestiary","Colored Map","Colored Powertips","Filter the Spire","Minty Spire (QoL Compilation)","RNG Fix","Relic Stats"],"gold_per_floor":[19,32,44,62,62,62,97,97,142,142,154,174,174,174,174,276,276,288,288,288,32,46,76,76,108,108,108,138,538,538,573,573,670,670,685,685,702,91,91,91,105,105,105,115,134,134,165,180,180,180],"floor_reached":51,"playtime":4682,"items_purged":["Rupture"],"score":828,"play_id":"f0a5b91d-278c-4287-a6c4-e7fdde2db28f","local_time":"20201212014924","is_ascension_mode":false,"campfire_choices":[{"data":"Shockwave","floor":6,"key":"SMITH"},{"data":"Cleave","floor":8,"key":"SMITH"},{"data":"Headbutt","floor":10,"key":"SMITH"},{"data":"Iron Wave","floor":13,"key":"SMITH"},{"data":"Berserk","floor":15,"key":"SMITH"},{"data":"Feed","floor":24,"key":"SMITH"},{"floor":30,"key":"REST"},{"data":"Barricade","floor":32,"key":"SMITH"},{"data":"1","floor":40,"key":"LIFT"},{"data":"2","floor":42,"key":"LIFT"},{"data":"3","floor":46,"key":"LIFT"},{"floor":49,"key":"REST"}],"circlet_count":0,"master_deck":["Defend_R","Defend_R","Defend_R","Defend_R","Impervious","Cleave+1","Shockwave+1","Berserk+1","Iron Wave+1","Feed+1","Clothesline+1","Whirlwind","True Grit+1","Bite","Bite","Bite","Bite","Bite","Barricade+1","Combust","Offering+1","Power Through+1","Pummel+1","Armaments+1","Warcry+1","Headbutt+1"],"relics":["Burning Blood","TungstenRod","CaptainsWheel","Nunchaku","Juzu Bracelet","Empty Cage","Strawberry","InkBottle","Mercury Hourglass","Toxic Egg 2","Regal Pillow","Pear","Old Coin","Darkstone Periapt","Dream Catcher","Fusion Hammer","Girya","Vajra","StoneCalendar","Happy Flower"],"acts_visited":["Exordium","TheCity","TheBeyond"],"potions_floor_usage":[7,7,23,23,25,28,29,33,48,50,50,50],"damage_taken":[{"damage":6,"enemies":"Jaw Worm","floor":1,"turns":5},{"damage":5,"enemies":"Cultist","floor":2,"turns":4},{"damage":4,"enemies":"Small Slimes","floor":3,"turns":3},{"damage":1,"enemies":"Exordium Wildlife","floor":4,"turns":5},{"damage":7,"enemies":"Lagavulin","floor":7,"turns":4},{"damage":0,"enemies":"Gremlin Gang","floor":11,"turns":2},{"damage":6,"enemies":"Looter","floor":12,"turns":3},{"damage":12,"enemies":"The Guardian","floor":16,"turns":13},{"damage":2,"enemies":"Chosen","floor":18,"turns":7},{"damage":0,"enemies":"Spheric Guardian","floor":22,"turns":5},{"damage":10,"enemies":"Slavers","floor":23,"turns":4},{"damage":0,"enemies":"Gremlin Leader","floor":25,"turns":7},{"damage":51,"enemies":"Book of Stabbing","floor":28,"turns":8},{"damage":23,"enemies":"Colosseum Slavers","floor":29,"turns":4},{"damage":28,"enemies":"Colosseum Nobs","floor":29,"turns":3},{"damage":30,"enemies":"Slavers","floor":31,"turns":5},{"damage":40,"enemies":"Champ","floor":33,"turns":17},{"damage":10,"enemies":"Orb Walker","floor":35,"turns":5},{"damage":10,"enemies":"3 Darklings","floor":37,"turns":4},{"damage":4,"enemies":"4 Shapes","floor":41,"turns":4},{"damage":0,"enemies":"Transient","floor":44,"turns":5},{"damage":11,"enemies":"3 Darklings","floor":45,"turns":6},{"damage":4,"enemies":"Reptomancer","floor":47,"turns":7},{"damage":5,"enemies":"Spire Growth","floor":48,"turns":4},{"damage":12,"enemies":"Awakened One","floor":50,"turns":13}],"seed_played":"1961556989426325686","potions_obtained":[{"floor":1,"key":"Explosive Potion"},{"floor":2,"key":"Strength Potion"},{"floor":7,"key":"LiquidMemories"},{"floor":11,"key":"DistilledChaos"},{"floor":16,"key":"LiquidBronze"},{"floor":18,"key":"FearPotion"},{"floor":25,"key":"FearPotion"},{"floor":28,"key":"BlessingOfTheForge"},{"floor":31,"key":"LiquidBronze"},{"floor":33,"key":"Energy Potion"},{"floor":35,"key":"Dexterity Potion"},{"floor":48,"key":"LiquidBronze"}],"is_trial":false,"path_per_floor":["M","M","M","M","?","R","E","R","T","R","M","M","R","?","R","B",null,"M","?","?","$","M","E","R","E","T","?","E","?","R","E","R","B",null,"M","?","M","$","?","R","M","R","T","M","M","R","E","M","R","B",null],"character_chosen":"IRONCLAD","items_purchased":["InkBottle","Girya","Vajra","Power Through+1","Swift Potion"],"campfire_rested":2,"item_purchase_floors":[21,38,38,38,38],"current_hp_per_floor":[80,80,80,80,80,80,79,79,79,79,80,80,80,78,78,72,80,83,90,90,90,93,92,92,100,100,69,50,29,71,55,55,59,99,99,99,103,103,103,103,107,107,107,107,107,107,107,111,111,115],"gold":180,"neow_bonus":"ONE_RARE_RELIC","is_daily":false,"chose_seed":false,"campfire_upgraded":7,"win_rate":0.0,"timestamp":1607755764,"path_taken":["M","M","M","M","?","R","E","R","T","R","M","M","R","?","R","BOSS","M","?","?","$","M","E","R","E","T","?","E","?","R","E","R","BOSS","M","?","M","$","?","R","M","R","T","M","M","R","E","M","R","BOSS"],"items_purchased_type":["Relic","Relic","Relic","Card","Potion"],"build_version":"2020-11-30","purchased_purges":1,"victory":true,"max_hp_per_floor":[80,80,80,80,80,80,80,80,80,80,80,80,80,80,80,80,80,83,90,90,90,93,96,96,100,100,69,83,91,91,95,95,99,99,103,103,103,103,103,103,107,107,107,107,107,107,107,111,111,115],"relic_stats":{"Darkstone Periapt":0,"Regal Pillow":15,"Happy Flower":[5],"counters":[25,147],"StoneCalendar":[69],"Juzu Bracelet":1,"Burning Blood":97,"Mercury Hourglass":[418],"Nunchaku":[24],"Dream Catcher":1,"obtain_stats":[{"Darkstone Periapt":29,"Girya":38,"Regal Pillow":26,"Pear":28,"Happy Flower":47,"Vajra":38,"StoneCalendar":43,"Juzu Bracelet":14,"Empty Cage":17,"Burning Blood":0,"Mercury Hourglass":23,"Old Coin":29,"CaptainsWheel":7,"Nunchaku":9,"Dream Catcher":31,"Strawberry":19,"Fusion Hammer":34,"Toxic Egg 2":25,"TungstenRod":0,"InkBottle":21},{"Darkstone Periapt":15,"Girya":19,"Regal Pillow":12,"Pear":13,"Happy Flower":23,"Vajra":19,"StoneCalendar":20,"Juzu Bracelet":7,"Empty Cage":8,"Burning Blood":0,"Mercury Hourglass":11,"Old Coin":15,"CaptainsWheel":5,"Nunchaku":5,"Dream Catcher":16,"Strawberry":9,"Fusion Hammer":17,"Toxic Egg 2":12,"TungstenRod":0,"InkBottle":9},{"Darkstone Periapt":77,"Girya":108,"Regal Pillow":62,"Pear":70,"Happy Flower":130,"Vajra":108,"StoneCalendar":112,"Juzu Bracelet":26,"Empty Cage":39,"Burning Blood":0,"Mercury Hourglass":55,"Old Coin":77,"CaptainsWheel":21,"Nunchaku":21,"Dream Catcher":82,"Strawberry":46,"Fusion Hammer":99,"Toxic Egg 2":62,"TungstenRod":0,"InkBottle":46}],"TungstenRod":113,"InkBottle":[33]},"card_choices":[{"not_picked":["Clash","Entrench"],"picked":"Headbutt","floor":1},{"not_picked":["Infernal Blade","Iron Wave"],"picked":"Impervious","floor":2},{"not_picked":["Flex","Sword Boomerang"],"picked":"Cleave","floor":3},{"not_picked":["True Grit","Sword Boomerang"],"picked":"Shockwave","floor":4},{"not_picked":["Bloodletting","Body Slam","Uppercut"],"picked":"SKIP","floor":7},{"not_picked":["Inflame","Pommel Strike"],"picked":"Berserk","floor":11},{"not_picked":["Sword Boomerang","Clash"],"picked":"Iron Wave","floor":12},{"not_picked":["Double Tap","Fiend Fire"],"picked":"Feed","floor":16},{"not_picked":["Clothesline","Armaments","Clash"],"picked":"SKIP","floor":18},{"not_picked":["Reckless Charge+1","Sword Boomerang"],"picked":"Clothesline+1","floor":22},{"not_picked":["Clothesline+1","Metallicize"],"picked":"Whirlwind","floor":23},{"not_picked":["Clothesline","Entrench+1"],"picked":"True Grit+1","floor":25},{"not_picked":["Cleave","Metallicize+1"],"picked":"Barricade","floor":28},{"not_picked":["Shockwave+1","Armaments+1"],"picked":"Combust","floor":29},{"not_picked":["Flex+1","Clothesline"],"picked":"Rupture","floor":31},{"not_picked":["Reaper","Corruption"],"picked":"Offering+1","floor":33},{"not_picked":["Iron Wave","Infernal Blade+1","Pommel Strike+1"],"picked":"SKIP","floor":35},{"not_picked":["Thunderclap+1","Clash","Flex+1"],"picked":"SKIP","floor":37},{"not_picked":["Perfected Strike+1","Power Through+1","Rage+1"],"picked":"SKIP","floor":41},{"not_picked":["Combust","Armaments+1"],"picked":"Pummel+1","floor":44},{"not_picked":["Searing Blow","Flex+1"],"picked":"Armaments+1","floor":45},{"not_picked":["Fire Breathing+1","Thunderclap"],"picked":"Warcry+1","floor":47},{"not_picked":["Shockwave+1","Berserk"],"picked":"Headbutt+1","floor":48}],"player_experience":0,"relics_obtained":[{"floor":7,"key":"CaptainsWheel"},{"floor":9,"key":"Nunchaku"},{"floor":23,"key":"Mercury Hourglass"},{"floor":25,"key":"Toxic Egg 2"},{"floor":26,"key":"Regal Pillow"},{"floor":28,"key":"Pear"},{"floor":29,"key":"Old Coin"},{"floor":29,"key":"Darkstone Periapt"},{"floor":31,"key":"Dream Catcher"},{"floor":43,"key":"StoneCalendar"},{"floor":47,"key":"Happy Flower"}],"event_choices":[{"damage_healed":0,"gold_gain":0,"player_choice":"Ignored","damage_taken":0,"max_hp_gain":0,"max_hp_loss":0,"event_name":"Liars Game","floor":5,"gold_loss":0},{"damage_healed":0,"gold_gain":0,"player_choice":"Success","damage_taken":3,"relics_obtained":["Juzu Bracelet"],"max_hp_gain":0,"max_hp_loss":0,"event_name":"Scrap Ooze","floor":14,"gold_loss":0},{"damage_healed":0,"gold_gain":0,"player_choice":"Opened","damage_taken":0,"relics_obtained":["Strawberry"],"max_hp_gain":0,"max_hp_loss":0,"event_name":"The Mausoleum","floor":19,"gold_loss":0,"cards_obtained":["Writhe"]},{"cards_removed":["Writhe"],"damage_healed":0,"gold_gain":0,"player_choice":"Elegance","damage_taken":0,"max_hp_gain":0,"max_hp_loss":0,"event_name":"Back to Basics","floor":20,"gold_loss":0},{"damage_healed":0,"gold_gain":0,"player_choice":"Became a vampire","damage_taken":0,"max_hp_gain":0,"max_hp_loss":31,"event_name":"Vampires","floor":27,"gold_loss":0,"cards_obtained":["Bite","Bite","Bite","Bite","Bite"]},{"damage_healed":0,"gold_gain":0,"player_choice":"Fight","damage_taken":0,"max_hp_gain":0,"max_hp_loss":0,"event_name":"Colosseum","floor":29,"gold_loss":0},{"damage_healed":0,"gold_gain":0,"player_choice":"Fought Nobs","damage_taken":0,"max_hp_gain":0,"max_hp_loss":0,"event_name":"Colosseum","floor":29,"gold_loss":0},{"damage_healed":0,"gold_gain":0,"player_choice":"Ignored","damage_taken":0,"max_hp_gain":0,"max_hp_loss":0,"event_name":"NoteForYourself","floor":36,"gold_loss":0},{"cards_removed":["Headbutt"],"damage_healed":0,"gold_gain":0,"player_choice":"Removed Attack","damage_taken":0,"max_hp_gain":0,"max_hp_loss":0,"event_name":"Falling","floor":39,"gold_loss":0}],"is_beta":false,"boss_relics":[{"not_picked":["Mark of Pain","Sozu"],"picked":"Empty Cage"},{"not_picked":["Runic Cube","Black Star"],"picked":"Fusion Hammer"}],"items_purged_floors":[38],"is_endless":false,"potions_floor_spawned":[1,2,7,11,16,18,25,28,31,33,35,44,48],"ascension_level":0}}