{"host":"5gc11emcm5chfr5t","time":1607754923,"event":{"mods":["2.2 Compatiblity","AchievementEnabler","BaseMod","Bestiary","Better Note","Colored Map","Colored Powertips","Googly Eyes","Minty Spire (QoL Compilation)","Rare Cards Sparkle","StSLib"],"gold_per_floor":[112,125,125,125,136,163,163,174,174,174,188,218,230,195,195,195,195],"floor_reached":16,"playtime":771,"items_purged":[],"score":112,"play_id":"980a5183-bb28-43a3-b9cb-91e096ff4a50","local_time":"20201212013523","is_ascension_mode":false,"campfire_choices":[{"data":"Juggernaut","floor":7,"key":"SMITH"},{"floor":15,"key":"REST"}],"circlet_count":0,"master_deck":["Strike_R","Strike_R","Strike_R","Strike_R","Strike_R","Defend_R+1","Defend_R","Defend_R","Bash+1","Cleave","Pummel","Hemokinesis","Juggernaut+1","Iron Wave","Shrug It Off","Entrench","Body Slam","Perfected Strike"],"relics":["Burning Blood","Pen Nib","Mummified Hand"],"acts_visited":["Exordium"],"potions_floor_usage":[1,1,6,11,11,13],"damage_taken":[{"damage":0,"enemies":"Jaw Worm","floor":1,"turns":1},{"damage":0,"enemies":"2 Louse","floor":2,"turns":2},{"damage":6,"enemies":"Small Slimes","floor":5,"turns":3},{"damage":27,"enemies":"Lagavulin","floor":6,"turns":7},{"damage":11,"enemies":"Blue Slaver","floor":8,"turns":4},{"damage":12,"enemies":"2 Fungi Beasts","floor":11,"turns":4},{"damage":24,"enemies":"3 Sentries","floor":12,"turns":6},{"damage":2,"enemies":"Red Slaver","floor":13,"turns":2},{"damage":63,"enemies":"The Guardian","floor":16,"turns":10}],"seed_played":"-6107470185960731261","potions_obtained":[{"floor":0,"key":"Block Potion"},{"floor":0,"key":"Block Potion"},{"floor":0,"key":"AttackPotion"},{"floor":5,"key":"Swift Potion"},{"floor":6,"key":"FearPotion"},{"floor":8,"key":"SkillPotion"}],"is_trial":false,"path_per_floor":["M","M","$","?","M","E","R","M","T","?","M","E","M","?","R","B"],"character_chosen":"IRONCLAD","items_purchased":[],"campfire_rested":1,"item_purchase_floors":[],"current_hp_per_floor":[80,80,80,80,80,59,59,54,54,38,32,14,18,38,62,0,0],"gold":195,"neow_bonus":"THREE_SMALL_POTIONS","is_daily":false,"chose_seed":false,"campfire_upgraded":1,"win_rate":0.0,"timestamp":1607754923,"path_taken":["M","M","$","?","M","E","R","M","T","?","M","E","M","?","R","BOSS"],"items_purchased_type":[],"build_version":"2020-11-30","purchased_purges":0,"victory":false,"max_hp_per_floor":[80,80,80,80,80,80,80,80,80,80,80,80,80,80,80,80,80],"card_choices":[{"not_picked":["Uppercut","Clash"],"picked":"Cleave","floor":1},{"not_picked":["Dark Embrace","Metallicize"],"picked":"Pummel","floor":2},{"not_picked":["True Grit","Anger"],"picked":"Juggernaut","floor":5},{"not_picked":["Intimidate","Cleave"],"picked":"Iron Wave","floor":6},{"not_picked":["Wild Strike","Rampage"],"picked":"Shrug It Off","floor":8},{"not_picked":["Havoc","Sever Soul"],"picked":"Entrench","floor":11},{"not_picked":["Cleave","Double Tap"],"picked":"Body Slam","floor":12},{"not_picked":["Combust","Spot Weakness"],"picked":"Perfected Strike","floor":13}],"player_experience":321314,"relics_obtained":[{"floor":6,"key":"Pen Nib"},{"floor":12,"key":"Mummified Hand"}],"event_choices":[{"damage_healed":0,"gold_gain":0,"cards_transformed":["Defend_R"],"player_choice":"Change","damage_taken":0,"max_hp_gain":0,"max_hp_loss":0,"event_name":"Living Wall","floor":4,"gold_loss":0,"cards_obtained":["Hemokinesis"]},{"damage_healed":0,"gold_gain":0,"player_choice":"Entered Light","damage_taken":16,"max_hp_gain":0,"max_hp_loss":0,"event_name":"Shining Light","floor":10,"gold_loss":0,"cards_upgraded":["Defend_R","Bash"]},{"damage_healed":20,"gold_gain":0,"player_choice":"Healed","damage_taken":0,"max_hp_gain":0,"max_hp_loss":0,"event_name":"The Cleric","floor":14,"gold_loss":35}],"is_beta":false,"boss_relics":[],"items_purged_floors":[],"is_endless":false,"potions_floor_spawned":[5,6,8],"killed_by":"The Guardian","ascension_level":0}}