{"host":"9ubnrp80z7gv8v8p","time":1607769973,"event":{"mods":["AchievementEnabler","BaseMod","Better Altar","Better Match","Better Note","Better Sensory Stone","Better Skull","Better Third Choice","Better Vampires","BetterRewards","Block Reminder","Colored Map","DeckTracker","Displayed Cursed Tome","Highlight Path","Minty Spire (QoL Compilation)","Quick Restart","Rare Cards Sparkle","Relic Stats","Spire Birthday Party","StSLib","everything is the same but u backflip on backflip","slay the spire mod where everything is the same but ironclad has a cowboy hat"],"gold_per_floor":[118,118,43,43,43,43,86,101,126,126,126,26,26,42,42,171,171,190,65,65,0,12,12,12,12],"floor_reached":24,"playtime":773,"items_purged":["Strike_B","Defend_B","Defend_B"],"score":247,"play_id":"dd9c8083-575f-4c48-ba01-08c5f9107747","local_time":"20201212044613","is_ascension_mode":true,"campfire_choices":[{"data":"Defragment","floor":11,"key":"SMITH"},{"data":"Rebound","floor":13,"key":"SMITH"},{"data":"Leap","floor":15,"key":"SMITH"},{"floor":23,"key":"REST"}],"circlet_count":0,"master_deck":["Strike_B","Strike_B","Strike_B","Defend_B+1","Defend_B+1","Zap","Dualcast","Rebound+1","Defragment+1","Leap+1","Fission","Rebound+1","Doom and Gloom+1"],"relics":["Cracked Core","NeowsBlessing","Bloody Idol","Potion Belt","PreservedInsect","Symbiotic Virus","Inserter"],"acts_visited":["Exordium","TheCity"],"potions_floor_usage":[8,16,16,16,24,24,24],"damage_taken":[{"damage":0,"enemies":"2 Louse","floor":1,"turns":1},{"damage":0,"enemies":"Gremlin Nob","floor":7,"turns":1},{"damage":0,"enemies":"Jaw Worm","floor":8,"turns":1},{"damage":0,"enemies":"Small Slimes","floor":14,"turns":2},{"damage":50,"enemies":"Hexaghost","floor":16,"turns":8},{"damage":10,"enemies":"Spheric Guardian","floor":18,"turns":4},{"damage":32,"enemies":"Shell Parasite","floor":22,"turns":9},{"damage":59,"enemies":"Book of Stabbing","floor":24,"turns":7}],"seed_played":"4885696243219074651","potions_obtained":[{"floor":7,"key":"EssenceOfSteel"},{"floor":8,"key":"EntropicBrew"},{"floor":18,"key":"GamblersBrew"}],"is_trial":false,"path_per_floor":["M","?","$","?","?","$","E","M","T","T","R","$","R","M","R","B",null,"M","$","?","?","M","R","E"],"character_chosen":"DEFECT","items_purchased":[],"campfire_rested":1,"item_purchase_floors":[],"current_hp_per_floor":[75,57,57,42,67,67,67,67,67,67,67,67,67,67,67,17,75,65,65,64,64,37,59,0,0],"gold":12,"neow_bonus":"THREE_ENEMY_KILL","is_daily":false,"chose_seed":false,"campfire_upgraded":3,"win_rate":0.0,"timestamp":1607769973,"path_taken":["M","?","$","?","?","$","E","M","T","?","R","?","R","?","R","BOSS","M","$","?","?","M","R","E"],"items_purchased_type":[],"build_version":"2020-11-30","purchased_purges":3,"victory":false,"max_hp_per_floor":[75,75,75,75,75,75,75,75,75,75,75,75,75,75,75,75,75,75,75,75,75,75,75,75,75],"relic_stats":{"Inserter":[10],"counters":[8,33],"Bloody Idol":5,"PreservedInsect":41,"obtain_stats":[{"Potion Belt":7,"Inserter":17,"NeowsBlessing":0,"Golden Idol":2,"Bloody Idol":20,"PreservedInsect":9,"Cracked Core":0,"Symbiotic Virus":10},{"Potion Belt":2,"Inserter":5,"NeowsBlessing":0,"Golden Idol":1,"Bloody Idol":6,"PreservedInsect":3,"Cracked Core":0,"Symbiotic Virus":3},{"Potion Belt":2,"Inserter":13,"NeowsBlessing":0,"Golden Idol":1,"Bloody Idol":17,"PreservedInsect":3,"Cracked Core":0,"Symbiotic Virus":3}]},"card_choices":[{"not_picked":["Sweeping Beam","Rebound","Steam Power"],"picked":"SKIP","floor":1},{"not_picked":["Sweeping Beam","Steam Power"],"picked":"Rebound","floor":1},{"not_picked":["Barrage","Double Energy"],"picked":"Defragment","floor":7},{"not_picked":["Storm","Glacier","Streamline"],"picked":"SKIP","floor":8},{"not_picked":["Leap","Cold Snap","Reprogram"],"picked":"SKIP","floor":14},{"not_picked":["Cold Snap","Reprogram"],"picked":"Leap","floor":14},{"not_picked":["Meteor Strike","Core Surge"],"picked":"Fission","floor":16},{"not_picked":["FTL","Compile Driver"],"picked":"Rebound+1","floor":18},{"not_picked":["Compile Driver","Hologram"],"picked":"Doom and Gloom+1","floor":22}],"player_experience":859614,"relics_obtained":[{"floor":7,"key":"Potion Belt"},{"floor":9,"key":"PreservedInsect"},{"floor":10,"key":"Symbiotic Virus"}],"event_choices":[{"damage_healed":0,"gold_gain":0,"player_choice":"Take Damage","damage_taken":18,"relics_obtained":["Golden Idol"],"max_hp_gain":0,"max_hp_loss":0,"event_name":"Golden Idol","floor":2,"gold_loss":0},{"damage_healed":57,"gold_gain":0,"player_choice":"Upgrade","damage_taken":15,"max_hp_gain":0,"max_hp_loss":75,"event_name":"betterThird:BetterShining","floor":4,"gold_loss":0,"cards_upgraded":["Defend_B","Defend_B"]},{"damage_healed":25,"gold_gain":0,"player_choice":"Banana","damage_taken":0,"max_hp_gain":0,"max_hp_loss":0,"event_name":"Big Fish","floor":5,"gold_loss":0},{"damage_healed":0,"gold_gain":0,"player_choice":" GoldIdol ","damage_taken":1,"relics_obtained":["Bloody Idol"],"max_hp_gain":65,"max_hp_loss":64,"event_name":"betterAltar:BetterAltar","floor":20,"potions_obtained":[],"relics_lost":["Golden Idol"],"gold_loss":0},{"damage_healed":0,"gold_gain":0,"player_choice":"Paid Fearfully","damage_taken":0,"max_hp_gain":0,"max_hp_loss":0,"event_name":"Masked Bandits","floor":21,"gold_loss":65}],"is_beta":false,"boss_relics":[{"not_picked":["SlaversCollar","Pandora\u0027s Box"],"picked":"Inserter"}],"items_purged_floors":[3,12,19],"is_endless":false,"potions_floor_spawned":[7,8,18],"killed_by":"Book of Stabbing","ascension_level":3}}