{"host":"4qkvkh7pd9qr2mca","time":1607786876,"event":{"mods":["AchievementEnabler","BaseMod","Colored Map","Colored Powertips","Highlight Path","Minty Spire (QoL Compilation)","Permanent Neow","Quick Restart","StSLib","SuperFastMode"],"gold_per_floor":[362,362,372,11,11,11,30,70,82,94,94],"floor_reached":10,"playtime":306,"items_purged":["Doubt"],"score":132,"play_id":"87605614-9c07-4266-a02b-f32c55693378","local_time":"20201212162756","is_ascension_mode":true,"campfire_choices":[{"data":"Predator","floor":6.0,"key":"SMITH"}],"circlet_count":0,"master_deck":["AscendersBane","Strike_G+1","Strike_G","Strike_G","Strike_G","Strike_G","Defend_G+1","Defend_G","Defend_G","Defend_G","Defend_G+1","Survivor","Neutralize+1","Predator+1","Deflect","Well Laid Plans","Calculated Gamble","Blade Dance"],"relics":["Ring of the Snake","War Paint","Whetstone","Golden Idol","MawBank","Ornamental Fan"],"acts_visited":["Exordium"],"potions_floor_usage":[10],"damage_taken":[{"damage":12.0,"enemies":"Cultist","floor":1.0,"turns":6.0},{"damage":4.0,"enemies":"Small Slimes","floor":3.0,"turns":6.0},{"damage":0.0,"enemies":"2 Louse","floor":7.0,"turns":2.0},{"damage":20,"enemies":"3 Sentries","floor":8,"turns":11},{"damage":25,"enemies":"Gremlin Nob","floor":10,"turns":3}],"seed_played":"-6052857572083201808","potions_obtained":[{"floor":3.0,"key":"Poison Potion"}],"is_trial":false,"path_per_floor":["M","T","M","$","?","R","M","E","T","E"],"character_chosen":"THE_SILENT","items_purchased":["Well Laid Plans","Whetstone","Calculated Gamble"],"campfire_rested":0,"item_purchase_floors":[4,4,4],"current_hp_per_floor":[47,47,43,43,43,43,43,23,23,0,0],"gold":94,"neow_bonus":"TWO_FIFTY_GOLD","is_daily":false,"chose_seed":false,"campfire_upgraded":1,"win_rate":0.0,"timestamp":1607786876,"path_taken":["M","?","M","$","?","R","M","E","T","E"],"items_purchased_type":["Card","Relic","Card"],"build_version":"2020-11-30","purchased_purges":1,"victory":false,"max_hp_per_floor":[66,66,66,66,60,60,60,60,60,60,60],"card_choices":[{"not_picked":["Quick Slash","Backstab"],"picked":"Predator","floor":1.0},{"not_picked":["Dodge and Roll","Quick Slash","Deflect"],"picked":"SKIP","floor":3.0},{"not_picked":["Dodge and Roll","Quick Slash"],"picked":"Deflect","floor":3.0},{"not_picked":["PiercingWail","Tactician"],"picked":"Blade Dance","floor":7.0},{"not_picked":["Well Laid Plans","Concentrate","Predator"],"picked":"SKIP","floor":8}],"player_experience":302057,"relics_obtained":[{"floor":2.0,"key":"War Paint"},{"floor":8,"key":"MawBank"},{"floor":9,"key":"Ornamental Fan"}],"event_choices":[{"damage_healed":0.0,"max_hp_gain":0.0,"max_hp_loss":6.0,"gold_gain":0.0,"event_name":"Golden Idol","player_choice":"Lose Max HP","floor":5.0,"gold_loss":0.0,"damage_taken":0.0,"relics_obtained":["Golden Idol"]}],"is_beta":false,"boss_relics":[],"items_purged_floors":[4],"is_endless":false,"potions_floor_spawned":[3],"killed_by":"Gremlin Nob","ascension_level":20}}