{"host":"9nt1zhl3k8mtcf72","time":1607810069,"event":{"mods":["Aspiration","BaseMod","Conjunction","Conspire","Downfall","Energized Spire","Friendly Minions","GifTheSpireLib","Halation","Hubris","Minty Spire (QoL Compilation)","RRrroohrrRGHHhhh!!","RatMod","Replay The Spire","Spikes Relics","StSLib","Stuff the Spire","Trackpad","Useless Jewels Mod","Wandering Minibosses","vexMod"],"gold_per_floor":[99,49,49,49,82,4,4,4,53,100,34,173,215,129,150,258,258,108,149,68,96,132,132,132,132,167,167,167,66,66,66,79,213,213,213,213,213,330,353,353,405,439,439,439,439,439,454,201,212,238,266,286,286],"floor_reached":52,"playtime":3754,"items_purged":[],"score":695,"play_id":"3d00e604-2ab9-464b-b02e-56170acd3064","local_time":"20201212165429","is_ascension_mode":false,"campfire_choices":[{"floor":1,"key":"RECALL"},{"data":"conspire:SpireCoStock","floor":3,"key":"SMITH"},{"data":"hexamod:TimeOfNeed","floor":8,"key":"SMITH"},{"floor":18,"key":"DIG"},{"floor":25,"key":"REST"},{"floor":27,"key":"REST"},{"data":"hexamod:Toasty","floor":35,"key":"SMITH"},{"floor":40,"key":"REST"},{"floor":46,"key":"REST"}],"circlet_count":0,"master_deck":["hexamod:Defend","hexamod:Defend","hexamod:Defend","hexamod:Defend","hexamod:Sear","hexamod:Float","conspire:SpireCoStock+1","hexamod:FirstSeal","hexamod:ThirdSeal","hexamod:TimeOfNeed+1","hexamod:SuperheatedStrike","hexamod:NightmareStrike","hexamod:Hexaguard","hexamod:GhostShield","hexamod:SpectersWail","hexamod:WildfireWeapon","hexamod:SecondSeal","hexamod:NightmareGuise","hexamod:GhostLash","hexamod:Firestarter","hexamod:GhostLash","hexamod:SpectersWail","hexamod:NecessarySacrifice","hexamod:FourthSeal","hexamod:SpectersWail","hexamod:HeatMetal","hexamod:Toasty+1","hexamod:VolcanoVisage","hexamod:DynamicBlow","hexamod:GhostOfSpirePresent","hexamod:SpectralSpark+1","hexamod:FlamesFromBeyond+1","Replay:SS_fish_2","hexamod:PowerFromBeyond","hexamod:BacktrackSmack","hexamod:SpectralAdrenaline+1","hexamod:ThirdSeal","hexamod:SpectersWail","expansioncontent:AwakenDeath","Slimebound:Tackle+1","Slimebound:Tackle+1","Slimebound:Tackle+1","hexamod:Hexaguard","hexamod:FifthSeal","hexamod:Firestarter+1","hexamod:ShieldOfDarkness","Violence","hexamod:SecondSeal","hexamod:RainOfEmbers+1","hexamod:PhantomFireball+1","hexamod:SecondSeal","hexamod:SuperheatedStrike+1","hexamod:BacktrackSmack","hexamod:AdvancingGuard+1","hexamod:BurningTouch","hexamod:SecondSeal","hexamod:UnleashSpirits"],"relics":["hexamod:SpiritBrand","downfall:HeartsMalice","halation:OrihimeAndHikoboshiSamaAndTears","hexamod:MatchstickCase","Potion Belt","hubris:Backtick","hubris:64BitClover","downfall:HeartBlessingRed","downfall:HeartBlessingBlue","halation:BottledLove","trackpad:GuardianSpirit","HornCleat","hubris:Towel","trackpad:PetRock","StuffTheSpire:Tea","aspiration:PoetsPen_weak","halation:PinkSoulGem","Strawberry","trackpad:Compendium","hubris:DisguiseKit","StuffTheSpire:Gunfinga"],"acts_visited":["Exordium","TheCity","TheBeyond"],"potions_floor_usage":[11,14,14,14,33,38,38,42,42,49,52],"damage_taken":[{"damage":0,"enemies":"conspire:RoseBush","floor":4,"turns":1},{"damage":0,"enemies":"Replay:BlueRogue","floor":5,"turns":1},{"damage":0,"enemies":"downfall:FleeingMerchant","floor":6,"turns":1},{"damage":9,"enemies":"2 Louse","floor":9,"turns":4},{"damage":33,"enemies":"3 Sentries","floor":10,"turns":7},{"damage":0,"enemies":"downfall:FleeingMerchant","floor":11,"turns":4},{"damage":12,"enemies":"downfall:LadyInBlue","floor":12,"turns":5},{"damage":5,"enemies":"Jaw Worm","floor":13,"turns":3},{"damage":0,"enemies":"downfall:FleeingMerchant","floor":14,"turns":4},{"damage":2,"enemies":"Exordium Thugs","floor":15,"turns":5},{"damage":26,"enemies":"downfall:Silent","floor":16,"turns":8},{"damage":29,"enemies":"conspire:SneckoGhost","floor":19,"turns":6},{"damage":20,"enemies":"downfall:FleeingMerchant","floor":20,"turns":4},{"damage":12,"enemies":"Spheric Guardian","floor":21,"turns":4},{"damage":24,"enemies":"conspire:MimicChest","floor":22,"turns":7},{"damage":14,"enemies":"Book of Stabbing","floor":26,"turns":4},{"damage":0,"enemies":"downfall:FleeingMerchant","floor":29,"turns":4},{"damage":4,"enemies":"Chosen","floor":32,"turns":3},{"damage":68,"enemies":"downfall:Watcher","floor":33,"turns":7},{"damage":0,"enemies":"downfall:FleeingMerchant","floor":38,"turns":1},{"damage":22,"enemies":"3 Darklings","floor":39,"turns":4},{"damage":38,"enemies":"Nemesis","floor":42,"turns":4},{"damage":10,"enemies":"3 Shapes","floor":47,"turns":4},{"damage":26,"enemies":"Spire Growth","floor":49,"turns":4},{"damage":1,"enemies":"Sphere and 2 Shapes","floor":50,"turns":3},{"damage":5,"enemies":"Transient","floor":51,"turns":5},{"damage":19,"enemies":"downfall:Defect","floor":52,"turns":3}],"seed_played":"-1312188504361931968","potions_obtained":[{"floor":5,"key":"sneckomod:MuddlingPotion"},{"floor":10,"key":"LifebloodPotion"},{"floor":12,"key":"Block Potion"},{"floor":12,"key":"Fire Potion"},{"floor":12,"key":"LifebloodPotion"},{"floor":15,"key":"sneckomod:MuddlingPotion"},{"floor":15,"key":"hexamod:InfernoChargePotion"},{"floor":16,"key":"Milkshake"},{"floor":16,"key":"Block Potion"},{"floor":22,"key":"BlessingOfTheForge"},{"floor":28,"key":"CultistPotion"},{"floor":33,"key":"SteroidPotion"},{"floor":33,"key":"hexamod:EctoCoolerPotion"},{"floor":39,"key":"Energy Potion"},{"floor":39,"key":"Languid Potion"},{"floor":42,"key":"Block Potion"},{"floor":49,"key":"champ:CounterPotion"}],"is_trial":false,"path_per_floor":["R","?","R","M","E","$","T","R","M","E","$","?","M","$","M","B",null,"R","E","$","M","?","?","T","R","E","R","?","$","?","HB","M","B",null,"R","?","?","$","M","R","T","E","PTL","PTL","HB","R","M","$","M","M","M","B"],"character_chosen":"THE_SPIRIT","items_purchased":["hexamod:SuperheatedStrike","hexamod:SecondSeal","hexamod:FourthSeal","Replay:SS_fish_2","expansioncontent:AwakenDeath","hexamod:ShieldOfDarkness","Violence","hubris:DisguiseKit"],"campfire_rested":4,"item_purchase_floors":[6,11,14,20,29,38,38,48],"current_hp_per_floor":[70,70,70,70,70,70,70,70,68,42,49,44,39,46,51,32,70,80,51,31,19,36,36,36,60,46,70,70,70,70,40,36,19,40,40,40,32,32,17,29,36,14,14,14,14,21,18,18,7,14,17,0,0],"gold":286,"neow_bonus":"THREE_ENEMY_KILL","is_daily":false,"chose_seed":false,"campfire_upgraded":3,"win_rate":0.0,"timestamp":1607810069,"path_taken":["R","?","R","M","E","$","T","R","M","E","$","?","?","?","M","BOSS","R","E","$","M","?","?","T","R","E","R","?","$","?","HB","M","BOSS","R","?","?","$","?","R","T","E","PTL","PTL","HB","R","M","$","M","M","M","BOSS"],"items_purchased_type":["Card","Card","Card","Card","Card","Card","Card","Relic"],"build_version":"2020-11-30","purchased_purges":0,"victory":false,"max_hp_per_floor":[70,70,70,70,70,70,70,70,70,70,70,70,70,70,70,70,70,80,80,80,80,80,80,80,80,80,80,80,80,80,40,40,40,40,40,40,40,40,40,40,47,47,47,47,24,24,24,24,24,24,24,24,24],"card_choices":[{"not_picked":["hexamod:Again","hexamod:RetreatToShadows"],"picked":"hexamod:FirstSeal","floor":4},{"not_picked":["hexamod:NightmareGuise","hexamod:EtherealExpedition"],"picked":"hexamod:ThirdSeal","floor":5},{"not_picked":["hexamod:BacktrackSmack","hexamod:NightmareStrike"],"picked":"hexamod:TimeOfNeed","floor":6},{"not_picked":["hexamod:ShieldOfDarkness","hexamod:BacktrackSmack"],"picked":"hexamod:NightmareStrike","floor":9},{"not_picked":["hexamod:StepThrough","hexamod:NightmareStrike"],"picked":"hexamod:Hexaguard","floor":9},{"not_picked":["hexamod:Again","hexamod:SwordOfDarkness"],"picked":"hexamod:GhostShield","floor":10},{"not_picked":["hexamod:PowerFromBeyond","hexamod:NecessarySacrifice"],"picked":"hexamod:SpectersWail","floor":10},{"not_picked":["hexamod:GhostLash","hexamod:ShieldOfDarkness"],"picked":"hexamod:WildfireWeapon","floor":11},{"not_picked":["hexamod:BacktrackSmack","hexamod:SecondSeal"],"picked":"hexamod:NightmareGuise","floor":12},{"not_picked":["hexamod:SwordOfDarkness","hexamod:RainOfEmbers"],"picked":"hexamod:GhostLash","floor":12},{"not_picked":["hexamod:NightmareStrike","hexamod:SpectersWail"],"picked":"hexamod:Firestarter","floor":13},{"not_picked":["hexamod:RecurringNightmare","hexamod:BurningTouch"],"picked":"hexamod:GhostLash","floor":13},{"not_picked":["hexamod:ShieldOfDarkness","hexamod:GhostOfSpirePast"],"picked":"hexamod:SpectersWail","floor":14},{"not_picked":["hexamod:FastForward","hexamod:Again"],"picked":"hexamod:NecessarySacrifice","floor":14},{"not_picked":["hexamod:Firestarter","hexamod:BacktrackSmack"],"picked":"hexamod:SpectersWail","floor":15},{"not_picked":["hexamod:TimeWarp","hexamod:HeatCrush"],"picked":"hexamod:HeatMetal","floor":15},{"not_picked":["hexamod:UnleashSpirits","hexamod:GiftsFromTheDead"],"picked":"hexamod:Toasty","floor":16},{"not_picked":["hexamod:SearingWound","hexamod:Toasty"],"picked":"hexamod:VolcanoVisage","floor":16},{"not_picked":["hexamod:BacktrackSmack","hexamod:HeatCrush"],"picked":"hexamod:DynamicBlow","floor":19},{"not_picked":["hexamod:CatchUp","hexamod:Firestarter"],"picked":"hexamod:GhostOfSpirePresent","floor":19},{"not_picked":["hexamod:SuperheatedStrike","hexamod:HauntingEcho+1"],"picked":"hexamod:SpectralSpark+1","floor":20},{"not_picked":["hexamod:ThermalTransfer","hexamod:SecondSeal"],"picked":"hexamod:FlamesFromBeyond","floor":20},{"not_picked":["hexamod:SpectersWail","hexamod:DynamicBlow"],"picked":"hexamod:PowerFromBeyond","floor":21},{"not_picked":["hexamod:Firestarter","hexamod:SwordOfDarkness+1"],"picked":"hexamod:BacktrackSmack","floor":22},{"not_picked":["hexamod:GhostShield","hexamod:SuperheatedStrike"],"picked":"hexamod:SpectralAdrenaline+1","floor":22},{"not_picked":["hexamod:HauntingEcho+1","hexamod:NightmareGuise"],"picked":"hexamod:ThirdSeal","floor":26},{"not_picked":["hexamod:NightmareStrike","hexamod:ShieldOfDarkness"],"picked":"hexamod:SpectersWail","floor":29},{"not_picked":["hexamod:RetreatToShadows+1","hexamod:ShieldOfDarkness+1"],"picked":"hexamod:SpectersWail","floor":29},{"not_picked":["hexamod:NightmareGuise+1","hexamod:SecondSeal"],"picked":"hexamod:Hexaguard","floor":32},{"not_picked":["hexamod:WildfireWeapon","hexamod:UnleashSpirits"],"picked":"hexamod:FifthSeal","floor":33},{"not_picked":["hexamod:DynamicBlow","hexamod:FastForward+1"],"picked":"hexamod:Firestarter+1","floor":38},{"not_picked":["hexamod:FourthSeal","hexamod:FirstSeal"],"picked":"hexamod:SecondSeal","floor":39},{"not_picked":["hexamod:ChargedBarrage","hexamod:ThermalTransfer"],"picked":"hexamod:RainOfEmbers+1","floor":39},{"not_picked":["hexamod:GhostflameBarrier","hexamod:PhantomCloak"],"picked":"hexamod:PhantomFireball+1","floor":42},{"not_picked":["hexamod:ThirdSeal","hexamod:FirstSeal"],"picked":"hexamod:SecondSeal","floor":42},{"not_picked":["hexamod:Toasty","hexamod:GhostOfSpirePast+1"],"picked":"hexamod:SuperheatedStrike+1","floor":42},{"not_picked":["hexamod:NightmareStrike","hexamod:BurningTouch"],"picked":"hexamod:BacktrackSmack","floor":47},{"not_picked":["hexamod:DynamicBlow+1","hexamod:SpectralSpark"],"picked":"hexamod:AdvancingGuard+1","floor":47},{"not_picked":["hexamod:FastForward+1","hexamod:NightmareStrike+1","hexamod:NightmareGuise+1"],"picked":"SKIP","floor":47},{"not_picked":["hexamod:SuperheatedStrike","hexamod:RadiantFlame+1","champ:BerserkersShout"],"picked":"hexamod:BurningTouch","floor":49},{"not_picked":["hexamod:TurnItUp","hexamod:Firestarter","champ:FocusedGladiator"],"picked":"hexamod:SecondSeal","floor":50},{"not_picked":["hexamod:BurningTouch+1","hexamod:Hexaguard+1","champ:GutPunch"],"picked":"hexamod:UnleashSpirits","floor":51}],"player_experience":423402,"relics_obtained":[{"floor":5,"key":"halation:OrihimeAndHikoboshiSamaAndTears"},{"floor":10,"key":"hexamod:MatchstickCase"},{"floor":12,"key":"Potion Belt"},{"floor":18,"key":"halation:BottledLove"},{"floor":19,"key":"trackpad:GuardianSpirit"},{"floor":22,"key":"HornCleat"},{"floor":24,"key":"trackpad:PetRock"},{"floor":26,"key":"StuffTheSpire:Tea"},{"floor":41,"key":"Strawberry"},{"floor":42,"key":"trackpad:Compendium"},{"floor":50,"key":"StuffTheSpire:Gunfinga"}],"event_choices":[{"damage_healed":0,"gold_gain":0,"player_choice":"Invest 1","damage_taken":0,"max_hp_gain":0,"max_hp_loss":0,"event_name":"conspire:Investor","floor":2,"gold_loss":0}],"is_beta":false,"boss_relics":[{"not_picked":["energizedSpire:SpiderWeb","rorgmod:Black Star"],"picked":"hubris:Backtick"},{"not_picked":["Busted Crown","vexMod:EndlessSickness"],"picked":"aspiration:PoetsPen_weak"}],"items_purged_floors":[],"is_endless":false,"potions_floor_spawned":[5,10,15,16,26,32,33,39,49],"killed_by":"downfall:Defect","ascension_level":0}}